<?xml version="1.0" encoding="UTF-8"?>
<!DOCTYPE html PUBLIC "-//W3C//DTD XHTML 1.0 Transitional//EN"
    "http://www.w3.org/TR/xhtml1/DTD/xhtml1-transitional.dtd">
<html xmlns="http://www.w3.org/1999/xhtml" xml:lang="en" lang="en">
 <head>
  <title>
</title>
<meta http-equiv="Content-Type" content="text/html;charset=utf-8" />
  <meta name='ocr-system' content='tesseract 3.04.00' />
  <meta name='ocr-capabilities' content='ocr_page ocr_carea ocr_par ocr_line ocrx_word'/>
</head>
<body>
  <div class='ocr_page' id='page_1' title='image "./operatert12tertuoft_0161.png"; bbox 0 0 1942 3554; ppageno 0'>
   <div class='ocr_carea' id='block_1_1' title="bbox 486 117 1671 174">
    <p class='ocr_par' dir='ltr' id='par_1_1' title="bbox 486 117 1671 174">
     <span class='ocr_line' id='line_1_1' title="bbox 486 117 1671 174; baseline -0.001 -7"><span class='ocrx_word' id='word_1_1' title='bbox 486 128 982 167; x_wconf 75' lang='lat' dir='ltr'><strong>ADNA‘rloNEs</strong></span> <span class='ocrx_word' id='word_1_2' title='bbox 1018 127 1207 164; x_wconf 81' lang='lat' dir='ltr'>L18.1.</span> <span class='ocrx_word' id='word_1_3' title='bbox 1450 117 1453 122; x_wconf 80' lang='grc'><strong>’</strong></span> <span class='ocrx_word' id='word_1_4' title='bbox 1555 124 1671 174; x_wconf 75' lang='grc'><strong>149</strong></span> 
     </span>
    </p>
   </div>
   <div class='ocr_carea' id='block_1_2' title="bbox 0 264 1679 3160">
    <p class='ocr_par' dir='ltr' id='par_1_2' title="bbox 13 264 1671 672">
     <span class='ocr_line' id='line_1_2' title="bbox 25 264 1668 334; baseline -0.002 -17"><span class='ocrx_word' id='word_1_5' title='bbox 25 285 130 331; x_wconf 57' lang='lat' dir='ltr'><strong>nus</strong></span> <span class='ocrx_word' id='word_1_6' title='bbox 162 270 331 334; x_wconf 86' lang='lat' dir='ltr'><strong>igitur,</strong></span> <span class='ocrx_word' id='word_1_7' title='bbox 366 285 423 316; x_wconf 90' lang='lat' dir='ltr'><strong>an</strong></span> <span class='ocrx_word' id='word_1_8' title='bbox 442 269 518 316; x_wconf 89' lang='lat' dir='ltr'><strong>hie</strong></span> <span class='ocrx_word' id='word_1_9' title='bbox 539 285 726 333; x_wconf 91' lang='lat' dir='ltr'><strong>quoque</strong></span> <span class='ocrx_word' id='word_1_10' title='bbox 744 269 990 315; x_wconf 87' lang='lat' dir='ltr'><strong>nobiscum</strong></span> <span class='ocrx_word' id='word_1_11' title='bbox 1010 265 1447 330; x_wconf 80' lang='lat' dir='ltr'><strong>deprehendamini.</strong></span> <span class='ocrx_word' id='word_1_12' title='bbox 1497 264 1668 330; x_wconf 86' lang='lat' dir='ltr'><strong>Neque</strong></span> 
     </span>
     <span class='ocr_line' id='line_1_3' title="bbox 26 337 1671 403; baseline -0.004 -15"><span class='ocrx_word' id='word_1_13' title='bbox 26 342 153 394; x_wconf 64' lang='lat' dir='ltr'><strong>enim</strong></span> <span class='ocrx_word' id='word_1_14' title='bbox 186 343 387 388; x_wconf 91' lang='lat' dir='ltr'><strong>interest</strong></span> <span class='ocrx_word' id='word_1_15' title='bbox 419 357 508 403; x_wconf 89' lang='lat' dir='ltr'><strong>qua</strong></span> <span class='ocrx_word' id='word_1_16' title='bbox 540 340 714 396; x_wconf 85' lang='lat' dir='ltr'><strong>forma,</strong></span> <span class='ocrx_word' id='word_1_17' title='bbox 749 338 853 385; x_wconf 89' lang='lat' dir='ltr'><strong>dum</strong></span> <span class='ocrx_word' id='word_1_18' title='bbox 889 338 1119 386; x_wconf 80' lang='lat' dir='ltr'><strong>deformia</strong></span> <span class='ocrx_word' id='word_1_19' title='bbox 1144 337 1393 384; x_wconf 87' lang='lat' dir='ltr'><strong>simulacra</strong></span> <span class='ocrx_word' id='word_1_20' title='bbox 1423 338 1671 383; x_wconf 82' lang='lat' dir='ltr'><strong>curemus?</strong></span> 
     </span>
     <span class='ocr_line' id='line_1_4' title="bbox 30 406 1671 475; baseline -0.004 -16"><span class='ocrx_word' id='word_1_21' title='bbox 30 409 152 474; x_wconf 79' lang='lat' dir='ltr'><strong>Sunt</strong></span> <span class='ocrx_word' id='word_1_22' title='bbox 181 427 328 475; x_wconf 83' lang='lat' dir='ltr'><strong>penes</strong></span> <span class='ocrx_word' id='word_1_23' title='bbox 367 428 451 458; x_wconf 89' lang='lat' dir='ltr'><strong>vos</strong></span> <span class='ocrx_word' id='word_1_24' title='bbox 491 419 539 458; x_wconf 83' lang='lat' dir='ltr'><strong>et</strong></span> <span class='ocrx_word' id='word_1_25' title='bbox 579 411 745 456; x_wconf 87' lang='lat' dir='ltr'><strong>canino</strong></span> <span class='ocrx_word' id='word_1_26' title='bbox 787 410 940 471; x_wconf 88' lang='lat' dir='ltr'><strong>capite</strong></span> <span class='ocrx_word' id='word_1_27' title='bbox 980 418 1029 456; x_wconf 87' lang='lat' dir='ltr'><strong>et</strong></span> <span class='ocrx_word' id='word_1_28' title='bbox 1070 409 1259 455; x_wconf 90' lang='lat' dir='ltr'><strong>leonino</strong></span> <span class='ocrx_word' id='word_1_29' title='bbox 1293 417 1340 454; x_wconf 90' lang='lat' dir='ltr'><strong>et</strong></span> <span class='ocrx_word' id='word_1_30' title='bbox 1373 406 1432 454; x_wconf 92' lang='lat' dir='ltr'><strong>de</strong></span> <span class='ocrx_word' id='word_1_31' title='bbox 1464 406 1587 454; x_wconf 88' lang='lat' dir='ltr'><strong>bove</strong></span> <span class='ocrx_word' id='word_1_32' title='bbox 1621 416 1671 453; x_wconf 89' lang='lat' dir='ltr'><strong>et</strong></span> 
     </span>
     <span class='ocr_line' id='line_1_5' title="bbox 27 475 1671 541; baseline -0.004 -11"><span class='ocrx_word' id='word_1_33' title='bbox 27 475 91 530; x_wconf 83' lang='lat' dir='ltr'><strong>de</strong></span> <span class='ocrx_word' id='word_1_34' title='bbox 129 483 281 529; x_wconf 87' lang='lat' dir='ltr'><strong>ariete</strong></span> <span class='ocrx_word' id='word_1_35' title='bbox 323 490 372 529; x_wconf 87' lang='lat' dir='ltr'><strong>et</strong></span> <span class='ocrx_word' id='word_1_36' title='bbox 408 481 541 527; x_wconf 89' lang='lat' dir='ltr'><strong>hirco</strong></span> <span class='ocrx_word' id='word_1_37' title='bbox 583 480 766 527; x_wconf 87' lang='lat' dir='ltr'><strong>cornuti</strong></span> <span class='ocrx_word' id='word_1_38' title='bbox 808 478 895 535; x_wconf 83' lang='lat' dir='ltr'><strong>dii,</strong></span> <span class='ocrx_word' id='word_1_39' title='bbox 952 479 1239 541; x_wconf 79' lang='lat' dir='ltr'><strong>caprigenae</strong></span> <span class='ocrx_word' id='word_1_40' title='bbox 1279 479 1355 524; x_wconf 90' lang='lat' dir='ltr'><strong>vel</strong></span> <span class='ocrx_word' id='word_1_41' title='bbox 1394 478 1588 540; x_wconf 86' lang='lat' dir='ltr'><strong>anguini</strong></span> <span class='ocrx_word' id='word_1_42' title='bbox 1620 486 1671 524; x_wconf 91' lang='lat' dir='ltr'><strong>et</strong></span> 
     </span>
     <span class='ocr_line' id='line_1_6' title="bbox 28 549 1668 616; baseline -0.004 -15"><span class='ocrx_word' id='word_1_43' title='bbox 28 554 169 603; x_wconf 74' lang='lat' dir='ltr'><strong>alites</strong></span> <span class='ocrx_word' id='word_1_44' title='bbox 201 552 378 616; x_wconf 87' lang='lat' dir='ltr'><strong>planta,</strong></span> <span class='ocrx_word' id='word_1_45' title='bbox 411 551 567 597; x_wconf 87' lang='lat' dir='ltr'><strong>fronte</strong></span> <span class='ocrx_word' id='word_1_46' title='bbox 602 559 650 597; x_wconf 90' lang='lat' dir='ltr'><strong>et</strong></span> <span class='ocrx_word' id='word_1_47' title='bbox 679 558 835 612; x_wconf 84' lang='lat' dir='ltr'><strong>tergo.</strong></span> <span class='ocrx_word' id='word_1_48' title='bbox 886 549 1007 607; x_wconf 82' lang='lat' dir='ltr'><strong>Quid</strong></span> <span class='ocrx_word' id='word_1_49' title='bbox 1039 550 1197 611; x_wconf 87' lang='lat' dir='ltr'><strong>itaque</strong></span> <span class='ocrx_word' id='word_1_50' title='bbox 1238 558 1446 595; x_wconf 90' lang='lat' dir='ltr'><strong>nostrum</strong></span> <span class='ocrx_word' id='word_1_51' title='bbox 1480 549 1668 594; x_wconf 90' lang='lat' dir='ltr'><strong>unicum</strong></span> 
     </span>
     <span class='ocr_line' id='line_1_7' title="bbox 13 622 300 672; baseline -0.014 0"><span class='ocrx_word' id='word_1_52' title='bbox 13 622 300 672; x_wconf 83' lang='lat' dir='ltr'><strong>denotatis?</strong></span> 
     </span>
    </p>

    <p class='ocr_par' dir='ltr' id='par_1_3' title="bbox 0 687 1676 2382">
     <span class='ocr_line' id='line_1_8' title="bbox 176 687 1663 753; baseline -0.003 -13"><span class='ocrx_word' id='word_1_53' title='bbox 176 697 260 743; x_wconf 85' lang='lat'><strong>15.</strong></span> <span class='ocrx_word' id='word_1_54' title='bbox 346 691 510 738; x_wconf 90' lang='lat' dir='ltr'><strong>Plures</strong></span> <span class='ocrx_word' id='word_1_55' title='bbox 557 689 1036 753; x_wconf 85' lang='lat' dir='ltr'><strong>Onocoetae·penes</strong></span> <span class='ocrx_word' id='word_1_56' title='bbox 1083 705 1170 736; x_wconf 88' lang='lat' dir='ltr'><strong>vos</strong></span> <span class='ocrx_word' id='word_1_57' title='bbox 1226 687 1663 751; x_wconf 87' lang='lat' dir='ltr'><strong>deprehenduntur.</strong></span> 
     </span>
     <span class='ocr_line' id='line_1_9' title="bbox 29 759 1668 825; baseline -0.004 -13"><span class='ocrx_word' id='word_1_58' title='bbox 29 763 86 813; x_wconf 80' lang='lat' dir='ltr'><strong>Si</strong></span> <span class='ocrx_word' id='word_1_59' title='bbox 124 764 172 810; x_wconf 92' lang='lat' dir='ltr'><strong>in</strong></span> <span class='ocrx_word' id='word_1_60' title='bbox 214 761 316 810; x_wconf 88' lang='lat' dir='ltr'><strong>deis</strong></span> <span class='ocrx_word' id='word_1_61' title='bbox 355 762 641 825; x_wconf 79' lang='lat' dir='ltr'><strong>aequalitate</strong></span> <span class='ocrx_word' id='word_1_62' title='bbox 683 761 1030 818; x_wconf 81' lang='lat' dir='ltr'><strong>concurrimus,</strong></span> <span class='ocrx_word' id='word_1_63' title='bbox 1080 759 1313 823; x_wconf 84' lang='lat' dir='ltr'><strong>sequitur,</strong></span> <span class='ocrx_word' id='word_1_64' title='bbox 1353 769 1405 806; x_wconf 93' lang='lat' dir='ltr'><strong>ut</strong></span> <span class='ocrx_word' id='word_1_65' title='bbox 1442 760 1668 807; x_wconf 88' lang='lat' dir='ltr'><strong>sacrificii</strong></span> 
     </span>
     <span class='ocr_line' id='line_1_10' title="bbox 15 829 1670 896; baseline -0.004 -13"><span class='ocrx_word' id='word_1_66' title='bbox 15 835 106 884; x_wconf 49' lang='lat' dir='ltr'><strong>*vel</strong></span> <span class='ocrx_word' id='word_1_67' title='bbox 137 833 262 882; x_wconf 89' lang='lat' dir='ltr'><strong>sacri</strong></span> <span class='ocrx_word' id='word_1_68' title='bbox 294 847 480 896; x_wconf 92' lang='lat' dir='ltr'><strong>quoque</strong></span> <span class='ocrx_word' id='word_1_69' title='bbox 511 833 636 879; x_wconf 89' lang='lat' dir='ltr'><strong>inter</strong></span> <span class='ocrx_word' id='word_1_70' title='bbox 667 847 752 878; x_wconf 92' lang='lat' dir='ltr'><strong>nos</strong></span> <span class='ocrx_word' id='word_1_71' title='bbox 792 830 1041 878; x_wconf 86' lang='lat' dir='ltr'><strong>diversitas</strong></span> <span class='ocrx_word' id='word_1_72' title='bbox 1080 830 1206 877; x_wconf 88' lang='lat' dir='ltr'><strong>nulla</strong></span> <span class='ocrx_word' id='word_1_73' title='bbox 1246 831 1334 888; x_wconf 91' lang='lat' dir='ltr'><strong>sit,</strong></span> <span class='ocrx_word' id='word_1_74' title='bbox 1381 839 1434 877; x_wconf 91' lang='lat' dir='ltr'><strong>ut</strong></span> <span class='ocrx_word' id='word_1_75' title='bbox 1479 847 1540 878; x_wconf 92' lang='lat' dir='ltr'><strong>ex</strong></span> <span class='ocrx_word' id='word_1_76' title='bbox 1577 829 1670 877; x_wconf 88' lang='lat' dir='ltr'><strong>alia</strong></span> 
     </span>
     <span class='ocr_line' id='line_1_11' title="bbox 0 899 1669 970; baseline -0.004 -17"><span class='ocrx_word' id='word_1_77' title='bbox 0 906 192 970; x_wconf 62' lang='lat' dir='ltr'><strong>&#39;specie</strong></span> <span class='ocrx_word' id='word_1_78' title='bbox 240 902 605 966; x_wconf 86' lang='lat' dir='ltr'><strong>comparationis</strong></span> <span class='ocrx_word' id='word_1_79' title='bbox 644 904 756 949; x_wconf 88' lang='lat' dir='ltr'><strong>satis</strong></span> <span class='ocrx_word' id='word_1_80' title='bbox 802 902 899 949; x_wconf 84' lang='lat' dir='ltr'><strong>fiat.</strong></span> <span class='ocrx_word' id='word_1_81' title='bbox 991 901 1095 948; x_wconf 90' lang='lat' dir='ltr'><strong>Nos</strong></span> <span class='ocrx_word' id='word_1_82' title='bbox 1137 899 1434 948; x_wconf 89' lang='lat' dir='ltr'><strong>infanticidio</strong></span> <span class='ocrx_word' id='word_1_83' title='bbox 1483 901 1669 948; x_wconf 89' lang='lat' dir='ltr'><strong>litamus</strong></span> 
     </span>
     <span class='ocr_line' id='line_1_12' title="bbox 15 970 1668 1036; baseline -0.003 -12"><span class='ocrx_word' id='word_1_84' title='bbox 15 976 134 1024; x_wconf 84' lang='lat' dir='ltr'><strong>=sive</strong></span> <span class='ocrx_word' id='word_1_85' title='bbox 165 975 434 1022; x_wconf 78' lang='lat' dir='ltr'><strong>initiamus?</strong></span> <span class='ocrx_word' id='word_1_86' title='bbox 471 972 596 1030; x_wconf 89' lang='lat' dir='ltr'><strong>Vos,</strong></span> <span class='ocrx_word' id='word_1_87' title='bbox 639 974 678 1020; x_wconf 89' lang='lat' dir='ltr'><strong>si</strong></span> <span class='ocrx_word' id='word_1_88' title='bbox 711 971 768 1020; x_wconf 92' lang='lat' dir='ltr'><strong>de</strong></span> <span class='ocrx_word' id='word_1_89' title='bbox 801 974 1028 1020; x_wconf 89' lang='lat' dir='ltr'><strong>memoria</strong></span> <span class='ocrx_word' id='word_1_90' title='bbox 1074 971 1314 1029; x_wconf 85' lang='lat' dir='ltr'><strong>abierunt,</strong></span> <span class='ocrx_word' id='word_1_91' title='bbox 1356 988 1475 1036; x_wconf 88' lang='lat' dir='ltr'><strong>quae</strong></span> <span class='ocrx_word' id='word_1_92' title='bbox 1518 970 1668 1019; x_wconf 90' lang='lat' dir='ltr'><strong>caede</strong></span> 
     </span>
     <span class='ocr_line' id='line_1_13' title="bbox 14 1043 1670 1108; baseline -0.001 -18"><span class='ocrx_word' id='word_1_93' title='bbox 14 1046 254 1103; x_wconf 57' lang='lat' dir='ltr'><strong>mominis,</strong></span> <span class='ocrx_word' id='word_1_94' title='bbox 311 1058 525 1108; x_wconf 89' lang='lat' dir='ltr'><strong>quaeque</strong></span> <span class='ocrx_word' id='word_1_95' title='bbox 571 1043 880 1091; x_wconf 88' lang='lat' dir='ltr'><strong>infanticidiis</strong></span> <span class='ocrx_word' id='word_1_96' title='bbox 936 1043 1253 1106; x_wconf 84' lang='lat' dir='ltr'><strong>transegisse,</strong></span> <span class='ocrx_word' id='word_1_97' title='bbox 1302 1043 1670 1107; x_wconf 87' lang='lat' dir='ltr'><strong>recognoscetis</strong></span> 
     </span>
     <span class='ocr_line' id='line_1_14' title="bbox 17 1113 1670 1177; baseline -0.004 -12"><span class='ocrx_word' id='word_1_98' title='bbox 17 1132 118 1165; x_wconf 81' lang='lat' dir='ltr'><strong>-suo</strong></span> <span class='ocrx_word' id='word_1_99' title='bbox 160 1115 351 1174; x_wconf 82' lang='lat' dir='ltr'><strong>ordine3</strong></span> <span class='ocrx_word' id='word_1_100' title='bbox 389 1130 511 1161; x_wconf 91' lang='lat' dir='ltr'><strong>nunc</strong></span> <span class='ocrx_word' id='word_1_101' title='bbox 553 1116 674 1162; x_wconf 89' lang='lat' dir='ltr'><strong>enim</strong></span> <span class='ocrx_word' id='word_1_102' title='bbox 716 1113 974 1161; x_wconf 84' lang='lat' dir='ltr'><strong>differimus</strong></span> <span class='ocrx_word' id='word_1_103' title='bbox 1012 1114 1266 1177; x_wconf 84' lang='lat' dir='ltr'><strong>pleraque,</strong></span> <span class='ocrx_word' id='word_1_104' title='bbox 1306 1129 1364 1160; x_wconf 89' lang='lat' dir='ltr'><strong>ne</strong></span> <span class='ocrx_word' id='word_1_105' title='bbox 1400 1113 1567 1160; x_wconf 90' lang='lat' dir='ltr'><strong>eadem</strong></span> <span class='ocrx_word' id='word_1_106' title='bbox 1600 1114 1670 1159; x_wconf 92' lang='lat' dir='ltr'><strong>vi-</strong></span> 
     </span>
     <span class='ocr_line' id='line_1_15' title="bbox 36 1183 1668 1249; baseline -0.004 -14"><span class='ocrx_word' id='word_1_107' title='bbox 36 1185 237 1235; x_wconf 80' lang='lat' dir='ltr'><strong>deamur</strong></span> <span class='ocrx_word' id='word_1_108' title='bbox 266 1185 437 1249; x_wconf 86' lang='lat' dir='ltr'><strong>ubique</strong></span> <span class='ocrx_word' id='word_1_109' title='bbox 470 1194 751 1233; x_wconf 84' lang='lat' dir='ltr'><strong>retractare.</strong></span> <span class='ocrx_word' id='word_1_110' title='bbox 815 1184 1031 1242; x_wconf 82' lang='lat' dir='ltr'><strong>Interim,</strong></span> <span class='ocrx_word' id='word_1_111' title='bbox 1071 1193 1121 1231; x_wconf 88' lang='lat' dir='ltr'><strong>ut</strong></span> <span class='ocrx_word' id='word_1_112' title='bbox 1154 1183 1274 1242; x_wconf 82' lang='lat' dir='ltr'><strong>dixi,</strong></span> <span class='ocrx_word' id='word_1_113' title='bbox 1316 1199 1377 1231; x_wconf 86' lang='lat' dir='ltr'><strong>ex</strong></span> <span class='ocrx_word' id='word_1_114' title='bbox 1409 1185 1499 1230; x_wconf 91' lang='lat' dir='ltr'><strong>alia</strong></span> <span class='ocrx_word' id='word_1_115' title='bbox 1533 1192 1668 1247; x_wconf 87' lang='lat' dir='ltr'><strong>parte</strong></span> 
     </span>
     <span class='ocr_line' id='line_1_16' title="bbox 14 1253 1670 1320; baseline -0.004 -15"><span class='ocrx_word' id='word_1_116' title='bbox 14 1274 126 1305; x_wconf 68' lang='lat' dir='ltr'><strong>snon</strong></span> <span class='ocrx_word' id='word_1_117' title='bbox 168 1255 305 1305; x_wconf 89' lang='lat' dir='ltr'><strong>deest</strong></span> <span class='ocrx_word' id='word_1_118' title='bbox 335 1253 635 1319; x_wconf 87' lang='lat' dir='ltr'><strong>adaequatio.</strong></span> <span class='ocrx_word' id='word_1_119' title='bbox 729 1255 847 1302; x_wconf 87' lang='lat' dir='ltr'><strong>Nam</strong></span> <span class='ocrx_word' id='word_1_120' title='bbox 897 1256 987 1320; x_wconf 85' lang='lat' dir='ltr'><strong>etsi</strong></span> <span class='ocrx_word' id='word_1_121' title='bbox 1033 1271 1118 1302; x_wconf 90' lang='lat' dir='ltr'><strong>nos</strong></span> <span class='ocrx_word' id='word_1_122' title='bbox 1165 1255 1329 1311; x_wconf 85' lang='lat' dir='ltr'><strong>aliter,</strong></span> <span class='ocrx_word' id='word_1_123' title='bbox 1387 1264 1541 1302; x_wconf 87' lang='lat' dir='ltr'><strong>tamen</strong></span> <span class='ocrx_word' id='word_1_124' title='bbox 1576 1270 1670 1300; x_wconf 89' lang='lat' dir='ltr'><strong>non</strong></span> 
     </span>
     <span class='ocr_line' id='line_1_17' title="bbox 33 1324 1671 1390; baseline -0.003 -15"><span class='ocrx_word' id='word_1_125' title='bbox 33 1328 177 1376; x_wconf 84' lang='lat' dir='ltr'><strong>aliter</strong></span> <span class='ocrx_word' id='word_1_126' title='bbox 206 1343 292 1375; x_wconf 89' lang='lat' dir='ltr'><strong>vos</strong></span> <span class='ocrx_word' id='word_1_127' title='bbox 324 1341 511 1390; x_wconf 90' lang='lat' dir='ltr'><strong>quoque</strong></span> <span class='ocrx_word' id='word_1_128' title='bbox 544 1324 873 1383; x_wconf 85' lang='lat' dir='ltr'><strong>infanticidae,</strong></span> <span class='ocrx_word' id='word_1_129' title='bbox 916 1327 991 1389; x_wconf 93' lang='lat' dir='ltr'><strong>qui</strong></span> <span class='ocrx_word' id='word_1_130' title='bbox 1032 1325 1235 1372; x_wconf 74' lang='lat' dir='ltr'><strong>infantes</strong></span> <span class='ocrx_word' id='word_1_131' title='bbox 1269 1324 1424 1372; x_wconf 91' lang='lat' dir='ltr'><strong>editos</strong></span> <span class='ocrx_word' id='word_1_132' title='bbox 1463 1341 1671 1373; x_wconf 88' lang='lat' dir='ltr'><strong>enecan-</strong></span> 
     </span>
     <span class='ocr_line' id='line_1_18' title="bbox 0 1395 1671 1462; baseline -0.003 -15"><span class='ocrx_word' id='word_1_133' title='bbox 0 1404 108 1447; x_wconf 69' lang='lat' dir='ltr'><strong>³·tes</strong></span> <span class='ocrx_word' id='word_1_134' title='bbox 155 1397 340 1462; x_wconf 84' lang='lat' dir='ltr'><strong>legibus</strong></span> <span class='ocrx_word' id='word_1_135' title='bbox 381 1396 566 1461; x_wconf 90' lang='lat' dir='ltr'><strong>quidem</strong></span> <span class='ocrx_word' id='word_1_136' title='bbox 613 1396 951 1460; x_wconf 86' lang='lat' dir='ltr'><strong>prohibemini,</strong></span> <span class='ocrx_word' id='word_1_137' title='bbox 1014 1395 1099 1442; x_wconf 91' lang='lat' dir='ltr'><strong>sed</strong></span> <span class='ocrx_word' id='word_1_138' title='bbox 1139 1396 1291 1442; x_wconf 88' lang='lat' dir='ltr'><strong>nullae</strong></span> <span class='ocrx_word' id='word_1_139' title='bbox 1339 1397 1488 1458; x_wconf 88' lang='lat' dir='ltr'><strong>magis</strong></span> <span class='ocrx_word' id='word_1_140' title='bbox 1536 1397 1671 1459; x_wconf 88' lang='lat' dir='ltr'><strong>leges</strong></span> 
     </span>
     <span class='ocr_line' id='line_1_19' title="bbox 14 1466 1671 1532; baseline 0 -19"><span class='ocrx_word' id='word_1_141' title='bbox 14 1476 127 1518; x_wconf 63' lang='lat' dir='ltr'><strong>atam</strong></span> <span class='ocrx_word' id='word_1_142' title='bbox 171 1470 382 1532; x_wconf 90' lang='lat' dir='ltr'><strong>impune,</strong></span> <span class='ocrx_word' id='word_1_143' title='bbox 438 1475 531 1513; x_wconf 89' lang='lat' dir='ltr'><strong>tam</strong></span> <span class='ocrx_word' id='word_1_144' title='bbox 581 1482 750 1514; x_wconf 89' lang='lat' dir='ltr'><strong>secure</strong></span> <span class='ocrx_word' id='word_1_145' title='bbox 799 1466 882 1514; x_wconf 91' lang='lat' dir='ltr'><strong>sub</strong></span> <span class='ocrx_word' id='word_1_146' title='bbox 932 1467 1133 1513; x_wconf 91' lang='lat' dir='ltr'><strong>omnium</strong></span> <span class='ocrx_word' id='word_1_147' title='bbox 1176 1467 1502 1513; x_wconf 89' lang='lat' dir='ltr'><strong>conscientiae</strong></span> <span class='ocrx_word' id='word_1_148' title='bbox 1536 1467 1671 1513; x_wconf 92' lang='lat' dir='ltr'><strong>unius</strong></span> 
     </span>
     <span class='ocr_line' id='line_1_20' title="bbox 14 1536 1672 1593; baseline -0.003 -6"><span class='ocrx_word' id='word_1_149' title='bbox 14 1555 92 1588; x_wconf 82' lang='lat' dir='ltr'><strong>-ae</strong></span> <span class='ocrx_word' id='word_1_150' title='bbox 110 1572 345 1587; x_wconf 88' lang='grc'><strong>........</strong></span> <span class='ocrx_word' id='word_1_151' title='bbox 364 1537 551 1586; x_wconf 88' lang='lat' dir='ltr'><strong>tabellis</strong></span> <span class='ocrx_word' id='word_1_152' title='bbox 585 1537 851 1586; x_wconf 88' lang='lat' dir='ltr'><strong>eluduntur.</strong></span> <span class='ocrx_word' id='word_1_153' title='bbox 932 1536 1029 1585; x_wconf 88' lang='lat' dir='ltr'><strong>Sed</strong></span> <span class='ocrx_word' id='word_1_154' title='bbox 1062 1552 1149 1584; x_wconf 88' lang='lat' dir='ltr'><strong>nec</strong></span> <span class='ocrx_word' id='word_1_155' title='bbox 1184 1553 1242 1584; x_wconf 90' lang='lat' dir='ltr'><strong>eo</strong></span> <span class='ocrx_word' id='word_1_156' title='bbox 1277 1536 1471 1593; x_wconf 89' lang='lat' dir='ltr'><strong>distant,</strong></span> <span class='ocrx_word' id='word_1_157' title='bbox 1515 1537 1553 1582; x_wconf 90' lang='lat' dir='ltr'><strong>si</strong></span> <span class='ocrx_word' id='word_1_158' title='bbox 1584 1552 1672 1583; x_wconf 85' lang='lat' dir='ltr'><strong>vos</strong></span> 
     </span>
     <span class='ocr_line' id='line_1_21' title="bbox 15 1606 1672 1674; baseline -0.002 -18"><span class='ocrx_word' id='word_1_159' title='bbox 15 1626 130 1659; x_wconf 78' lang='lat' dir='ltr'><strong>mon</strong></span> <span class='ocrx_word' id='word_1_160' title='bbox 160 1611 252 1659; x_wconf 88' lang='lat' dir='ltr'><strong>ritu</strong></span> <span class='ocrx_word' id='word_1_161' title='bbox 285 1611 432 1668; x_wconf 86' lang='lat' dir='ltr'><strong>sacri,</strong></span> <span class='ocrx_word' id='word_1_162' title='bbox 474 1625 627 1674; x_wconf 89' lang='lat' dir='ltr'><strong>neque</strong></span> <span class='ocrx_word' id='word_1_163' title='bbox 662 1608 752 1657; x_wconf 89' lang='lat' dir='ltr'><strong>deo</strong></span> <span class='ocrx_word' id='word_1_164' title='bbox 785 1609 984 1656; x_wconf 87' lang='lat' dir='ltr'><strong>necatis.</strong></span> <span class='ocrx_word' id='word_1_165' title='bbox 1068 1606 1246 1671; x_wconf 91' lang='lat' dir='ltr'><strong>Atquin</strong></span> <span class='ocrx_word' id='word_1_166' title='bbox 1287 1608 1333 1654; x_wconf 92' lang='lat' dir='ltr'><strong>in</strong></span> <span class='ocrx_word' id='word_1_167' title='bbox 1365 1607 1456 1654; x_wconf 92' lang='lat' dir='ltr'><strong>hoc</strong></span> <span class='ocrx_word' id='word_1_168' title='bbox 1490 1608 1672 1670; x_wconf 90' lang='lat' dir='ltr'><strong>asperi-</strong></span> 
     </span>
     <span class='ocr_line' id='line_1_22' title="bbox 15 1679 1672 1746; baseline -0.004 -16"><span class='ocrx_word' id='word_1_169' title='bbox 15 1697 112 1740; x_wconf 65' lang='grc' dir='ltr'><strong>ηις,</strong></span> <span class='ocrx_word' id='word_1_170' title='bbox 161 1679 286 1746; x_wconf 91' lang='lat' dir='ltr'><strong>quod</strong></span> <span class='ocrx_word' id='word_1_171' title='bbox 330 1681 515 1745; x_wconf 84' lang='lat' dir='ltr'><strong>frigore</strong></span> <span class='ocrx_word' id='word_1_172' title='bbox 564 1689 610 1727; x_wconf 90' lang='lat' dir='ltr'><strong>et</strong></span> <span class='ocrx_word' id='word_1_173' title='bbox 657 1680 803 1737; x_wconf 85' lang='lat' dir='ltr'><strong>fame,</strong></span> <span class='ocrx_word' id='word_1_174' title='bbox 859 1688 939 1726; x_wconf 89' lang='lat' dir='ltr'><strong>aut</strong></span> <span class='ocrx_word' id='word_1_175' title='bbox 983 1679 1151 1726; x_wconf 79' lang='lat' dir='ltr'><strong>bestiis</strong></span> <span class='ocrx_word' id='word_1_176' title='bbox 1174 1713 1447 1726; x_wconf 89' lang='grc'><strong>.........</strong></span> <span class='ocrx_word' id='word_1_177' title='bbox 1467 1679 1550 1735; x_wconf 86' lang='lat' dir='ltr'><strong>tis,</strong></span> <span class='ocrx_word' id='word_1_178' title='bbox 1593 1686 1672 1724; x_wconf 82' lang='lat' dir='ltr'><strong>aut</strong></span> 
     </span>
     <span class='ocr_line' id='line_1_23' title="bbox 14 1747 1672 1817; baseline -0.004 -17"><span class='ocrx_word' id='word_1_179' title='bbox 14 1751 255 1817; x_wconf 57' lang='lat' dir='ltr'><strong>{longiore</strong></span> <span class='ocrx_word' id='word_1_180' title='bbox 286 1752 334 1798; x_wconf 86' lang='lat' dir='ltr'><strong>iu</strong></span> <span class='ocrx_word' id='word_1_181' title='bbox 366 1752 498 1815; x_wconf 90' lang='lat' dir='ltr'><strong>aquis</strong></span> <span class='ocrx_word' id='word_1_182' title='bbox 529 1759 680 1798; x_wconf 91' lang='lat' dir='ltr'><strong>morte</strong></span> <span class='ocrx_word' id='word_1_183' title='bbox 716 1750 1009 1814; x_wconf 87' lang='lat' dir='ltr'><strong>demergitis.</strong></span> <span class='ocrx_word' id='word_1_184' title='bbox 1099 1747 1164 1796; x_wconf 91' lang='lat' dir='ltr'><strong>At</strong></span> <span class='ocrx_word' id='word_1_185' title='bbox 1211 1759 1258 1796; x_wconf 91' lang='lat' dir='ltr'><strong>et</strong></span> <span class='ocrx_word' id='word_1_186' title='bbox 1297 1751 1337 1795; x_wconf 88' lang='lat' dir='ltr'><strong>si</strong></span> <span class='ocrx_word' id='word_1_187' title='bbox 1379 1766 1469 1812; x_wconf 93' lang='lat' dir='ltr'><strong>quo</strong></span> <span class='ocrx_word' id='word_1_188' title='bbox 1492 1782 1672 1795; x_wconf 89' lang='grc'><strong>......</strong></span> 
     </span>
     <span class='ocr_line' id='line_1_24' title="bbox 17 1819 1674 1887; baseline -0.004 -16"><span class='ocrx_word' id='word_1_189' title='bbox 17 1819 488 1886; x_wconf 23' lang='lat' dir='ltr'><strong>ssdissimiliusrpenes</strong></span> <span class='ocrx_word' id='word_1_190' title='bbox 519 1838 604 1869; x_wconf 90' lang='lat' dir='ltr'><strong>vos</strong></span> <span class='ocrx_word' id='word_1_191' title='bbox 643 1821 716 1879; x_wconf 85' lang='lat' dir='ltr'><strong>fit,</strong></span> <span class='ocrx_word' id='word_1_192' title='bbox 761 1838 818 1868; x_wconf 89' lang='lat' dir='ltr'><strong>eo</strong></span> <span class='ocrx_word' id='word_1_193' title='bbox 855 1820 1092 1887; x_wconf 75' lang='lat' dir='ltr'><strong>addicite,</strong></span> <span class='ocrx_word' id='word_1_194' title='bbox 1145 1836 1234 1883; x_wconf 90' lang='lat' dir='ltr'><strong>quo</strong></span> <span class='ocrx_word' id='word_1_195' title='bbox 1273 1828 1432 1867; x_wconf 88' lang='lat' dir='ltr'><strong>vestra</strong></span> <span class='ocrx_word' id='word_1_196' title='bbox 1472 1820 1674 1882; x_wconf 88' lang='lat' dir='ltr'><strong>pignora</strong></span> 
     </span>
     <span class='ocr_line' id='line_1_25' title="bbox 15 1889 1673 1956; baseline -0.004 -15"><span class='ocrx_word' id='word_1_197' title='bbox 15 1909 100 1942; x_wconf 64' lang='lat' dir='ltr'><strong>:ex</strong></span> <span class='ocrx_word' id='word_1_198' title='bbox 119 1928 398 1941; x_wconf 90' lang='grc'><strong>.........</strong></span> <span class='ocrx_word' id='word_1_199' title='bbox 419 1909 461 1950; x_wconf 88' lang='lat' dir='ltr'><strong>S,</strong></span> <span class='ocrx_word' id='word_1_200' title='bbox 518 1901 566 1939; x_wconf 91' lang='lat' dir='ltr'><strong>et</strong></span> <span class='ocrx_word' id='word_1_201' title='bbox 603 1892 914 1956; x_wconf 86' lang='lat' dir='ltr'><strong>supplebitur.</strong></span> <span class='ocrx_word' id='word_1_202' title='bbox 998 1891 1097 1938; x_wconf 91' lang='lat' dir='ltr'><strong>Imo</strong></span> <span class='ocrx_word' id='word_1_203' title='bbox 1138 1889 1582 1953; x_wconf 86' lang='lat' dir='ltr'><strong>superacervabitur</strong></span> <span class='ocrx_word' id='word_1_204' title='bbox 1627 1889 1673 1935; x_wconf 89' lang='lat' dir='ltr'><strong>in</strong></span> 
     </span>
     <span class='ocr_line' id='line_1_26' title="bbox 18 1959 1674 2028; baseline -0.004 -16"><span class='ocrx_word' id='word_1_205' title='bbox 18 1964 176 2013; x_wconf 67' lang='lat' dir='ltr'><strong>==v0bis</strong></span> <span class='ocrx_word' id='word_1_206' title='bbox 209 1962 431 2028; x_wconf 86' lang='lat' dir='ltr'><strong>quidquid</strong></span> <span class='ocrx_word' id='word_1_207' title='bbox 448 1998 596 2010; x_wconf 87' lang='grc'><strong>.....</strong></span> <span class='ocrx_word' id='word_1_208' title='bbox 634 1964 818 2010; x_wconf 88' lang='lat' dir='ltr'><strong>ratione</strong></span> <span class='ocrx_word' id='word_1_209' title='bbox 853 1962 1105 2009; x_wconf 86' lang='lat' dir='ltr'><strong>defecerit.</strong></span> <span class='ocrx_word' id='word_1_210' title='bbox 1198 1960 1293 2008; x_wconf 87' lang='lat' dir='ltr'><strong>Sed</strong></span> <span class='ocrx_word' id='word_1_211' title='bbox 1328 1959 1386 2007; x_wconf 91' lang='lat' dir='ltr'><strong>de</strong></span> <span class='ocrx_word' id='word_1_212' title='bbox 1420 1976 1476 2007; x_wconf 90' lang='lat' dir='ltr'><strong>ea</strong></span> <span class='ocrx_word' id='word_1_213' title='bbox 1508 1960 1674 2022; x_wconf 90' lang='lat' dir='ltr'><strong>impie-</strong></span> 
     </span>
     <span class='ocr_line' id='line_1_27' title="bbox 18 2030 1675 2095; baseline -0.004 -13"><span class='ocrx_word' id='word_1_214' title='bbox 18 2036 148 2084; x_wconf 84' lang='lat' dir='ltr'><strong>:tatis</strong></span> <span class='ocrx_word' id='word_1_215' title='bbox 179 2035 331 2082; x_wconf 87' lang='lat' dir='ltr'><strong>hostia</strong></span> <span class='ocrx_word' id='word_1_216' title='bbox 363 2033 563 2082; x_wconf 91' lang='lat' dir='ltr'><strong>dicimur</strong></span> <span class='ocrx_word' id='word_1_217' title='bbox 581 2068 760 2081; x_wconf 92' lang='grc'><strong>......</strong></span> <span class='ocrx_word' id='word_1_218' title='bbox 787 2033 892 2080; x_wconf 90' lang='lat' dir='ltr'><strong>dum</strong></span> <span class='ocrx_word' id='word_1_219' title='bbox 938 2034 1002 2079; x_wconf 87' lang='lat' dir='ltr'><strong>ita</strong></span> <span class='ocrx_word' id='word_1_220' title='bbox 1035 2047 1220 2095; x_wconf 91' lang='lat' dir='ltr'><strong>quoque</strong></span> <span class='ocrx_word' id='word_1_221' title='bbox 1254 2033 1300 2077; x_wconf 91' lang='lat' dir='ltr'><strong>in</strong></span> <span class='ocrx_word' id='word_1_222' title='bbox 1333 2030 1466 2077; x_wconf 85' lang='lat' dir='ltr'><strong>vobis</strong></span> <span class='ocrx_word' id='word_1_223' title='bbox 1499 2046 1675 2093; x_wconf 85' lang='lat' dir='ltr'><strong>recog-</strong></span> 
     </span>
     <span class='ocr_line' id='line_1_28' title="bbox 18 2101 1675 2168; baseline -0.005 -14"><span class='ocrx_word' id='word_1_224' title='bbox 18 2107 272 2164; x_wconf 72' lang='lat' dir='ltr'><strong>moscitur,</strong></span> <span class='ocrx_word' id='word_1_225' title='bbox 311 2104 390 2152; x_wconf 91' lang='lat' dir='ltr'><strong>ubi</strong></span> <span class='ocrx_word' id='word_1_226' title='bbox 423 2106 730 2168; x_wconf 88' lang='lat' dir='ltr'><strong>opportunius</strong></span> <span class='ocrx_word' id='word_1_227' title='bbox 760 2105 961 2168; x_wconf 85' lang='lat' dir='ltr'><strong>positum</strong></span> <span class='ocrx_word' id='word_1_228' title='bbox 997 2113 1090 2159; x_wconf 86' lang='lat' dir='ltr'><strong>est,</strong></span> <span class='ocrx_word' id='word_1_229' title='bbox 1141 2120 1233 2149; x_wconf 93' lang='lat' dir='ltr'><strong>non</strong></span> <span class='ocrx_word' id='word_1_230' title='bbox 1272 2102 1417 2148; x_wconf 90' lang='lat' dir='ltr'><strong>multo</strong></span> <span class='ocrx_word' id='word_1_231' title='bbox 1459 2101 1675 2147; x_wconf 87' lang='lat' dir='ltr'><strong>secerni-</strong></span> 
     </span>
     <span class='ocr_line' id='line_1_29' title="bbox 19 2173 1674 2237; baseline -0.003 -13"><span class='ocrx_word' id='word_1_232' title='bbox 19 2193 143 2233; x_wconf 66' lang='lat' dir='ltr'><strong>smur</strong></span> <span class='ocrx_word' id='word_1_233' title='bbox 171 2193 200 2224; x_wconf 89' lang='lat' dir='ltr'><strong>a</strong></span> <span class='ocrx_word' id='word_1_234' title='bbox 229 2185 390 2224; x_wconf 85' lang='lat' dir='ltr'><strong>vestra</strong></span> <span class='ocrx_word' id='word_1_235' title='bbox 419 2176 710 2234; x_wconf 80' lang='lat' dir='ltr'><strong>voracitate3</strong></span> <span class='ocrx_word' id='word_1_236' title='bbox 756 2177 795 2222; x_wconf 88' lang='lat' dir='ltr'><strong>si</strong></span> <span class='ocrx_word' id='word_1_237' title='bbox 829 2175 908 2222; x_wconf 90' lang='lat' dir='ltr'><strong>illa</strong></span> <span class='ocrx_word' id='word_1_238' title='bbox 940 2173 1176 2237; x_wconf 89' lang='lat' dir='ltr'><strong>impudica</strong></span> <span class='ocrx_word' id='word_1_239' title='bbox 1217 2182 1311 2228; x_wconf 88' lang='lat' dir='ltr'><strong>est,</strong></span> <span class='ocrx_word' id='word_1_240' title='bbox 1352 2181 1517 2219; x_wconf 91' lang='lat' dir='ltr'><strong>nostra</strong></span> <span class='ocrx_word' id='word_1_241' title='bbox 1556 2187 1674 2219; x_wconf 89' lang='lat' dir='ltr'><strong>vero</strong></span> 
     </span>
     <span class='ocr_line' id='line_1_30' title="bbox 20 2243 1676 2309; baseline -0.005 -13"><span class='ocrx_word' id='word_1_242' title='bbox 20 2245 274 2304; x_wconf 65' lang='lat' dir='ltr'><strong>³erudelis,</strong></span> <span class='ocrx_word' id='word_1_243' title='bbox 307 2247 637 2309; x_wconf 83' lang='lat' dir='ltr'><strong>coniungimur</strong></span> <span class='ocrx_word' id='word_1_244' title='bbox 667 2247 705 2294; x_wconf 92' lang='lat' dir='ltr'><strong>si</strong></span> <span class='ocrx_word' id='word_1_245' title='bbox 739 2246 864 2293; x_wconf 90' lang='lat' dir='ltr'><strong>forte</strong></span> <span class='ocrx_word' id='word_1_246' title='bbox 897 2254 1086 2303; x_wconf 80' lang='lat' dir='ltr'><strong>natura,</strong></span> <span class='ocrx_word' id='word_1_247' title='bbox 1133 2261 1224 2308; x_wconf 77' lang='lat' dir='ltr'><strong>qua</strong></span> <span class='ocrx_word' id='word_1_248' title='bbox 1257 2259 1445 2306; x_wconf 90' lang='lat' dir='ltr'><strong>semper</strong></span> <span class='ocrx_word' id='word_1_249' title='bbox 1476 2243 1676 2290; x_wconf 87' lang='lat' dir='ltr'><strong>saevitia</strong></span> 
     </span>
     <span class='ocr_line' id='line_1_31' title="bbox 19 2316 782 2382; baseline -0.003 -16"><span class='ocrx_word' id='word_1_250' title='bbox 19 2331 147 2367; x_wconf 65' lang='lat' dir='ltr'><strong>zeum</strong></span> <span class='ocrx_word' id='word_1_251' title='bbox 177 2316 469 2382; x_wconf 88' lang='lat' dir='ltr'><strong>impudicitia</strong></span> <span class='ocrx_word' id='word_1_252' title='bbox 502 2316 782 2365; x_wconf 87' lang='lat' dir='ltr'><strong>concordat.</strong></span> 
     </span>
    </p>

    <p class='ocr_par' dir='ltr' id='par_1_4' title="bbox 20 2383 1679 3160">
     <span class='ocr_line' id='line_1_32' title="bbox 185 2383 1676 2452; baseline -0.005 -14"><span class='ocrx_word' id='word_1_253' title='bbox 185 2392 265 2440; x_wconf 84' lang='lat'><strong>16.</strong></span> <span class='ocrx_word' id='word_1_254' title='bbox 336 2388 620 2452; x_wconf 84' lang='lat' dir='ltr'><strong>Quamquam</strong></span> <span class='ocrx_word' id='word_1_255' title='bbox 661 2387 772 2452; x_wconf 90' lang='lat' dir='ltr'><strong>quid</strong></span> <span class='ocrx_word' id='word_1_256' title='bbox 818 2389 989 2445; x_wconf 86' lang='lat' dir='ltr'><strong>minus,</strong></span> <span class='ocrx_word' id='word_1_257' title='bbox 1043 2388 1136 2433; x_wconf 91' lang='lat' dir='ltr'><strong>imo</strong></span> <span class='ocrx_word' id='word_1_258' title='bbox 1183 2384 1291 2450; x_wconf 91' lang='lat' dir='ltr'><strong>quid</strong></span> <span class='ocrx_word' id='word_1_259' title='bbox 1339 2401 1434 2431; x_wconf 92' lang='lat' dir='ltr'><strong>non</strong></span> <span class='ocrx_word' id='word_1_260' title='bbox 1480 2383 1676 2446; x_wconf 84' lang='lat' dir='ltr'><strong>amplius</strong></span> 
     </span>
     <span class='ocr_line' id='line_1_33' title="bbox 20 2454 1678 2524; baseline -0.005 -16"><span class='ocrx_word' id='word_1_261' title='bbox 20 2459 231 2508; x_wconf 59' lang='lat' dir='ltr'><strong>{facitis‘l</strong></span> <span class='ocrx_word' id='word_1_262' title='bbox 287 2475 451 2524; x_wconf 86' lang='lat' dir='ltr'><strong>parum</strong></span> <span class='ocrx_word' id='word_1_263' title='bbox 497 2459 686 2507; x_wconf 85' lang='lat' dir='ltr'><strong>scilicet</strong></span> <span class='ocrx_word' id='word_1_264' title='bbox 729 2459 942 2506; x_wconf 90' lang='lat' dir='ltr'><strong>humanis</strong></span> <span class='ocrx_word' id='word_1_265' title='bbox 990 2456 1255 2504; x_wconf 88' lang='lat' dir='ltr'><strong>visceribus</strong></span> <span class='ocrx_word' id='word_1_266' title='bbox 1302 2455 1515 2511; x_wconf 83' lang='lat' dir='ltr'><strong>inhiatis,</strong></span> <span class='ocrx_word' id='word_1_267' title='bbox 1570 2454 1678 2517; x_wconf 88' lang='lat' dir='ltr'><strong>quia</strong></span> 
     </span>
     <span class='ocr_line' id='line_1_34' title="bbox 20 2526 1676 2594; baseline -0.005 -15"><span class='ocrx_word' id='word_1_268' title='bbox 20 2530 178 2579; x_wconf 55' lang='lat' dir='ltr'><strong>¹&gt;uiros</strong></span> <span class='ocrx_word' id='word_1_269' title='bbox 224 2538 274 2578; x_wconf 89' lang='lat' dir='ltr'><strong>et</strong></span> <span class='ocrx_word' id='word_1_270' title='bbox 316 2529 521 2594; x_wconf 88' lang='lat' dir='ltr'><strong>puberes</strong></span> <span class='ocrx_word' id='word_1_271' title='bbox 567 2529 841 2578; x_wconf 80' lang='lat' dir='ltr'><strong>devoratis?</strong></span> <span class='ocrx_word' id='word_1_272' title='bbox 908 2544 1069 2592; x_wconf 89' lang='lat' dir='ltr'><strong>parum</strong></span> <span class='ocrx_word' id='word_1_273' title='bbox 1109 2527 1355 2574; x_wconf 87' lang='lat' dir='ltr'><strong>humanum</strong></span> <span class='ocrx_word' id='word_1_274' title='bbox 1398 2526 1676 2588; x_wconf 87' lang='lat' dir='ltr'><strong>sanguinem</strong></span> 
     </span>
     <span class='ocr_line' id='line_1_35' title="bbox 21 2596 1678 2666; baseline -0.005 -16"><span class='ocrx_word' id='word_1_275' title='bbox 21 2600 268 2660; x_wconf 47' lang='lat' dir='ltr'><strong>{lambitiffi</strong></span> <span class='ocrx_word' id='word_1_276' title='bbox 317 2602 532 2666; x_wconf 90' lang='lat' dir='ltr'><strong>quoniam</strong></span> <span class='ocrx_word' id='word_1_277' title='bbox 580 2602 784 2648; x_wconf 86' lang='lat' dir='ltr'><strong>futurum</strong></span> <span class='ocrx_word' id='word_1_278' title='bbox 833 2600 1108 2663; x_wconf 84' lang='lat' dir='ltr'><strong>sanguinem</strong></span> <span class='ocrx_word' id='word_1_279' title='bbox 1155 2598 1361 2645; x_wconf 77' lang='lat' dir='ltr'><strong>elicitis?</strong></span> <span class='ocrx_word' id='word_1_280' title='bbox 1413 2612 1573 2660; x_wconf 89' lang='lat' dir='ltr'><strong>parum</strong></span> <span class='ocrx_word' id='word_1_281' title='bbox 1606 2596 1678 2642; x_wconf 92' lang='lat' dir='ltr'><strong>in-</strong></span> 
     </span>
     <span class='ocr_line' id='line_1_36' title="bbox 20 2666 1679 2737; baseline -0.002 -21"><span class='ocrx_word' id='word_1_282' title='bbox 20 2666 174 2733; x_wconf 56' lang='lat' dir='ltr'><strong>ift&#39;nte</strong></span> <span class='ocrx_word' id='word_1_283' title='bbox 204 2672 472 2730; x_wconf 87' lang='lat' dir='ltr'><strong>vescimini,</strong></span> <span class='ocrx_word' id='word_1_284' title='bbox 514 2673 622 2737; x_wconf 87' lang='lat' dir='ltr'><strong>quia</strong></span> <span class='ocrx_word' id='word_1_285' title='bbox 653 2673 879 2719; x_wconf 87' lang='lat' dir='ltr'><strong>infantem</strong></span> <span class='ocrx_word' id='word_1_286' title='bbox 922 2679 1069 2717; x_wconf 88' lang='lat' dir='ltr'><strong>totum</strong></span> <span class='ocrx_word' id='word_1_287' title='bbox 1110 2684 1429 2733; x_wconf 89' lang='lat' dir='ltr'><strong>praecoquum</strong></span> <span class='ocrx_word' id='word_1_288' title='bbox 1475 2666 1679 2730; x_wconf 87' lang='lat' dir='ltr'><strong>perhau-</strong></span> 
     </span>
     <span class='ocr_line' id='line_1_37' title="bbox 23 2737 1679 2792; baseline -0.005 0"><span class='ocrx_word' id='word_1_289' title='bbox 23 2742 182 2792; x_wconf 70' lang='lat' dir='ltr'><strong>uritis?</strong></span> <span class='ocrx_word' id='word_1_290' title='bbox 237 2741 443 2790; x_wconf 83' lang='lat' dir='ltr'><strong>Ventum</strong></span> <span class='ocrx_word' id='word_1_291' title='bbox 476 2753 549 2790; x_wconf 91' lang='lat' dir='ltr'><strong>est</strong></span> <span class='ocrx_word' id='word_1_292' title='bbox 589 2743 648 2790; x_wconf 90' lang='lat' dir='ltr'><strong>ad</strong></span> <span class='ocrx_word' id='word_1_293' title='bbox 679 2743 845 2791; x_wconf 86' lang='lat' dir='ltr'><strong>horam</strong></span> <span class='ocrx_word' id='word_1_294' title='bbox 878 2742 1174 2789; x_wconf 87' lang='lat' dir='ltr'><strong>lucernarum</strong></span> <span class='ocrx_word' id='word_1_295' title='bbox 1216 2748 1264 2787; x_wconf 87' lang='lat' dir='ltr'><strong>et</strong></span> <span class='ocrx_word' id='word_1_296' title='bbox 1295 2739 1510 2786; x_wconf 90' lang='lat' dir='ltr'><strong>caninum</strong></span> <span class='ocrx_word' id='word_1_297' title='bbox 1543 2737 1679 2784; x_wconf 89' lang='lat' dir='ltr'><strong>mini-</strong></span> 
     </span>
     <span class='ocr_line' id='line_1_38' title="bbox 23 2811 1677 2876; baseline -0.004 -15"><span class='ocrx_word' id='word_1_298' title='bbox 23 2813 241 2861; x_wconf 61' lang='lat' dir='ltr'><strong>sterium</strong></span> <span class='ocrx_word' id='word_1_299' title='bbox 288 2820 336 2859; x_wconf 90' lang='lat' dir='ltr'><strong>et</strong></span> <span class='ocrx_word' id='word_1_300' title='bbox 379 2812 570 2876; x_wconf 87' lang='lat' dir='ltr'><strong>ingenia</strong></span> <span class='ocrx_word' id='word_1_301' title='bbox 617 2814 936 2862; x_wconf 87' lang='lat' dir='ltr'><strong>tenebrarum.</strong></span> <span class='ocrx_word' id='word_1_302' title='bbox 1028 2811 1130 2871; x_wconf 83' lang='lat' dir='ltr'><strong>Quo</strong></span> <span class='ocrx_word' id='word_1_303' title='bbox 1178 2811 1224 2857; x_wconf 90' lang='lat' dir='ltr'><strong>in</strong></span> <span class='ocrx_word' id='word_1_304' title='bbox 1271 2811 1379 2857; x_wconf 91' lang='lat' dir='ltr'><strong>loco</strong></span> <span class='ocrx_word' id='word_1_305' title='bbox 1426 2818 1584 2857; x_wconf 85' lang='lat' dir='ltr'><strong>metuo</strong></span> <span class='ocrx_word' id='word_1_306' title='bbox 1618 2824 1677 2855; x_wconf 88' lang='lat' dir='ltr'><strong>ne</strong></span> 
     </span>
     <span class='ocr_line' id='line_1_39' title="bbox 24 2880 1679 2942; baseline -0.004 -10"><span class='ocrx_word' id='word_1_307' title='bbox 24 2882 233 2932; x_wconf 58' lang='lat' dir='ltr'><strong>⁴cedam.</strong></span> <span class='ocrx_word' id='word_1_308' title='bbox 309 2882 429 2942; x_wconf 80' lang='lat' dir='ltr'><strong>Quid</strong></span> <span class='ocrx_word' id='word_1_309' title='bbox 477 2885 597 2931; x_wconf 89' lang='lat' dir='ltr'><strong>enim</strong></span> <span class='ocrx_word' id='word_1_310' title='bbox 644 2885 739 2932; x_wconf 88' lang='lat' dir='ltr'><strong>tale</strong></span> <span class='ocrx_word' id='word_1_311' title='bbox 787 2886 832 2931; x_wconf 90' lang='lat' dir='ltr'><strong>in</strong></span> <span class='ocrx_word' id='word_1_312' title='bbox 872 2883 1006 2930; x_wconf 82' lang='lat' dir='ltr'><strong>vobis</strong></span> <span class='ocrx_word' id='word_1_313' title='bbox 1046 2880 1302 2929; x_wconf 74' lang='lat' dir='ltr'><strong>detinebo?</strong></span> <span class='ocrx_word' id='word_1_314' title='bbox 1376 2880 1554 2927; x_wconf 88' lang='lat' dir='ltr'><strong>Verum</strong></span> <span class='ocrx_word' id='word_1_315' title='bbox 1588 2880 1679 2926; x_wconf 90' lang='lat' dir='ltr'><strong>iam</strong></span> 
     </span>
     <span class='ocr_line' id='line_1_40' title="bbox 24 2951 1678 3017; baseline -0.004 -15"><span class='ocrx_word' id='word_1_316' title='bbox 24 2952 236 3006; x_wconf 71' lang='lat' dir='ltr'><strong>&#39;laudate</strong></span> <span class='ocrx_word' id='word_1_317' title='bbox 269 2953 514 3001; x_wconf 87' lang='lat' dir='ltr'><strong>consilium</strong></span> <span class='ocrx_word' id='word_1_318' title='bbox 540 2956 710 3002; x_wconf 89' lang='lat' dir='ltr'><strong>incesti</strong></span> <span class='ocrx_word' id='word_1_319' title='bbox 734 2953 1019 3011; x_wconf 89' lang='lat' dir='ltr'><strong>verecundi,</strong></span> <span class='ocrx_word' id='word_1_320' title='bbox 1055 2951 1179 3017; x_wconf 89' lang='lat' dir='ltr'><strong>quod</strong></span> <span class='ocrx_word' id='word_1_321' title='bbox 1203 2952 1462 3000; x_wconf 83' lang='lat' dir='ltr'><strong>adulteram</strong></span> <span class='ocrx_word' id='word_1_322' title='bbox 1489 2960 1678 2997; x_wconf 88' lang='lat' dir='ltr'><strong>noctem</strong></span> 
     </span>
     <span class='ocr_line' id='line_1_41' title="bbox 24 3025 1679 3082; baseline -0.004 -9"><span class='ocrx_word' id='word_1_323' title='bbox 24 3025 302 3073; x_wconf 55' lang='lat' dir='ltr'><strong>monumenti</strong></span> <span class='ocrx_word' id='word_1_324' title='bbox 342 3041 520 3082; x_wconf 92' lang='lat' dir='ltr'><strong>sumus,</strong></span> <span class='ocrx_word' id='word_1_325' title='bbox 575 3042 634 3073; x_wconf 88' lang='lat' dir='ltr'><strong>ne</strong></span> <span class='ocrx_word' id='word_1_326' title='bbox 674 3034 754 3073; x_wconf 87' lang='lat' dir='ltr'><strong>aut</strong></span> <span class='ocrx_word' id='word_1_327' title='bbox 792 3026 968 3082; x_wconf 85' lang='lat' dir='ltr'><strong>lucem,</strong></span> <span class='ocrx_word' id='word_1_328' title='bbox 1017 3032 1098 3071; x_wconf 86' lang='lat' dir='ltr'><strong>aut</strong></span> <span class='ocrx_word' id='word_1_329' title='bbox 1133 3040 1292 3071; x_wconf 89' lang='lat' dir='ltr'><strong>veram</strong></span> <span class='ocrx_word' id='word_1_330' title='bbox 1330 3032 1520 3070; x_wconf 88' lang='lat' dir='ltr'><strong>noctem</strong></span> <span class='ocrx_word' id='word_1_331' title='bbox 1563 3037 1679 3068; x_wconf 88' lang='lat' dir='ltr'><strong>con·-</strong></span> 
     </span>
     <span class='ocr_line' id='line_1_42' title="bbox 25 3091 1679 3160; baseline -0.005 -16"><span class='ocrx_word' id='word_1_332' title='bbox 25 3095 404 3154; x_wconf 61' lang='lat' dir='ltr'><strong>³hmiharemus‚</strong></span> <span class='ocrx_word' id='word_1_333' title='bbox 439 3094 563 3160; x_wconf 92' lang='lat' dir='ltr'><strong>quod</strong></span> <span class='ocrx_word' id='word_1_334' title='bbox 596 3096 735 3143; x_wconf 89' lang='lat' dir='ltr'><strong>etiam</strong></span> <span class='ocrx_word' id='word_1_335' title='bbox 769 3095 1016 3144; x_wconf 88' lang='lat' dir='ltr'><strong>luminibus</strong></span> <span class='ocrx_word' id='word_1_336' title='bbox 1040 3095 1242 3142; x_wconf 86' lang='lat' dir='ltr'><strong>terrenis</strong></span> <span class='ocrx_word' id='word_1_337' title='bbox 1274 3091 1564 3158; x_wconf 88' lang='lat' dir='ltr'><strong>parcendum</strong></span> <span class='ocrx_word' id='word_1_338' title='bbox 1597 3107 1679 3138; x_wconf 72' lang='lat' dir='ltr'><strong>ex-</strong></span> 
     </span>
    </p>
   </div>
   <div class='ocr_carea' id='block_1_3' title="bbox 0 1415 20 3554">
    <p class='ocr_par' dir='ltr' id='par_1_5' title="bbox 0 1415 20 3554">
     <span class='ocr_line' id='line_1_43' title="bbox 0 1415 7 1613; baseline 0 0"><span class='ocrx_word' id='word_1_339' title='bbox 0 1415 7 1613; x_wconf 95' lang='lat' dir='ltr'><strong>   </strong></span> 
     </span>
     <span class='ocr_line' id='line_1_44' title="bbox 0 1613 13 1850; baseline 0 0"><span class='ocrx_word' id='word_1_340' title='bbox 0 1613 13 1850; x_wconf 95' lang='lat' dir='ltr'><strong>   </strong></span> 
     </span>
     <span class='ocr_line' id='line_1_45' title="bbox 0 1850 16 2631; baseline 0 -72"><span class='ocrx_word' id='word_1_341' title='bbox 0 1850 16 2631; x_wconf 95' lang='lat' dir='ltr'><strong>    </strong></span> 
     </span>
     <span class='ocr_line' id='line_1_46' title="bbox 0 2631 20 3554; baseline 0 0"><span class='ocrx_word' id='word_1_342' title='bbox 0 2631 20 3554; x_wconf 95' lang='lat' dir='ltr'><strong>  </strong></span> 
     </span>
    </p>
   </div>
  </div>
 </body>
</html>
