1942 3554
55 0 223 103 33<
259 44 264 65 ⁵
338 88 342 90 -
373 50 386 71 t

58 95 185 174 {ff—²»
365 103 381 112 ‘
1110 164 1114 167 .

77 174 79 179 ⁴
557 173 640 212 DE
669 172 1124 211 IDOLOLATRIA.
1594 169 1670 218 47

34 302 236 370 nne-alia
267 317 434 364 caussa
466 315 712 378 coniungit
742 313 1056 370 sacrificanti,
1101 327 1185 359 ero
1219 320 1394 360 tantum
1428 320 1675 376 spectator

34 381 281 439 anctificii.

186 461 265 508 17.
306 455 526 506 Ceterum
557 453 668 520 quid
699 455 878 502 facient
908 454 1033 501 servi
1065 453 1142 501 vel
1175 453 1312 501 liberi
1339 451 1523 511 fideles,
1559 454 1673 501 item

19 526 268 584 ,officiales
294 525 671 576 sacrificantibus
705 524 904 573 dominis
935 525 1010 572 vel
1035 525 1247 588 patronis
1274 525 1350 571 vel
1374 524 1678 588 praesidibus

40 599 138 648 suis
166 597 511 661 adhaerentes?
559 595 656 645 Sed
687 598 725 644 si
755 611 935 644 merum
963 597 1066 659 quis
1092 595 1381 643 sacrificanti
1407 594 1674 655 tradiderit,

20 670 135 718 ino
165 670 205 717 si
235 667 383 717 verbo
415 683 600 733 quoque
632 668 789 732 aliquo
823 667 1063 714 sacrificio
1105 667 1381 714 necessario
1422 665 1675 726 adiuverit,

40 740 254 789 minister
295 738 548 787 habebitur
598 737 918 786 idololatriae.
1001 737 1147 784 Huius
1194 737 1393 800 regulae
1438 753 1676 785 memores

42 811 182 862 utinm
210 809 560 876 magistratibus
599 818 649 857 et
688 807 1001 873 potestatibus
1043 807 1244 855 officium
1282 824 1531 871 possumus
1565 808 1677 855 red-

27 879 444 934 dere-secundum
474 881 769 945 patriarchas
803 889 850 927 et
882 888 1074 927 ceteros
1105 880 1327 938 maiores,
1371 880 1447 944 qui
1480 879 1678 943 regibus

18 948 305 1004 *idololatris
341 967 488 1016 usque
527 951 587 1000 ad
625 951 762 999 finem
800 950 1101 998 idololatriae
1140 959 1473 1014 apparuerunt.
1554 951 1677 998 Hinc

28 1023 254 1087 --μοιὶωθ
284 1021 536 1088 disputatio
570 1023 762 1070 suborta
795 1031 881 1081 est,
915 1039 973 1070 an
998 1037 1163 1069 servus
1189 1021 1266 1069 dei
1293 1021 1494 1069 alicuius
1523 1021 1680 1086 digni-

16 1093 154 1143 tofis
197 1103 278 1141 aut
321 1095 571 1157 potestatis
616 1092 1069 1141 administrationem
1118 1094 1297 1156 capiat,
1360 1094 1399 1140 si
1445 1092 1503 1140 ab
1553 1095 1680 1140 omni

38 1164 208 1228 specie
239 1163 540 1212 idololatriae
572 1165 795 1212 intactum
829 1180 880 1212 se
912 1173 992 1211 aut
1023 1165 1176 1227 gratia
1208 1163 1366 1228 aliqua
1397 1173 1477 1211 aut
1508 1165 1680 1212 astutia

16 1235 187 1283 etiam
224 1243 468 1299 praestare
506 1237 678 1298 possit:
735 1233 990 1283 secundum
1032 1233 1157 1298 quod
1197 1243 1246 1282 et
1283 1234 1456 1298 Ioseph
1499 1244 1547 1282 et
1585 1234 1682 1281 Da-

28 1305 143 1353 niel
173 1303 330 1352 mundi
367 1304 428 1354 ab
467 1305 740 1353 idololatria
780 1315 828 1353 et
869 1304 1144 1369 dignitatem
1187 1314 1235 1352 et
1271 1313 1557 1369 potestatem
1597 1304 1682 1352 ad-

28 1375 450 1435 ·ministraverunt,
486 1385 534 1424 et
564 1378 611 1423 in
646 1384 922 1424 ornamento
956 1385 1005 1423 et
1033 1392 1240 1440 purpura
1273 1376 1502 1424 exstitere
1534 1377 1682 1423 totius

28 1444 258 1511 ⁴'Aegypti
290 1447 389 1494 sive
421 1446 731 1511 Babyloniae.
803 1445 1062 1494 Credamus
1094 1447 1253 1510 itaque
1294 1446 1559 1496 succedere
1591 1447 1681 1494 ali-

49 1517 126 1566 eni
154 1532 316 1582 posse,
371 1525 423 1564 ut
460 1518 505 1564 in
547 1534 734 1582 quoquo
775 1517 958 1564 honore
1003 1520 1108 1579 [ut]
1151 1518 1197 1563 in
1230 1518 1334 1564 solo
1367 1517 1564 1565 honoris
1595 1535 1682 1566 no-

28 1588 170 1637 ÷miue
200 1586 412 1646 incedat,
453 1603 606 1652 neque
639 1589 902 1646 sacrificet,
943 1603 1098 1652 neque
1130 1588 1379 1636 sacrificiis
1418 1589 1681 1636 auctorita-

30 1667 143 1713 -tem
174 1674 303 1707 snam
333 1658 683 1717 accommodet,
726 1676 818 1706 non
851 1659 1031 1706 hostias
1063 1659 1216 1717 locet,
1265 1676 1359 1706 non
1393 1675 1531 1708 curas
1563 1668 1682 1708 tem-

15 1728 228 1792 aptorum
262 1727 467 1794 deleget,
501 1746 591 1777 non
626 1730 880 1795 vectigalia
905 1746 1067 1777 eorum
1093 1739 1336 1794 procuret,
1370 1748 1464 1778 non
1490 1743 1683 1795 specta-

51 1799 155 1847 cula
186 1798 386 1848 edat-de
419 1817 502 1847 suo
535 1810 613 1849 aut
652 1801 710 1848 de
742 1801 934 1865 publico
967 1810 1047 1848 aut
1079 1800 1276 1848 edendis
1316 1802 1519 1864 praesit,
1568 1802 1683 1848 nihil

50 1870 276 1918 sollemne
307 1873 581 1934 pronuntiet
609 1872 683 1919 vel
716 1870 888 1929 edicat,
922 1887 981 1918 ne
1014 1872 1140 1918 iuret
1171 1871 1385 1935 quidem,
1430 1874 1519 1919 iam
1547 1888 1682 1930 vero,

28 1955 170 2005 quae
201 1949 308 1988 sunt
335 1943 611 2006 potestatis,
661 1958 814 2006 neque
855 1941 1036 1989 iudicet
1076 1941 1134 1989 de
1176 1943 1330 2006 capite
1371 1942 1569 1990 alicuius
1607 1943 1684 1991 vel

50 2010 232 2075 pudore
264 2012 416 2072 (feras
449 2013 571 2060 enim
604 2011 662 2061 de
695 2014 915 2076 pecunia)
947 2028 1102 2077 neque
1136 2012 1326 2060 damnet
1357 2029 1512 2077 neque
1544 2029 1686 2077 prae-

31 2080 325 2146 damnem),
378 2084 608 2130 neminem
656 2085 854 2141 vinciat,
915 2085 1148 2131 neminem
1195 2081 1414 2132 recludat
1459 2093 1540 2131 aut
1585 2093 1686 2132 tor-

30 2161 219 2219 ‚quem
262 2154 300 2200 si
333 2152 450 2202 haec
484 2152 713 2201 credibile
748 2164 821 2202 est
852 2154 954 2201 fieri
985 2169 1151 2218 posse:

64 2253 83 2268 Ι
126 2262 138 2275 ,f
195 2225 277 2275 18.
328 2224 420 2272 iam
458 2241 574 2272 vero
616 2223 674 2272 de
715 2226 817 2272 solo
857 2235 1085 2289 suggestu
1133 2234 1182 2273 et
1219 2234 1443 2290 apparatu
1488 2227 1686 2274 honoris

55 2293 417 2350 mactandum.
483 2295 706 2360 Proprius
738 2296 924 2344 habitus
956 2298 1323 2361 uniuscuiusque
1356 2306 1451 2355 est,
1499 2306 1593 2344 tam
1625 2296 1682 2344 ad

19 2392 22 2395 Δ
56 2378 183 2424 ειμι-
212 2364 559 2430 quotidianum,
594 2383 726 2431 quam
759 2366 818 2414 ad
849 2367 1077 2415 honorem
1111 2377 1159 2415 et
1190 2367 1486 2431 dignitatem.
1535 2367 1688 2431 Igitur

21 2444 254 2502 ‘rmum
297 2436 378 2485 illa
423 2446 471 2485 et
516 2454 677 2485 aurum
726 2439 927 2486 cervicis
968 2447 1294 2487 ornamentum
1335 2438 1505 2486 eodem
1552 2454 1687 2487 more

29 2505 468 2573 ‘QudAzgyptios
500 2518 549 2556 et
572 2508 861 2574 Babylonios
894 2511 1097 2573 insignia
1130 2518 1264 2557 erant
1297 2508 1557 2572 dignitatis,
1592 2526 1684 2573 quo

56 2590 188 2631 note
218 2593 338 2627 nunc
369 2588 644 2643 praetextae
676 2581 752 2627 vel
783 2580 979 2628 trabeae
1012 2582 1086 2628 vel
1118 2581 1351 2644 palmatae
1385 2589 1433 2627 et
1475 2597 1685 2629 coronae

55 2645 230 2700 meac
267 2649 563 2698 sacerdotum
603 2652 989 2733 provincialium,
1040 2650 1125 2698 sed
1171 2668 1261 2698 non
1304 2649 1470 2699 eadem
1519 2650 1685 2699 condi-

57 2715 206 2766 tione.
253 2719 448 2768 Tantum
481 2723 602 2769 enim
633 2722 828 2769 honoris
862 2723 1048 2768 nomine
1082 2722 1453 2770 conferebantur
1483 2723 1570 2781 his,
1606 2724 1685 2787 qui

23 2787 420 2838 *hmiliaritatem
458 2807 622 2856 regum
662 2793 982 2841 merebantur.
1062 2792 1194 2841 Unde
1236 2802 1283 2840 et
1319 2795 1565 2858 purpurati
1605 2810 1685 2842 re-

174 2985 219 3034 1)
251 2986 319 3023 Fr.
345 2988 510 3027 Iunius:
556 3002 725 3039 neque
767 2992 966 3029 iudicia
997 2992 1052 3029 de
1086 3004 1121 3029 c.
1146 3004 1181 3030 a.
1208 3005 1243 3030 v.
1263 3005 1299 3041 p.
1332 2994 1492 3043 ferat,
1526 2994 1684 3031 etiam

40 3078 47 3083 .
125 3042 369 3091 Qccunia
397 3056 560 3092 neque
590 3048 628 3086 d.
659 3061 699 3086 n.
731 3061 798 3097 pr.
847 3049 966 3091 Quae
985 3048 1234 3088 coniectura
1257 3051 1337 3087 etsi
1361 3063 1447 3089 non
1472 3021 1682 3099 displicet,

50 3134 145 3162 3
230 3099 497 3139 scribendum
533 3104 727 3144 videtur:
805 3117 968 3151 neque
1015 3105 1215 3145 iudicia
1258 3127 1316 3135 ——
1361 3109 1530 3156 ferat,
1591 3119 1682 3144 ne-

80 3161 240 3200 ¹&wem
273 3161 353 3194 ete.
