1942 3554
327 177 411 216 ΗΕ
441 177 963 216 EXHORTATIONE
992 175 1386 217 CASTITATls.
1535 176 1667 224 105

58 239 71 265 2
700 263 701 268 ,

27 335 30 338 ⁴
170 292 204 339 i.
249 290 461 339 'Cautum
500 299 573 338 est
609 292 657 338 in
693 289 934 338 Levitico:
983 289 1271 339 Sacerdotes
1308 291 1400 338 mei
1439 307 1532 338 non
1568 292 1672 355 plus

50 415 52 418 y
139 371 221 411 ent
235 363 302 423 ¹).
343 359 552 408 *Possum
585 361 770 419 dicere,
819 363 962 409 etiam
991 361 1103 409 illud
1134 363 1236 426 plus
1268 378 1396 419 esse,
1443 361 1568 426 quod
1598 379 1674 410 se-

66 432 136 482 fel
180 450 275 482 non
320 441 416 491 est3
465 431 590 495 quod
636 449 729 479 non
759 450 897 480 unum
929 442 1023 491 est,
1071 449 1289 481 numerus
1327 442 1422 492 est3
1470 432 1674 498 denique

28 493 152 578 ᾔδει
189 521 330 554 unum
363 503 532 567 incipit
570 520 803 551 numerus.
866 503 1014 551 Unum
1053 513 1209 552 autem
1253 513 1328 552 'est
1372 519 1510 553 omne
1549 504 1671 569 quod

70 576 310 624 ‘mel-est.
363 573 468 621 'Sed
499 574 638 634 uni2)
674 575 871 622 Christo*
896 575 1194 634 servabatur,
1242 577 1366 623 sicut
1401 577 1450 623 iu
1482 578 1673 635 ceteris,

56 700 61 707 ¹
138 648 187 694 in
217 647 308 694 isto
349 661 557 710 quoque,
605 647 724 709 legis
762 645 1021 710 plenitudo.
1084 646 1199 695 Inde
1238 648 1385 709 igitur
1426 646 1549 710 apud
1588 665 1675 696 nos

24 712 226 793 ‘lenius
255 726 394 781 atque
434 718 705 765 instructius
742 717 1084 781 praescribitur
1098 719 1171 777 3),
1218 720 1352 764 unius
1391 719 1676 766 matrimonii

16 795 150 850 'fisse
175 797 435 853 oportere,
484 789 560 851 qui
598 789 924 851 alleguntur4)
965 789 1012 834 in
1052 788 1263 836 ordinem
1310 788 1674 838 sacerdotalem.

31 855 200 924 Usque
240 858 360 907 adeo
395 858 619 924 quosdam
657 860 845 906 memini
884 858 1097 922 digamos
1136 860 1244 907 loco
1284 859 1513 907 deiectos.
1577 860 1676 908 Sed

94 943 206 980 ces:
260 947 377 994 ergo
418 932 594 978 ceteris
624 931 759 987 licet,
808 946 923 994 quos
963 932 1155 994 excipit.
1223 929 1347 978 Vani
1393 932 1588 990 erimus,
1636 933 1677 980 si

29 928 380 1130 ἱὴνθνίωΰε,
428 1001 552 1066 quod
597 1000 923 1055 sacerdotibus
969 1017 1062 1048 non
1116 1002 1281 1059 liceat,
1329 1003 1464 1049 laicis
1510 1004 1673 1052 licere.

126 1089 216 1122 nne
248 1082 297 1121 et
326 1074 437 1120 laici
468 1071 745 1120 sacerdotes
783 1076 968 1120 sumus?
1028 1071 1266 1137 Scriptum
1304 1082 1399 1120 est:
1462 1073 1675 1138 Regnum

31 1136 231 1213 Quoque
261 1161 347 1191 nos
379 1153 428 1191 et
457 1143 749 1201 sacerdotes,
784 1142 874 1191 deo
907 1143 956 1191 et
985 1145 1109 1208 patri
1147 1161 1231 1191 suo
1270 1145 1387 1192 fecit
1403 1147 1465 1204 5).
1526 1144 1677 1194 Diffe-

30 1217 244 1265 :tentiam
270 1217 401 1262 inter
431 1214 645 1263 ordinem
677 1223 726 1262 et
754 1215 940 1279 plebem
967 1210 1210 1263 constituit
1240 1217 1477 1264 ecclesiae
1509 1226 1676 1264 aucto-

29 1288 174 1345 ffitas,
207 1295 258 1335 et
286 1286 440 1333 honor
469 1302 557 1351 per
587 1284 767 1333 ordinis
798 1302 1070 1334 consessum
1102 1287 1423 1334 sanctificatus
1439 1288 1503 1347 6).
1534 1286 1674 1336 Adeo

23 1358 471 1407 *rubiecclesiastici
504 1356 682 1404 ordinis
714 1374 809 1404 non
839 1366 912 1404 est
934 1373 1214 1415 consessus,
1250 1367 1298 1405 et
1329 1358 1473 1406 offers
1505 1368 1553 1406 et
1577 1361 1675 1406 tin—

30 1445 43 1491 .
78 1437 81 1440 ’
107 1430 148 1476 is
178 1437 228 1476 et
257 1427 484 1476 sacerdos
515 1444 566 1476 es
596 1428 684 1475 tibi
713 1429 920 1485 solus7).
963 1427 1059 1476 Sed
1092 1429 1170 1476 ubi
1201 1437 1313 1486 tres,
1348 1431 1556 1477 ecclesia
1587 1439 1674 1488 est,

30 1438 160 1557 laet
185 1494 362 1547 -laicis-
390 1497 714 1563 Unusquisque
760 1500 901 1546 enim,
930 1498 988 1546 de
1035 1516 1119 1546 sua
1162 1498 1255 1547 fide
1294 1501 1428 1558 vivit,
1475 1518 1564 1548 nec
1605 1511 1679 1549 est

106 1586 349 1618 rsonarum
387 1569 770 1634 acceptio-apud
809 1569 962 1623 deum.
1033 1570 1260 1629 Quoniam
1300 1588 1394 1618 non
1434 1571 1676 1620 auditores

22 1641 44 1691 ἶΙ
94 1643 167 1706 gis
196 1641 571 1689 iustificabuntur
601 1640 767 1698 a1deo,
802 1641 886 1689 sed
917 1642 1151 1699 factores,
1185 1642 1439 1690 secundum
1472 1643 1596 1707 quod
1628 1653 1678 1691 et

30 1729 43 1763 ι
139 1713 286 1761 stolus
315 1711 511 1772 dicits).
573 1711 724 1775 Igitur
753 1714 792 1759 si
824 1713 969 1760 habes
1007 1714 1078 1760 ius
1117 1712 1383 1760 sacerdotis
1421 1715 1468 1760 in
1506 1724 1676 1763 temet-

27 1716 148 1911 ἔ)
178 1783 258 1832 ubi
287 1799 484 1842 necesse
516 1791 610 1840 est,
643 1783 819 1830 habeas
860 1780 1051 1847 oportet
1088 1785 1229 1832 etiam
1270 1784 1564 1848 disciplinam
1601 1803 1677 1834 sa-

30 1874 43 1900 ·
97 1867 98 1870 ’
131 1853 276 1913 dotis,
321 1855 402 1902 ubi
441 1869 639 1906 necesse
679 1855 959 1901 esthabere
999 1856 1069 1901 ius
1104 1854 1388 1902 sacerdotis.
1450 1856 1675 1919 Digamus

30 1927 247 1990 maguis?
305 1924 516 1988 digamus
548 1925 723 1991 offers?
782 1934 954 1989 quanto
988 1927 1141 1988 magis*
1168 1926 1291 1973 laico
1325 1925 1512 1989 digamo
1546 1930 1677 1992 capi-

28 1994 140 2048 tfile
171 1998 264 2045 erit
300 2011 446 2059 agere
485 2012 571 2059 pro
609 1994 1039 2054 sacerdote,'cum
1078 1998 1167 2060 ipsi
1207 1997 1447 2044 sacerdoti
1486 1997 1674 2062 digamo

15 2065 287 2117 *mfinferatur
313 2083 462 2130 agere
494 2066 823 2114 sacerdotem?
883 2065 979 2114 Sed
1039 2069 1338 2125 necessitati,
1381 2070 1555 2132 inquis,
1603 2072 1675 2117 in-

29 2137 281 2203 dulgetur.
319 2137 463 2186 Nulla
493 2139 752 2185 necessitas
785 2147 1052 2195 excusatur,
1087 2155 1205 2202 quae
1237 2148 1396 2202 potest
1427 2157 1520 2187 non
1551 2157 1673 2189 esse.

19 2207 159 2274 'l-Noii
189 2209 390 2273 denique
422 2208 634 2272 digamus
673 2207 982 2273 deprehendi,
1017 2219 1066 2257 et
1096 2227 1189 2256 non
1222 2212 1478 2258 committis
1511 2213 1561 2261 in
1590 2229 1674 2261 ne-

22 2274 314 2337 biessitatem
346 2278 701 2335 administrandi
748 2279 871 2344 quod
917 2286 1017 2328 non'
1060 2281 1175 2329 licet
1220 2280 1427 2345 digamo.
1503 2282 1674 2332 Omnes

41 2362 46 2409 ζ
161 2351 277 2400 deus
306 2353 371 2399 ita
399 2352 499 2398 vult
529 2350 782 2415 dispositos
812 2368 935 2410 esse,
966 2361 1017 2399 ut
1046 2352 1216 2416 ubique
1241 2355 1549 2401 sacramentis
1573 2357 1675 2402 eius

120 2422 275 2471 ·undis
305 2423 403 2487 apti
433 2423 587 2470 simus.
654 2421 792 2470 Unus
824 2422 962 2480 deus,
1010 2438 1101 2470 una
1132 2423 1272 2481 fides,
1316 2419 1411 2471 una
1450 2433 1499 2472 et
1529 2424 1674 2473 disci.-

19 2555 22 2557 ‚
92 2518 96 2538 ς
124 2517 127 2531 =
152 2528 186 2542 .
220 2493 376 2557 Usque
406 2492 528 2541 adeo
559 2494 649 2541 nisi
679 2502 729 2540 et
760 2495 868 2541 laici
900 2510 956 2541 ea
989 2494 1257 2551 observent,
1276 2510 1363 2558 per
1396 2511 1513 2558 quae
1536 2512 1671 2559 pres-

141 2566 200 2612 ·ri
239 2565 528 2627 alleguntur,
577 2564 819 2628 quomodo
844 2573 983 2612 erunt
1010 2565 1304 2629 presbyteri,
1338 2567 1416 2628 qui
1446 2565 1504 2613 de
1538 2568 1672 2633 laicis

81 2691 119 2738 ι
158 2694 204 2743 1)
219 2694 320 2731 Lev.
339 2695 406 2743 21,
422 2693 487 2730 14.
553 2694 598 2743 2)
616 2691 759 2730 Gelen.
785 2696 826 2730 et
840 2693 902 2729 ed.
920 2693 1063 2731 Fran.:
1082 2693 1172 2731 uni
1197 2695 1227 2730 C
1242 2693 1334 2740 h1·.;
1354 2693 1447 2732 alii:
1467 2694 1518 2732 in
1539 2695 1674 2745 Ghr„

78 2766 136 2794 zv.
169 2742 266 2790 Sed
293 2749 518 2790 Christo.
665 2747 709 2801 3)
729 2749 812 2787 Tit.
831 2751 868 2797 1,
890 2752 928 2788 6.
1069 2747 1114 2802 4)
1142 2753 1204 2787 Ita
1228 2750 1451 2799 Rigaltius.
1480 2751 1672 2791 Rhenani

83 2808 160 2846 .1.
193 2817 320 2854 quos
351 2805 573 2854 alleget3
605 2805 667 2843 ed.
693 2806 815 2843 Fran.
848 2818 976 2853 quos
1010 2807 1175 2855 allegi
1204 2807 1503 2854 liceat;cod.
1529 2810 1664 2848 Wan-

29 2869 42 2901 t
101 2863 167 2902 >ἐ
197 2874 325 2911 quos
352 2862 517 2911 allegi
549 2861 598 2899 in
630 2863 734 2900 ord.
767 2874 866 2902 sac.
894 2867 1123 2911 oportet.
1182 2865 1281 2912 Leg.
1306 2865 1510 2904 fortasse:
1536 2878 1669 2913 quos

40 2940 42 2943 ·
118 2919 338 2969 egerint
367 2915 431 2956 in.
451 2919 559 2961 ord.
583 2918 985 2966 sacerdo-talem.
1047 2921 1091 2967 5)
1107 2921 1284 2968 Apocal.
1303 2923 1342 2962 1,
1363 2924 1401 2958 6.
1460 2919 1506 2972 6)
1523 2923 1669 2975 Rhea„

40 2988 44 2998 τ
107 2990 125 3022 g
162 2977 247 3014 sius
277 2975 702 3023 aliique-,sanctifi
734 2986 758 3013 a
789 2976 900 3015 deo.
935 2977 1028 3015 Ubi
1050 2980 1136 3015 etc.
1171 2978 1288 3018 ,θοαὶ
1319 2979 1506 3025 Wouw.:
1540 2991 1669 3018 aan-

102 3034 346 3072 ssicatus.
405 3032 641 3071 Ideo.ubi
672 3035 751 3070 etc.
868 3031 910 3081 7)
938 3034 1008 3072 Sic
1025 3034 1115 3084 Rig.
1140 3037 1170 3073 e‘
1189 3035 1278 3072 cod.
1297 3036 1516 3083 Agobardi.
1560 3038 1665 3075 Alii:

103 3084 288 3128 ‘Hert
315 3093 365 3127 et
393 3090 558 3138 tingit
589 3091 864 3139 sacerdos,
899 3092 985 3138 qui
1016 3095 1095 3130 est
1125 3092 1196 3130 ibi
1223 3092 1380 3132 solus.
1485 3091 1532 3144 8)
1548 3095 1666 3131 Rom.
