1942 3554
285 224 371 270 48
805 224 888 261 DE
923 221 1375 261 POENITENTIA.

286 348 414 398 sunt,
448 345 664 403 quantum
696 335 753 382 ab
784 336 885 398 ipso
917 335 1111 382 rationis
1142 343 1360 383 auctore:
1409 334 1578 398 quippe
1607 349 1685 383 res
1716 334 1792 384 dei
1821 353 1900 385 ra-

284 411 377 468 tio;
413 409 519 472 quia
550 406 663 455 deus
696 407 894 452 omnium
927 404 1169 462 conditor,
1201 405 1314 452 nihil
1344 421 1437 452 non
1467 406 1653 453 ratione
1676 406 1906 470 providit,

286 478 535 543 disposuit,
585 475 839 533 ordinavit,
885 475 998 522 nihil
1037 492 1130 523 non
1167 476 1350 523 ratione
1383 476 1578 523 tractari
1608 476 1910 541 intelligiquei

283 549 444 596 voluit.
521 547 669 610 Igitur
712 547 985 609 ignorantes
1031 546 1197 609 quique
1244 545 1402 627 deum,
1448 561 1547 594 rem
1587 563 1768 612 quoque
1801 549 1911 619 eiust

285 621 505 682 ignorent
535 634 731 666 necesse
763 626 855 674 est,
905 617 1011 680 quia
1056 617 1205 663 nullus
1251 617 1436 664 omnino
1467 617 1712 666 thesaurus
1743 622 1910 666 extra-J

285 691 386 737 neis
416 697 560 754 patet.
623 688 783 752 Itaque
815 688 1075 734 universam
1105 687 1230 734 vitae
1264 688 1668 735 conversationem
1693 689 1792 736 sine
1816 693 1912 752 gud

284 760 542 808 bernaculo
574 759 770 806 rationis
803 759 1183 815 transfretantes,
1231 758 1543 806 imminentem
1590 759 1750 806 seculo
1790 774 1910 824 pro-¹

287 832 452 878 cellam
481 831 632 877 vitare
665 846 758 875 non
790 837 973 875 norunt.
1023 828 1166 887 Quam
1193 837 1346 875 autem
1372 829 1418 875 in
1447 830 1767 892 poenitentiae
1793 838 1914 878 actu*

283 900 671 949 irrationabiliter
688 901 733 960 1)
752 898 1071 955 deversentur,
1088 899 1163 945 vel
1180 915 1271 945 uno
1289 899 1378 945 isto
1405 899 1517 946 satis
1543 900 1634 946 erit
1659 899 1901 964 expedire,

286 989 388 1020 eum
419 973 543 1019 illam
575 971 714 1018 etiam
746 971 792 1016 in
816 969 950 1016 bonis
974 969 1111 1016 factis
1137 969 1229 1016 suis
1254 968 1492 1016 adhibent.
1532 967 1751 1018 Poenitet
1775 970 1903 1028 fidei,

284 1043 478 1099 amoris,
512 1041 843 1104 simplicitatis,
876 1040 1154 1103 patientiae,
1201 1038 1576 1102 misericordiae,
1622 1049 1764 1104 prout
1794 1040 1903 1105 quid

283 1114 330 1160 in
362 1113 608 1174 ingratiam
643 1110 831 1158 cecidit.
896 1108 1184 1172 Semetipsos
1229 1118 1559 1167 exsecrantur,
1607 1102 1714 1174 quia
1756 1110 1903 1159 bene-

282 1184 508 1239 fecerint,
542 1196 736 1243 eamque
768 1180 966 1227 maxime
997 1179 1316 1242 poenitentiae
1348 1181 1576 1243 speciem,
1625 1197 1742 1244 quae
1783 1183 1903 1245 opti-

283 1253 367 1299 mis
402 1252 621 1315 operibus
645 1252 906 1312 irrogatur,
939 1250 985 1295 in
1013 1248 1158 1296 corde
1186 1249 1346 1311 figunt,
1379 1250 1642 1298 meminisse
1668 1261 1903 1310 curantes,

283 1339 341 1370 ne
375 1321 482 1386 quid
513 1322 625 1368 boni
655 1337 814 1368 rursus
844 1328 1110 1383 praestent,
1145 1328 1312 1366 contra
1334 1321 1654 1384 poenitentiae
1678 1323 1905 1370 malorum

283 1395 429 1441 levius
460 1392 683 1440 incubant
697 1393 768 1451 2),
817 1390 1016 1454 denique
1057 1390 1242 1437 facilius
1270 1406 1358 1454 per
1387 1390 1583 1438 eandem
1615 1391 1913 1457 delinquunt,

286 1481 420 1528 quam
451 1479 537 1527 per
568 1461 765 1510 eandem
797 1470 929 1508 recte
961 1462 1155 1507 faciunt.

423 1539 470 1586 2.
535 1531 669 1591 Quod
701 1533 739 1579 si
771 1531 847 1579 dei
878 1548 933 1579 ac
965 1547 1052 1594 per
1081 1532 1171 1578 hoc
1203 1532 1398 1579 rationis
1437 1548 1620 1596 quoque
1660 1542 1902 1598 compotes

284 1613 505 1668 agerent,
553 1604 720 1669 merita
750 1603 899 1666 primo
939 1602 1260 1666 poenitentiae
1301 1602 1645 1666 expenderent,
1693 1620 1782 1652 nec
1821 1621 1917 1651 lin-2

286 1692 419 1740 quam
452 1691 553 1723 eam
586 1673 645 1721 ad
677 1682 972 1736 augmentum
990 1675 1035 1733 3)
1068 1688 1320 1736 perversae
1346 1673 1686 1721 emendationis
1710 1673 1918 1723 adhibe·-v

285 1755 414 1805 rent,
447 1744 631 1792 modum
663 1743 862 1807 denique
894 1740 1171 1807 poenitendi
1200 1751 1543 1807 temperarent,
1593 1745 1699 1808 quia
1736 1754 1784 1792 et
1823 1745 1906 1793 de-

284 1815 523 1881 linquendi
568 1823 808 1872 tenerent,
869 1815 1086 1861 timentes
1134 1812 1367 1860 dominum
1413 1815 1609 1862 scilicet.
1687 1808 1783 1863 Sed
1826 1816 1908 1863 uhi

284 1896 434 1935 metus
458 1886 633 1944 nullus,
666 1883 933 1933 emendatio
957 1882 1156 1948 proinde
1183 1884 1332 1943 nulla3
1364 1884 1446 1932 ubi
1472 1883 1737 1933 emendatio
1763 1887 1906 1944 nulla,

282 1958 576 2023 poenitentia
605 1956 878 2003 necessario
907 1971 1050 2002 vana:
1086 1955 1193 2018 quia
1220 1963 1355 2002 caret
1377 1956 1533 2003 fructu
1558 1971 1665 2015 suo,
1700 1958 1775 2003 cui
1805 1972 1908 2004 eam

286 2029 399 2076 deus
432 2029 571 2085 sevit,
603 2025 653 2076 id
685 2035 780 2085 est,
821 2027 1020 2073 hominis
1052 2026 1203 2072 saluti.
1265 2024 1385 2072 Nam
1432 2025 1546 2080 deus
1581 2035 1690 2091 post
1734 2036 1804 2074 tot
1849 2043 1907 2074 ac

283 2108 415 2147 tanta
447 2097 624 2146 delicta
653 2097 881 2144 humanae
913 2097 1214 2154 temeritatiS,
1249 2112 1277 2142 a
1304 2097 1518 2160 principe
1550 2098 1738 2160 generis
1753 2096 1908 2145 Adam

285 2171 550 2233 auspicata,
595 2176 704 2232 post
749 2166 1105 2214 condemnatum
1149 2166 1383 2213 hominem
1431 2184 1532 2214 cum
1579 2168 1725 2215 seculi
1779 2167 1906 2226 dote,

285 2248 393 2305 post
424 2240 624 2286 eiectum
654 2236 874 2300 paradiso
907 2238 1138 2299 mortique
1172 2236 1453 2294 subiectum,
1502 2254 1604 2284 cum
1650 2255 1808 2286 rursus
1848 2237 1908 2286 ad

287 2327 414 2358 suam
460 2306 829 2355 miser‘icoxdiam
875 2308 1222 2362 maturavisset,
1275 2307 1365 2352 iam
1410 2305 1518 2353 inde
1563 2308 1610 2352 in
1655 2309 1906 2372 semetipso

285 2378 622 2446 poenitentiam
654 2377 913 2435 dedicavit,
960 2377 1163 2423 rescissa
1207 2377 1439 2423 sententia
1478 2377 1650 2424 irarum
1687 2379 1908 2442 pristina-

286 2469 412 2508 rum,
444 2451 694 2513 ignoscere
726 2456 891 2512 pactus
923 2447 1056 2511 operi
1088 2454 1136 2494 et
1166 2446 1356 2508 imagini
1381 2463 1507 2495 suae.
1556 2447 1718 2512 Itaque
1744 2458 1792 2496 et
1821 2466 1907 2513 po-

286 2523 442 2588 pulum
474 2521 561 2568 sibi
594 2519 915 2581 congregavit,
949 2527 997 2565 et
1020 2517 1172 2565 multis
1197 2517 1418 2564 bonitatis
1444 2534 1554 2566 suae
1582 2519 1908 2586 largitionibus

287 2593 426 2650 fovit,
476 2600 524 2638 et
563 2590 923 2653 ingratissimum
961 2589 1134 2635 totiens
1175 2596 1416 2651 expertus,
1473 2588 1535 2635 ad
1569 2591 1907 2652 poenitentiam

290 2678 476 2728 semper
505 2662 719 2709 hortatus
751 2669 844 2718 est,
879 2668 927 2707 et
955 2657 1280 2723 prophetando
1306 2659 1628 2706 universorum
1650 2661 1906 2725 propheta·

289 2751 390 2782 rum
423 2733 575 2780 emisit
606 2747 712 2791 ora3
760 2747 871 2777 mox
900 2731 1097 2793 gratiam
1126 2729 1384 2793 pollicitus,
1433 2746 1564 2794 quam
1606 2731 1652 2776 in
1685 2732 1917 2787 extremi<

290 2805 462 2851 tatibus
506 2812 767 2867 temporum
811 2817 898 2865 per
935 2801 1142 2865 spiritum
1183 2815 1309 2846 suum
1347 2801 1564 2848 universo
1605 2800 1708 2848 orbi
1738 2802 1913 2853 illumi-⁷

253 2926 257 2930 x
292 2883 481 2922 naturus
513 2882 660 2931 esset,
706 2873 893 2937 praeire
932 2870 1252 2920 intinctionem
1290 2871 1609 2934 poenitentiae
1647 2872 1807 2930 iussit,
1856 2880 1910 2919 ut

407 3001 451 3050 1)
483 3002 573 3050 Rig.
605 3000 1014 3038 irrationaliter.
1131 2999 1174 3047 2)
1197 3000 1407 3038 Itaecod.
1426 2999 1606 3052 Qash·
1621 3000 1650 3038 l.
1669 2999 1908 3038 emendavit

250 3101 253 3108 ,
292 3058 448 3105 Rhen.;
481 3059 663 3096 Semler:
705 3058 924 3095 maxime
962 3055 1255 3104 patientiae
1294 3057 1522 3103 speciem
1558 3075 1615 3084 —-
1650 3057 1702 3094 in
1749 3057 1905 3094 corde

293 3113 490 3164 figunt,
525 3110 642 3165 (Rig.
674 3113 934 3163 fingunt,)
970 3135 1018 3141 --
1052 3116 1236 3151 contra
1275 3113 1572 3160 patientiae
1601 3112 1791 3154 malum
1822 3116 1903 3153 etc.

297 3172 339 3220 3)
373 3172 540 3210 VVouw.
559 3174 600 3209 et
618 3170 707 3219 Rig.
735 3171 791 3208 ad
810 3183 831 3208 a
845 3182 983 3219 rgum
997 3172 1078 3207 ent
1094 3181 1181 3207 um.
