<?xml version="1.0" encoding="UTF-8"?>
<!DOCTYPE html PUBLIC "-//W3C//DTD XHTML 1.0 Transitional//EN"
    "http://www.w3.org/TR/xhtml1/DTD/xhtml1-transitional.dtd">
<html xmlns="http://www.w3.org/1999/xhtml" xml:lang="en" lang="en">
 <head>
  <title>
</title>
<meta http-equiv="Content-Type" content="text/html;charset=utf-8" />
  <meta name='ocr-system' content='tesseract 3.04.00' />
  <meta name='ocr-capabilities' content='ocr_page ocr_carea ocr_par ocr_line ocrx_word'/>
</head>
<body>
  <div class='ocr_page' id='page_1' title='image "./operatert12tertuoft_0232.png"; bbox 0 0 1942 3554; ppageno 0'>
   <div class='ocr_carea' id='block_1_1' title="bbox 283 209 1558 268">
    <p class='ocr_par' dir='ltr' id='par_1_1' title="bbox 283 209 1558 268">
     <span class='ocr_line' id='line_1_1' title="bbox 283 209 1558 268; baseline -0.005 -12"><span class='ocrx_word' id='word_1_1' title='bbox 283 220 401 268; x_wconf 73' lang='lat'><strong>220</strong></span> <span class='ocrx_word' id='word_1_2' title='bbox 640 216 858 254; x_wconf 66' lang='lat' dir='ltr'><strong>CONTRA</strong></span> <span class='ocrx_word' id='word_1_3' title='bbox 890 213 1195 254; x_wconf 85' lang='lat' dir='ltr'><strong>GNOSTICOS</strong></span> <span class='ocrx_word' id='word_1_4' title='bbox 1229 209 1558 250; x_wconf 59' lang='lat' dir='ltr'><strong>Summemm-</strong></span> 
     </span>
    </p>
   </div>
   <div class='ocr_carea' id='block_1_2' title="bbox 283 349 1942 1956">
    <p class='ocr_par' dir='ltr' id='par_1_2' title="bbox 283 349 1909 418">
     <span class='ocr_line' id='line_1_2' title="bbox 283 349 1909 418; baseline -0.005 -13"><span class='ocrx_word' id='word_1_5' title='bbox 283 358 399 414; x_wconf 89' lang='lat' dir='ltr'><strong>fide,</strong></span> <span class='ocrx_word' id='word_1_6' title='bbox 455 372 546 402; x_wconf 90' lang='lat' dir='ltr'><strong>non</strong></span> <span class='ocrx_word' id='word_1_7' title='bbox 596 355 796 418; x_wconf 87' lang='lat' dir='ltr'><strong>pecunia</strong></span> <span class='ocrx_word' id='word_1_8' title='bbox 841 354 953 410; x_wconf 85' lang='lat' dir='ltr'><strong>tuti,</strong></span> <span class='ocrx_word' id='word_1_9' title='bbox 1008 367 1126 416; x_wconf 87' lang='lat' dir='ltr'><strong>quac</strong></span> <span class='ocrx_word' id='word_1_10' title='bbox 1174 349 1290 398; x_wconf 86' lang='lat' dir='ltr'><strong>fides</strong></span> <span class='ocrx_word' id='word_1_11' title='bbox 1328 351 1367 396; x_wconf 93' lang='lat' dir='ltr'><strong>si</strong></span> <span class='ocrx_word' id='word_1_12' title='bbox 1405 357 1606 396; x_wconf 90' lang='lat' dir='ltr'><strong>montem</strong></span> <span class='ocrx_word' id='word_1_13' title='bbox 1647 350 1909 407; x_wconf 60' lang='lat' dir='ltr'><strong>transferre¹</strong></span> 
     </span>
    </p>

    <p class='ocr_par' dir='ltr' id='par_1_3' title="bbox 284 408 1910 491">
     <span class='ocr_line' id='line_1_3' title="bbox 284 408 1910 491; baseline -0.004 -18"><span class='ocrx_word' id='word_1_14' title='bbox 284 436 464 491; x_wconf 86' lang='lat' dir='ltr'><strong>potest,</strong></span> <span class='ocrx_word' id='word_1_15' title='bbox 506 425 650 471; x_wconf 89' lang='lat' dir='ltr'><strong>multo</strong></span> <span class='ocrx_word' id='word_1_16' title='bbox 683 425 832 486; x_wconf 87' lang='lat' dir='ltr'><strong>magis</strong></span> <span class='ocrx_word' id='word_1_17' title='bbox 864 423 1074 469; x_wconf 89' lang='lat' dir='ltr'><strong>militem.</strong></span> <span class='ocrx_word' id='word_1_18' title='bbox 1139 420 1255 468; x_wconf 87' lang='lat' dir='ltr'><strong>Esto</strong></span> <span class='ocrx_word' id='word_1_19' title='bbox 1287 419 1540 483; x_wconf 79' lang='lat' dir='ltr'>sapientia,</span> <span class='ocrx_word' id='word_1_20' title='bbox 1572 410 1664 466; x_wconf 68' lang='lat' dir='ltr'><strong>non</strong></span> <span class='ocrx_word' id='word_1_21' title='bbox 1697 408 1910 482; x_wconf 50' lang='lat' dir='ltr'><strong>praemit}</strong></span> 
     </span>
    </p>

    <p class='ocr_par' dir='ltr' id='par_1_4' title="bbox 287 485 1916 624">
     <span class='ocr_line' id='line_1_4' title="bbox 287 485 1916 558; baseline -0.004 -14"><span class='ocrx_word' id='word_1_22' title='bbox 287 506 465 545; x_wconf 86' lang='lat' dir='ltr'><strong>cautus.</strong></span> <span class='ocrx_word' id='word_1_23' title='bbox 541 494 709 558; x_wconf 82' lang='lat' dir='ltr'><strong>Neque</strong></span> <span class='ocrx_word' id='word_1_24' title='bbox 752 494 872 540; x_wconf 90' lang='lat' dir='ltr'><strong>enim</strong></span> <span class='ocrx_word' id='word_1_25' title='bbox 913 493 1066 539; x_wconf 86' lang='lat' dir='ltr'><strong>statim</strong></span> <span class='ocrx_word' id='word_1_26' title='bbox 1107 501 1156 538; x_wconf 88' lang='lat' dir='ltr'><strong>et</strong></span> <span class='ocrx_word' id='word_1_27' title='bbox 1187 507 1213 538; x_wconf 85' lang='lat' dir='ltr'><strong>a</strong></span> <span class='ocrx_word' id='word_1_28' title='bbox 1243 490 1417 553; x_wconf 92' lang='lat' dir='ltr'><strong>populo</strong></span> <span class='ocrx_word' id='word_1_29' title='bbox 1451 490 1545 536; x_wconf 85' lang='lat' dir='ltr'><strong>eris</strong></span> <span class='ocrx_word' id='word_1_30' title='bbox 1575 495 1725 546; x_wconf 86' lang='lat' dir='ltr'><strong>tutus,</strong></span> <span class='ocrx_word' id='word_1_31' title='bbox 1763 489 1803 535; x_wconf 90' lang='lat' dir='ltr'><strong>si</strong></span> <span class='ocrx_word' id='word_1_32' title='bbox 1833 485 1916 542; x_wconf 50' lang='grc' dir='ltr'><strong>οβ’</strong></span> 
     </span>
     <span class='ocr_line' id='line_1_5' title="bbox 290 557 1906 624; baseline -0.005 -9"><span class='ocrx_word' id='word_1_33' title='bbox 290 568 395 615; x_wconf 84' lang='lat' dir='ltr'><strong>ficia</strong></span> <span class='ocrx_word' id='word_1_34' title='bbox 427 565 646 611; x_wconf 84' lang='lat' dir='ltr'><strong>militaria</strong></span> <span class='ocrx_word' id='word_1_35' title='bbox 677 562 953 611; x_wconf 83' lang='lat' dir='ltr'><strong>redemeris.</strong></span> <span class='ocrx_word' id='word_1_36' title='bbox 999 562 1095 609; x_wconf 87' lang='lat' dir='ltr'><strong>Una</strong></span> <span class='ocrx_word' id='word_1_37' title='bbox 1128 578 1245 624; x_wconf 85' lang='lat' dir='ltr'><strong>ergo</strong></span> <span class='ocrx_word' id='word_1_38' title='bbox 1277 560 1361 606; x_wconf 89' lang='lat' dir='ltr'><strong>tihi</strong></span> <span class='ocrx_word' id='word_1_39' title='bbox 1392 568 1440 606; x_wconf 88' lang='lat' dir='ltr'><strong>et</strong></span> <span class='ocrx_word' id='word_1_40' title='bbox 1462 557 1581 606; x_wconf 88' lang='lat' dir='ltr'><strong>fides</strong></span> <span class='ocrx_word' id='word_1_41' title='bbox 1606 567 1654 605; x_wconf 88' lang='lat' dir='ltr'><strong>et</strong></span> <span class='ocrx_word' id='word_1_42' title='bbox 1681 559 1906 621; x_wconf 51' lang='lat' dir='ltr'><strong>sapienti}</strong></span> 
     </span>
    </p>

    <p class='ocr_par' dir='ltr' id='par_1_5' title="bbox 287 627 1906 697">
     <span class='ocr_line' id='line_1_6' title="bbox 287 627 1906 697; baseline -0.006 -12"><span class='ocrx_word' id='word_1_43' title='bbox 287 637 344 685; x_wconf 90' lang='lat' dir='ltr'><strong>ad</strong></span> <span class='ocrx_word' id='word_1_44' title='bbox 377 636 568 683; x_wconf 85' lang='lat' dir='ltr'><strong>tutelam</strong></span> <span class='ocrx_word' id='word_1_45' title='bbox 601 651 718 697; x_wconf 92' lang='lat' dir='ltr'><strong>opus</strong></span> <span class='ocrx_word' id='word_1_46' title='bbox 750 642 844 691; x_wconf 90' lang='lat' dir='ltr'><strong>est,</strong></span> <span class='ocrx_word' id='word_1_47' title='bbox 886 632 1050 696; x_wconf 88' lang='lat' dir='ltr'><strong>quibus</strong></span> <span class='ocrx_word' id='word_1_48' title='bbox 1082 648 1174 678; x_wconf 91' lang='lat' dir='ltr'><strong>non</strong></span> <span class='ocrx_word' id='word_1_49' title='bbox 1207 629 1427 677; x_wconf 84' lang='lat' dir='ltr'>adhibitis</span> <span class='ocrx_word' id='word_1_50' title='bbox 1460 637 1509 676; x_wconf 90' lang='lat' dir='ltr'><strong>et</strong></span> <span class='ocrx_word' id='word_1_51' title='bbox 1537 627 1906 692; x_wconf 70' lang='lat' dir='ltr'><strong>redemptionem</strong></span> 
     </span>
    </p>

    <p class='ocr_par' dir='ltr' id='par_1_6' title="bbox 287 695 1907 768">
     <span class='ocr_line' id='line_1_7' title="bbox 287 695 1907 768; baseline -0.007 -14"><span class='ocrx_word' id='word_1_52' title='bbox 287 718 414 754; x_wconf 90' lang='lat' dir='ltr'><strong>tuam</strong></span> <span class='ocrx_word' id='word_1_53' title='bbox 446 714 582 768; x_wconf 89' lang='lat' dir='ltr'><strong>potes</strong></span> <span class='ocrx_word' id='word_1_54' title='bbox 613 703 842 768; x_wconf 86' lang='lat' dir='ltr'><strong>perdere,</strong></span> <span class='ocrx_word' id='word_1_55' title='bbox 893 702 1113 749; x_wconf 76' lang='lat' dir='ltr'>adhibitis</span> <span class='ocrx_word' id='word_1_56' title='bbox 1155 699 1275 748; x_wconf 87' lang='lat' dir='ltr'><strong>haud</strong></span> <span class='ocrx_word' id='word_1_57' title='bbox 1315 698 1688 762; x_wconf 88' lang='lat' dir='ltr'><strong>redemptionem</strong></span> <span class='ocrx_word' id='word_1_58' title='bbox 1721 695 1907 759; x_wconf 54' lang='lat' dir='ltr'><strong>desidefss</strong></span> 
     </span>
    </p>

    <p class='ocr_par' dir='ltr' id='par_1_7' title="bbox 290 767 1912 835">
     <span class='ocr_line' id='line_1_8' title="bbox 290 767 1912 835; baseline -0.007 -11"><span class='ocrx_word' id='word_1_59' title='bbox 290 792 415 825; x_wconf 85' lang='lat' dir='ltr'><strong>rare.</strong></span> <span class='ocrx_word' id='word_1_60' title='bbox 491 775 737 822; x_wconf 90' lang='lat' dir='ltr'><strong>Postremo</strong></span> <span class='ocrx_word' id='word_1_61' title='bbox 784 775 823 820; x_wconf 91' lang='lat' dir='ltr'><strong>si</strong></span> <span class='ocrx_word' id='word_1_62' title='bbox 871 773 1100 835; x_wconf 85' lang='lat' dir='ltr'><strong>colligere</strong></span> <span class='ocrx_word' id='word_1_63' title='bbox 1147 770 1350 818; x_wconf 87' lang='lat' dir='ltr'><strong>interdiu</strong></span> <span class='ocrx_word' id='word_1_64' title='bbox 1403 786 1495 816; x_wconf 92' lang='lat' dir='ltr'><strong>non</strong></span> <span class='ocrx_word' id='word_1_65' title='bbox 1542 777 1704 833; x_wconf 89' lang='lat' dir='ltr'><strong>potes,</strong></span> <span class='ocrx_word' id='word_1_66' title='bbox 1763 767 1912 821; x_wconf 59' lang='lat' dir='ltr'><strong>hahet</strong></span> 
     </span>
    </p>

    <p class='ocr_par' dir='ltr' id='par_1_8' title="bbox 291 837 1942 1181">
     <span class='ocr_line' id='line_1_9' title="bbox 291 837 1918 903; baseline -0.006 -9"><span class='ocrx_word' id='word_1_67' title='bbox 291 855 505 903; x_wconf 86' lang='lat' dir='ltr'><strong>noctem,</strong></span> <span class='ocrx_word' id='word_1_68' title='bbox 545 845 650 891; x_wconf 89' lang='lat' dir='ltr'><strong>luce</strong></span> <span class='ocrx_word' id='word_1_69' title='bbox 686 843 862 891; x_wconf 86' lang='lat' dir='ltr'>Christi</span> <span class='ocrx_word' id='word_1_70' title='bbox 894 843 1119 890; x_wconf 89' lang='lat' dir='ltr'><strong>luminosa</strong></span> <span class='ocrx_word' id='word_1_71' title='bbox 1151 841 1376 888; x_wconf 88' lang='lat' dir='ltr'><strong>adversus</strong></span> <span class='ocrx_word' id='word_1_72' title='bbox 1409 841 1588 900; x_wconf 88' lang='lat' dir='ltr'><strong>eam.1)</strong></span> <span class='ocrx_word' id='word_1_73' title='bbox 1635 837 1744 885; x_wconf 94' lang='lat' dir='ltr'><strong>Non</strong></span> <span class='ocrx_word' id='word_1_74' title='bbox 1773 843 1918 902; x_wconf 59' lang='lat' dir='ltr'><strong>potes.</strong></span> 
     </span>
     <span class='ocr_line' id='line_1_10' title="bbox 292 903 1942 978; baseline -0.005 -14"><span class='ocrx_word' id='word_1_75' title='bbox 292 917 565 964; x_wconf 83' lang='lat' dir='ltr'><strong>discurrere</strong></span> <span class='ocrx_word' id='word_1_76' title='bbox 597 930 684 978; x_wconf 89' lang='lat' dir='ltr'><strong>per</strong></span> <span class='ocrx_word' id='word_1_77' title='bbox 715 914 951 976; x_wconf 81' lang='lat' dir='ltr'><strong>singulos3</strong></span> <span class='ocrx_word' id='word_1_78' title='bbox 995 913 1056 959; x_wconf 91' lang='lat' dir='ltr'><strong>sit</strong></span> <span class='ocrx_word' id='word_1_79' title='bbox 1084 912 1167 958; x_wconf 86' lang='lat' dir='ltr'><strong>tibi</strong></span> <span class='ocrx_word' id='word_1_80' title='bbox 1202 921 1250 959; x_wconf 89' lang='lat' dir='ltr'><strong>et</strong></span> <span class='ocrx_word' id='word_1_81' title='bbox 1281 912 1326 956; x_wconf 92' lang='lat' dir='ltr'><strong>in</strong></span> <span class='ocrx_word' id='word_1_82' title='bbox 1357 910 1508 957; x_wconf 86' lang='lat' dir='ltr'><strong>tribus</strong></span> <span class='ocrx_word' id='word_1_83' title='bbox 1541 909 1763 956; x_wconf 90' lang='lat' dir='ltr'><strong>ecclesia.</strong></span> <span class='ocrx_word' id='word_1_84' title='bbox 1809 906 1910 962; x_wconf 66' lang='lat' dir='ltr'><strong>Me}-</strong></span> <span class='ocrx_word' id='word_1_85' title='bbox 1941 903 1942 906; x_wconf 30' lang='lat'>¹</span> 
     </span>
     <span class='ocr_line' id='line_1_11' title="bbox 293 976 1942 1050; baseline -0.006 -16"><span class='ocrx_word' id='word_1_86' title='bbox 293 989 382 1035; x_wconf 90' lang='lat' dir='ltr'><strong>lius</strong></span> <span class='ocrx_word' id='word_1_87' title='bbox 415 995 508 1041; x_wconf 87' lang='lat' dir='ltr'><strong>est,</strong></span> <span class='ocrx_word' id='word_1_88' title='bbox 558 985 718 1031; x_wconf 80' lang='lat' dir='ltr'><strong>turbas</strong></span> <span class='ocrx_word' id='word_1_89' title='bbox 748 992 852 1030; x_wconf 83' lang='lat' dir='ltr'><strong>tuas</strong></span> <span class='ocrx_word' id='word_1_90' title='bbox 885 982 1134 1045; x_wconf 88' lang='lat' dir='ltr'><strong>aliquando</strong></span> <span class='ocrx_word' id='word_1_91' title='bbox 1169 998 1260 1028; x_wconf 92' lang='lat' dir='ltr'><strong>non</strong></span> <span class='ocrx_word' id='word_1_92' title='bbox 1294 980 1477 1037; x_wconf 87' lang='lat' dir='ltr'><strong>videas,</strong></span> <span class='ocrx_word' id='word_1_93' title='bbox 1531 994 1666 1043; x_wconf 88' lang='lat' dir='ltr'><strong>quam</strong></span> <span class='ocrx_word' id='word_1_94' title='bbox 1697 976 1942 1050; x_wconf 32' lang='lat' dir='ltr'><strong>addicat?</strong></span> 
     </span>
     <span class='ocr_line' id='line_1_12' title="bbox 295 1045 1918 1116; baseline -0.007 -12"><span class='ocrx_word' id='word_1_95' title='bbox 295 1057 447 1107; x_wconf 86' lang='lat' dir='ltr'><strong>Serva</strong></span> <span class='ocrx_word' id='word_1_96' title='bbox 480 1055 668 1102; x_wconf 88' lang='lat' dir='ltr'><strong>Christo</strong></span> <span class='ocrx_word' id='word_1_97' title='bbox 707 1054 936 1116; x_wconf 87' lang='lat' dir='ltr'><strong>virginem</strong></span> <span class='ocrx_word' id='word_1_98' title='bbox 977 1068 1223 1115; x_wconf 76' lang='lat' dir='ltr'><strong>sponsam3</strong></span> <span class='ocrx_word' id='word_1_99' title='bbox 1281 1066 1415 1097; x_wconf 89' lang='lat' dir='ltr'><strong>nemo</strong></span> <span class='ocrx_word' id='word_1_100' title='bbox 1463 1058 1704 1114; x_wconf 80' lang='lat' dir='ltr'><strong>quaestum</strong></span> <span class='ocrx_word' id='word_1_101' title='bbox 1752 1046 1811 1095; x_wconf 86' lang='lat' dir='ltr'><strong>de</strong></span> <span class='ocrx_word' id='word_1_102' title='bbox 1856 1045 1918 1106; x_wconf 54' lang='grc' dir='ltr'><strong>(ᾗ</strong></span> 
     </span>
     <span class='ocr_line' id='line_1_13' title="bbox 293 1114 1911 1181; baseline -0.005 -7"><span class='ocrx_word' id='word_1_103' title='bbox 293 1128 456 1174; x_wconf 84' lang='lat' dir='ltr'><strong>faciat.</strong></span> <span class='ocrx_word' id='word_1_104' title='bbox 522 1125 650 1172; x_wconf 86' lang='lat' dir='ltr'><strong>Haec</strong></span> <span class='ocrx_word' id='word_1_105' title='bbox 683 1124 789 1180; x_wconf 89' lang='lat' dir='ltr'><strong>tibi,</strong></span> <span class='ocrx_word' id='word_1_106' title='bbox 832 1123 1002 1179; x_wconf 86' lang='lat' dir='ltr'><strong>frater,</strong></span> <span class='ocrx_word' id='word_1_107' title='bbox 1045 1121 1159 1168; x_wconf 88' lang='lat' dir='ltr'><strong>dura</strong></span> <span class='ocrx_word' id='word_1_108' title='bbox 1190 1122 1386 1167; x_wconf 82' lang='lat' dir='ltr'><strong>forsitan</strong></span> <span class='ocrx_word' id='word_1_109' title='bbox 1419 1129 1468 1167; x_wconf 87' lang='lat' dir='ltr'><strong>et</strong></span> <span class='ocrx_word' id='word_1_110' title='bbox 1497 1117 1815 1166; x_wconf 82' lang='lat' dir='ltr'><strong>intolerabilia</strong></span> <span class='ocrx_word' id='word_1_111' title='bbox 1845 1114 1911 1181; x_wconf 53' lang='lat' dir='ltr'><strong>rifi}</strong></span> 
     </span>
    </p>

    <p class='ocr_par' dir='ltr' id='par_1_9' title="bbox 296 1184 1929 1327">
     <span class='ocr_line' id='line_1_14' title="bbox 297 1184 1929 1252; baseline -0.005 -10"><span class='ocrx_word' id='word_1_112' title='bbox 297 1196 490 1251; x_wconf 78' lang='lat' dir='ltr'><strong>dentur3</strong></span> <span class='ocrx_word' id='word_1_113' title='bbox 549 1194 630 1241; x_wconf 90' lang='lat' dir='ltr'><strong>sed</strong></span> <span class='ocrx_word' id='word_1_114' title='bbox 663 1194 815 1240; x_wconf 85' lang='lat' dir='ltr'><strong>recita</strong></span> <span class='ocrx_word' id='word_1_115' title='bbox 848 1191 983 1238; x_wconf 85' lang='lat' dir='ltr'><strong>deum</strong></span> <span class='ocrx_word' id='word_1_116' title='bbox 1018 1190 1191 1238; x_wconf 86' lang='lat' dir='ltr'><strong>dixisse</strong></span> <span class='ocrx_word' id='word_1_117' title='bbox 1208 1193 1279 1251; x_wconf 81' lang='lat'><strong>2):</strong></span> <span class='ocrx_word' id='word_1_118' title='bbox 1339 1189 1427 1247; x_wconf 85' lang='lat' dir='ltr'><strong>Qui</strong></span> <span class='ocrx_word' id='word_1_119' title='bbox 1459 1189 1605 1252; x_wconf 81' lang='lat' dir='ltr'><strong>capit,</strong></span> <span class='ocrx_word' id='word_1_120' title='bbox 1647 1188 1825 1251; x_wconf 83' lang='lat' dir='ltr'><strong>capiat3</strong></span> <span class='ocrx_word' id='word_1_121' title='bbox 1865 1184 1929 1246; x_wconf 50' lang='lat' dir='ltr'><strong>idi*</strong></span> 
     </span>
     <span class='ocr_line' id='line_1_15' title="bbox 296 1258 1912 1327; baseline -0.006 -15"><span class='ocrx_word' id='word_1_122' title='bbox 296 1275 388 1322; x_wconf 86' lang='lat' dir='ltr'><strong>cst,</strong></span> <span class='ocrx_word' id='word_1_123' title='bbox 431 1266 506 1327; x_wconf 91' lang='lat' dir='ltr'><strong>qui</strong></span> <span class='ocrx_word' id='word_1_124' title='bbox 539 1280 628 1310; x_wconf 93' lang='lat' dir='ltr'><strong>non</strong></span> <span class='ocrx_word' id='word_1_125' title='bbox 664 1264 814 1325; x_wconf 81' lang='lat' dir='ltr'><strong>capit,</strong></span> <span class='ocrx_word' id='word_1_126' title='bbox 856 1260 1083 1308; x_wconf 86' lang='lat' dir='ltr'><strong>discedat.</strong></span> <span class='ocrx_word' id='word_1_127' title='bbox 1160 1260 1265 1306; x_wconf 88' lang='lat' dir='ltr'><strong>Non</strong></span> <span class='ocrx_word' id='word_1_128' title='bbox 1300 1267 1478 1322; x_wconf 88' lang='lat' dir='ltr'><strong>potest,</strong></span> <span class='ocrx_word' id='word_1_129' title='bbox 1534 1259 1611 1322; x_wconf 89' lang='lat' dir='ltr'><strong>qui</strong></span> <span class='ocrx_word' id='word_1_130' title='bbox 1641 1258 1738 1321; x_wconf 87' lang='lat' dir='ltr'><strong>pati</strong></span> <span class='ocrx_word' id='word_1_131' title='bbox 1768 1259 1912 1319; x_wconf 51' lang='lat' dir='ltr'><strong>timet,</strong></span> 
     </span>
    </p>

    <p class='ocr_par' dir='ltr' id='par_1_10' title="bbox 298 1327 1914 1396">
     <span class='ocr_line' id='line_1_16' title="bbox 298 1327 1914 1396; baseline -0.006 -13"><span class='ocrx_word' id='word_1_132' title='bbox 298 1338 400 1383; x_wconf 84' lang='lat' dir='ltr'><strong>eius</strong></span> <span class='ocrx_word' id='word_1_133' title='bbox 433 1350 561 1391; x_wconf 88' lang='lat' dir='ltr'><strong>esse,</strong></span> <span class='ocrx_word' id='word_1_134' title='bbox 603 1335 680 1396; x_wconf 92' lang='lat' dir='ltr'><strong>qui</strong></span> <span class='ocrx_word' id='word_1_135' title='bbox 711 1349 872 1395; x_wconf 75' lang='lat' dir='ltr'><strong>passus</strong></span> <span class='ocrx_word' id='word_1_136' title='bbox 905 1340 992 1379; x_wconf 87' lang='lat' dir='ltr'><strong>est.</strong></span> <span class='ocrx_word' id='word_1_137' title='bbox 1045 1329 1111 1377; x_wconf 84' lang='lat' dir='ltr'><strong>At</strong></span> <span class='ocrx_word' id='word_1_138' title='bbox 1141 1331 1217 1394; x_wconf 90' lang='lat' dir='ltr'><strong>qui</strong></span> <span class='ocrx_word' id='word_1_139' title='bbox 1249 1331 1343 1392; x_wconf 88' lang='lat' dir='ltr'><strong>pati</strong></span> <span class='ocrx_word' id='word_1_140' title='bbox 1375 1346 1466 1375; x_wconf 92' lang='lat' dir='ltr'><strong>non</strong></span> <span class='ocrx_word' id='word_1_141' title='bbox 1498 1329 1653 1386; x_wconf 86' lang='lat' dir='ltr'><strong>timet,</strong></span> <span class='ocrx_word' id='word_1_142' title='bbox 1685 1327 1777 1375; x_wconf 87' lang='lat' dir='ltr'><strong>iste</strong></span> <span class='ocrx_word' id='word_1_143' title='bbox 1808 1339 1914 1391; x_wconf 52' lang='lat' dir='ltr'><strong>peis·-</strong></span> 
     </span>
    </p>

    <p class='ocr_par' dir='ltr' id='par_1_11' title="bbox 298 1390 1916 1464">
     <span class='ocr_line' id='line_1_17' title="bbox 298 1390 1916 1464; baseline -0.003 -12"><span class='ocrx_word' id='word_1_144' title='bbox 298 1406 451 1453; x_wconf 86' lang='lat' dir='ltr'><strong>fectus</strong></span> <span class='ocrx_word' id='word_1_145' title='bbox 483 1406 575 1451; x_wconf 88' lang='lat' dir='ltr'><strong>erit</strong></span> <span class='ocrx_word' id='word_1_146' title='bbox 605 1405 651 1450; x_wconf 91' lang='lat' dir='ltr'><strong>in</strong></span> <span class='ocrx_word' id='word_1_147' title='bbox 685 1403 957 1459; x_wconf 88' lang='lat' dir='ltr'><strong>dilectione,</strong></span> <span class='ocrx_word' id='word_1_148' title='bbox 992 1402 1152 1464; x_wconf 90' lang='lat' dir='ltr'><strong>utique</strong></span> <span class='ocrx_word' id='word_1_149' title='bbox 1185 1399 1277 1446; x_wconf 89' lang='lat' dir='ltr'><strong>dei.</strong></span> <span class='ocrx_word' id='word_1_150' title='bbox 1324 1399 1545 1447; x_wconf 84' lang='lat' dir='ltr'><strong>Perfecta</strong></span> <span class='ocrx_word' id='word_1_151' title='bbox 1576 1399 1699 1446; x_wconf 90' lang='lat' dir='ltr'><strong>enim</strong></span> <span class='ocrx_word' id='word_1_152' title='bbox 1722 1390 1916 1447; x_wconf 61' lang='lat' dir='ltr'><strong>dilectio·</strong></span> 
     </span>
    </p>

    <p class='ocr_par' dir='ltr' id='par_1_12' title="bbox 299 1462 1914 1535">
     <span class='ocr_line' id='line_1_18' title="bbox 299 1462 1914 1535; baseline -0.006 -13"><span class='ocrx_word' id='word_1_153' title='bbox 299 1478 428 1523; x_wconf 82' lang='lat' dir='ltr'><strong>foras</strong></span> <span class='ocrx_word' id='word_1_154' title='bbox 454 1476 594 1521; x_wconf 82' lang='lat' dir='ltr'><strong>mittit</strong></span> <span class='ocrx_word' id='word_1_155' title='bbox 617 1475 832 1520; x_wconf 82' lang='lat' dir='ltr'><strong>timorem</strong></span> <span class='ocrx_word' id='word_1_156' title='bbox 849 1474 921 1534; x_wconf 83' lang='lat'><strong>3);</strong></span> <span class='ocrx_word' id='word_1_157' title='bbox 959 1481 1008 1519; x_wconf 90' lang='lat' dir='ltr'><strong>et</strong></span> <span class='ocrx_word' id='word_1_158' title='bbox 1030 1470 1139 1518; x_wconf 91' lang='lat' dir='ltr'><strong>ideo</strong></span> <span class='ocrx_word' id='word_1_159' title='bbox 1166 1471 1294 1518; x_wconf 88' lang='lat' dir='ltr'><strong>multi</strong></span> <span class='ocrx_word' id='word_1_160' title='bbox 1318 1471 1498 1529; x_wconf 90' lang='lat' dir='ltr'><strong>vocati,</strong></span> <span class='ocrx_word' id='word_1_161' title='bbox 1531 1469 1670 1532; x_wconf 86' lang='lat' dir='ltr'><strong>pauci</strong></span> <span class='ocrx_word' id='word_1_162' title='bbox 1695 1468 1837 1516; x_wconf 85' lang='lat' dir='ltr'><strong>electi</strong></span> <span class='ocrx_word' id='word_1_163' title='bbox 1850 1462 1914 1535; x_wconf 96' lang='lat'><strong>⁴)</strong></span> 
     </span>
    </p>

    <p class='ocr_par' dir='ltr' id='par_1_13' title="bbox 298 1533 1942 1740">
     <span class='ocr_line' id='line_1_19' title="bbox 298 1533 1942 1608; baseline -0.005 -15"><span class='ocrx_word' id='word_1_164' title='bbox 298 1546 406 1595; x_wconf 93' lang='lat' dir='ltr'><strong>Non</strong></span> <span class='ocrx_word' id='word_1_165' title='bbox 441 1546 703 1608; x_wconf 81' lang='lat' dir='ltr'><strong>quaeritur,</strong></span> <span class='ocrx_word' id='word_1_166' title='bbox 752 1544 827 1606; x_wconf 89' lang='lat' dir='ltr'><strong>qui</strong></span> <span class='ocrx_word' id='word_1_167' title='bbox 869 1543 1006 1589; x_wconf 85' lang='lat' dir='ltr'><strong>latam</strong></span> <span class='ocrx_word' id='word_1_168' title='bbox 1044 1543 1165 1587; x_wconf 85' lang='lat' dir='ltr'><strong>viam</strong></span> <span class='ocrx_word' id='word_1_169' title='bbox 1198 1541 1330 1605; x_wconf 89' lang='lat' dir='ltr'><strong>sequi</strong></span> <span class='ocrx_word' id='word_1_170' title='bbox 1368 1549 1558 1604; x_wconf 85' lang='lat' dir='ltr'><strong>paratus</strong></span> <span class='ocrx_word' id='word_1_171' title='bbox 1590 1540 1672 1596; x_wconf 88' lang='lat' dir='ltr'><strong>sit,</strong></span> <span class='ocrx_word' id='word_1_172' title='bbox 1726 1536 1811 1585; x_wconf 90' lang='lat' dir='ltr'><strong>sed</strong></span> <span class='ocrx_word' id='word_1_173' title='bbox 1842 1533 1942 1604; x_wconf 59' lang='lat' dir='ltr'><strong>quil</strong></span> 
     </span>
     <span class='ocr_line' id='line_1_20' title="bbox 298 1607 1942 1679; baseline -0.005 -17"><span class='ocrx_word' id='word_1_174' title='bbox 298 1624 546 1679; x_wconf 81' lang='lat' dir='ltr'><strong>angustam</strong></span> <span class='ocrx_word' id='word_1_175' title='bbox 570 1616 637 1673; x_wconf 84' lang='lat'><strong>⁵).</strong></span> <span class='ocrx_word' id='word_1_176' title='bbox 723 1613 784 1659; x_wconf 90' lang='lat' dir='ltr'><strong>Et</strong></span> <span class='ocrx_word' id='word_1_177' title='bbox 827 1612 937 1659; x_wconf 90' lang='lat' dir='ltr'><strong>idco</strong></span> <span class='ocrx_word' id='word_1_178' title='bbox 986 1612 1256 1675; x_wconf 86' lang='lat' dir='ltr'><strong>paracletus</strong></span> <span class='ocrx_word' id='word_1_179' title='bbox 1302 1611 1626 1666; x_wconf 88' lang='lat' dir='ltr'><strong>necessarius,</strong></span> <span class='ocrx_word' id='word_1_180' title='bbox 1690 1607 1942 1659; x_wconf 65' lang='lat' dir='ltr'><strong>deductor,</strong></span> 
     </span>
     <span class='ocr_line' id='line_1_21' title="bbox 298 1678 1914 1740; baseline -0.006 -7"><span class='ocrx_word' id='word_1_181' title='bbox 298 1687 502 1733; x_wconf 84' lang='lat' dir='ltr'><strong>omnium</strong></span> <span class='ocrx_word' id='word_1_182' title='bbox 533 1685 799 1740; x_wconf 86' lang='lat' dir='ltr'><strong>veritatum,</strong></span> <span class='ocrx_word' id='word_1_183' title='bbox 834 1684 1112 1730; x_wconf 79' lang='lat' dir='ltr'><strong>exhortator</strong></span> <span class='ocrx_word' id='word_1_184' title='bbox 1137 1683 1336 1728; x_wconf 89' lang='lat' dir='ltr'><strong>omnium</strong></span> <span class='ocrx_word' id='word_1_185' title='bbox 1360 1680 1732 1728; x_wconf 84' lang='lat' dir='ltr'><strong>tolerantiarum.</strong></span> <span class='ocrx_word' id='word_1_186' title='bbox 1774 1678 1914 1737; x_wconf 71' lang='lat' dir='ltr'><strong>Quem</strong></span> 
     </span>
    </p>

    <p class='ocr_par' dir='ltr' id='par_1_14' title="bbox 301 1741 1942 1886">
     <span class='ocr_line' id='line_1_22' title="bbox 301 1741 1942 1819; baseline -0.005 -17"><span class='ocrx_word' id='word_1_187' title='bbox 301 1757 379 1819; x_wconf 90' lang='lat' dir='ltr'><strong>qui</strong></span> <span class='ocrx_word' id='word_1_188' title='bbox 404 1762 705 1817; x_wconf 88' lang='lat' dir='ltr'><strong>receperunt,</strong></span> <span class='ocrx_word' id='word_1_189' title='bbox 732 1768 884 1816; x_wconf 88' lang='lat' dir='ltr'><strong>neque</strong></span> <span class='ocrx_word' id='word_1_190' title='bbox 910 1754 1079 1815; x_wconf 84' lang='lat' dir='ltr'><strong>fugere</strong></span> <span class='ocrx_word' id='word_1_191' title='bbox 1105 1752 1481 1814; x_wconf 87' lang='lat' dir='ltr'><strong>persecutionem</strong></span> <span class='ocrx_word' id='word_1_192' title='bbox 1508 1763 1661 1813; x_wconf 85' lang='lat' dir='ltr'><strong>neque</strong></span> <span class='ocrx_word' id='word_1_193' title='bbox 1685 1741 1914 1799; x_wconf 52' lang='lat' dir='ltr'><strong>rediment</strong></span> <span class='ocrx_word' id='word_1_194' title='bbox 1939 1776 1942 1777; x_wconf 28' lang='grc' dir='ltr'><em>ν</em></span> 
     </span>
     <span class='ocr_line' id='line_1_23' title="bbox 301 1814 1913 1886; baseline -0.003 -15"><span class='ocrx_word' id='word_1_195' title='bbox 301 1834 558 1881; x_wconf 89' lang='lat' dir='ltr'><strong>noverunt,</strong></span> <span class='ocrx_word' id='word_1_196' title='bbox 599 1823 827 1870; x_wconf 85' lang='lat' dir='ltr'><strong>habentes</strong></span> <span class='ocrx_word' id='word_1_197' title='bbox 859 1823 1007 1886; x_wconf 91' lang='lat' dir='ltr'><strong>ipsum</strong></span> <span class='ocrx_word' id='word_1_198' title='bbox 1041 1823 1118 1886; x_wconf 91' lang='lat' dir='ltr'><strong>qui</strong></span> <span class='ocrx_word' id='word_1_199' title='bbox 1150 1838 1236 1884; x_wconf 92' lang='lat' dir='ltr'><strong>pro</strong></span> <span class='ocrx_word' id='word_1_200' title='bbox 1268 1820 1403 1868; x_wconf 89' lang='lat' dir='ltr'><strong>nobis</strong></span> <span class='ocrx_word' id='word_1_201' title='bbox 1435 1820 1549 1877; x_wconf 83' lang='lat' dir='ltr'><strong>erit,</strong></span> <span class='ocrx_word' id='word_1_202' title='bbox 1584 1820 1709 1866; x_wconf 90' lang='lat' dir='ltr'><strong>sicut</strong></span> <span class='ocrx_word' id='word_1_203' title='bbox 1737 1814 1913 1866; x_wconf 65' lang='lat' dir='ltr'><strong>locutus·</strong></span> 
     </span>
    </p>

    <p class='ocr_par' dir='ltr' id='par_1_15' title="bbox 302 1892 1616 1956">
     <span class='ocr_line' id='line_1_24' title="bbox 302 1892 1616 1956; baseline -0.005 -13"><span class='ocrx_word' id='word_1_204' title='bbox 302 1912 379 1943; x_wconf 88' lang='lat' dir='ltr'><strong>rus</strong></span> <span class='ocrx_word' id='word_1_205' title='bbox 411 1897 456 1941; x_wconf 90' lang='lat' dir='ltr'><strong>in</strong></span> <span class='ocrx_word' id='word_1_206' title='bbox 488 1894 891 1956; x_wconf 84' lang='lat' dir='ltr'><strong>interrogatione,</strong></span> <span class='ocrx_word' id='word_1_207' title='bbox 931 1894 995 1939; x_wconf 87' lang='lat' dir='ltr'><strong>ita</strong></span> <span class='ocrx_word' id='word_1_208' title='bbox 1028 1893 1267 1940; x_wconf 86' lang='lat' dir='ltr'><strong>iuvaturus</strong></span> <span class='ocrx_word' id='word_1_209' title='bbox 1298 1892 1343 1938; x_wconf 94' lang='lat' dir='ltr'><strong>in</strong></span> <span class='ocrx_word' id='word_1_210' title='bbox 1377 1892 1616 1955; x_wconf 86' lang='lat' dir='ltr'><strong>passione.</strong></span> 
     </span>
    </p>
   </div>
   <div class='ocr_carea' id='block_1_3' title="bbox 804 2080 1441 2106">
    <p class='ocr_par' dir='ltr' id='par_1_16' title="bbox 804 2080 1441 2106">
     <span class='ocr_line' id='line_1_25' title="bbox 804 2080 1441 2106; baseline 0 1448"><span class='ocrx_word' id='word_1_211' title='bbox 804 2080 1441 2106; x_wconf 95' lang='lat' dir='ltr'><strong> </strong></span> 
     </span>
    </p>
   </div>
   <div class='ocr_carea' id='block_1_4' title="bbox 307 2199 1942 2323">
    <p class='ocr_par' dir='ltr' id='par_1_17' title="bbox 307 2199 1942 2337">
     <span class='ocr_line' id='line_1_26' title="bbox 307 2199 1942 2323; baseline -0.006 -7"><span class='ocrx_word' id='word_1_212' title='bbox 307 2246 699 2315; x_wconf 76' lang='lat' dir='ltr'><strong>CONTRA</strong></span> <span class='ocrx_word' id='word_1_213' title='bbox 733 2242 1268 2312; x_wconf 71' lang='lat' dir='ltr'><strong>GNos&#39;rlcos</strong></span> <span class='ocrx_word' id='word_1_214' title='bbox 1303 2199 1942 2323; x_wconf 49' lang='lat' dir='ltr'><strong>SconplAcEkja</strong></span> 
     </span>
    </p>
   </div>
   <div class='ocr_carea' id='block_1_5' title="bbox 312 2505 1942 2643">
    <p class='ocr_par' dir='ltr' id='par_1_18' title="bbox 312 2505 1942 2643">
     <span class='ocr_line' id='line_1_27' title="bbox 458 2505 1910 2572; baseline -0.004 -14"><span class='ocrx_word' id='word_1_215' title='bbox 458 2516 501 2559; x_wconf 87' lang='lat'><strong>1.</strong></span> <span class='ocrx_word' id='word_1_216' title='bbox 563 2509 782 2572; x_wconf 85' lang='lat' dir='ltr'><strong>Magnum</strong></span> <span class='ocrx_word' id='word_1_217' title='bbox 816 2507 872 2552; x_wconf 90' lang='lat' dir='ltr'><strong>de</strong></span> <span class='ocrx_word' id='word_1_218' title='bbox 907 2505 1092 2552; x_wconf 90' lang='lat' dir='ltr'><strong>modico</strong></span> <span class='ocrx_word' id='word_1_219' title='bbox 1126 2506 1288 2551; x_wconf 84' lang='lat' dir='ltr'><strong>malum</strong></span> <span class='ocrx_word' id='word_1_220' title='bbox 1323 2506 1558 2568; x_wconf 88' lang='lat' dir='ltr'><strong>scorpium</strong></span> <span class='ocrx_word' id='word_1_221' title='bbox 1575 2506 1623 2570; x_wconf 75' lang='lat'><strong>⁷)</strong></span> <span class='ocrx_word' id='word_1_222' title='bbox 1663 2515 1788 2554; x_wconf 85' lang='lat' dir='ltr'><strong>terra</strong></span> <span class='ocrx_word' id='word_1_223' title='bbox 1821 2521 1910 2570; x_wconf 86' lang='lat' dir='ltr'><strong>sup·</strong></span> 
     </span>
     <span class='ocr_line' id='line_1_28' title="bbox 312 2577 1942 2643; baseline -0.001 -16"><span class='ocrx_word' id='word_1_224' title='bbox 312 2589 459 2643; x_wconf 84' lang='lat' dir='ltr'><strong>purat.</strong></span> <span class='ocrx_word' id='word_1_225' title='bbox 528 2580 619 2626; x_wconf 89' lang='lat' dir='ltr'><strong>Tot</strong></span> <span class='ocrx_word' id='word_1_226' title='bbox 650 2594 851 2634; x_wconf 87' lang='lat' dir='ltr'><strong>venena,</strong></span> <span class='ocrx_word' id='word_1_227' title='bbox 894 2585 1006 2639; x_wconf 89' lang='lat' dir='ltr'><strong>quot</strong></span> <span class='ocrx_word' id='word_1_228' title='bbox 1037 2585 1084 2622; x_wconf 90' lang='lat' dir='ltr'><strong>et</strong></span> <span class='ocrx_word' id='word_1_229' title='bbox 1117 2591 1291 2638; x_wconf 85' lang='lat' dir='ltr'><strong>genera</strong></span> <span class='ocrx_word' id='word_1_230' title='bbox 1308 2577 1379 2634; x_wconf 80' lang='lat'><strong>⁸),</strong></span> <span class='ocrx_word' id='word_1_231' title='bbox 1426 2584 1497 2622; x_wconf 87' lang='lat' dir='ltr'><strong>tot</strong></span> <span class='ocrx_word' id='word_1_232' title='bbox 1526 2577 1787 2639; x_wconf 87' lang='lat' dir='ltr'><strong>pernicies,</strong></span> <span class='ocrx_word' id='word_1_233' title='bbox 1821 2590 1942 2641; x_wconf 62' lang='lat' dir='ltr'><strong>quo-f</strong></span> 
     </span>
    </p>
   </div>
   <div class='ocr_carea' id='block_1_6' title="bbox 346 2672 665 2677">
    <p class='ocr_par' dir='ltr' id='par_1_19' title="bbox 346 2672 665 2677">
     <span class='ocr_line' id='line_1_29' title="bbox 346 2672 665 2677; baseline 0 0"><span class='ocrx_word' id='word_1_234' title='bbox 346 2672 665 2677; x_wconf 95' lang='lat' dir='ltr'><strong> </strong></span> 
     </span>
    </p>
   </div>
   <div class='ocr_carea' id='block_1_7' title="bbox 296 2716 1942 3215">
    <p class='ocr_par' dir='ltr' id='par_1_20' title="bbox 296 2716 1942 3215">
     <span class='ocr_line' id='line_1_30' title="bbox 432 2716 1942 2769; baseline -0.004 -12"><span class='ocrx_word' id='word_1_235' title='bbox 432 2721 475 2769; x_wconf 88' lang='lat'><strong>1)</strong></span> <span class='ocrx_word' id='word_1_236' title='bbox 506 2720 639 2757; x_wconf 86' lang='lat' dir='ltr'><strong>Rhen.</strong></span> <span class='ocrx_word' id='word_1_237' title='bbox 672 2720 792 2756; x_wconf 89' lang='lat' dir='ltr'><strong>luce</strong></span> <span class='ocrx_word' id='word_1_238' title='bbox 825 2718 1020 2754; x_wconf 84' lang='lat' dir='ltr'><strong>Christi</strong></span> <span class='ocrx_word' id='word_1_239' title='bbox 1051 2717 1327 2764; x_wconf 89' lang='lat' dir='ltr'><strong>luminosi,</strong></span> <span class='ocrx_word' id='word_1_240' title='bbox 1359 2716 1448 2764; x_wconf 87' lang='lat' dir='ltr'><strong>Rig.</strong></span> <span class='ocrx_word' id='word_1_241' title='bbox 1479 2717 1598 2755; x_wconf 85' lang='lat' dir='ltr'><strong>luce</strong></span> <span class='ocrx_word' id='word_1_242' title='bbox 1631 2716 1828 2755; x_wconf 82' lang='lat' dir='ltr'><strong>Christi</strong></span> <span class='ocrx_word' id='word_1_243' title='bbox 1857 2717 1942 2766; x_wconf 50' lang='lat' dir='ltr'><strong>lu,</strong></span> 
     </span>
     <span class='ocr_line' id='line_1_31' title="bbox 315 2773 1942 2815; baseline -0.002 -1"><span class='ocrx_word' id='word_1_244' title='bbox 315 2778 515 2814; x_wconf 83' lang='lat' dir='ltr'><strong>minosa</strong></span> <span class='ocrx_word' id='word_1_245' title='bbox 548 2777 652 2814; x_wconf 83' lang='lat' dir='ltr'><strong>adv.</strong></span> <span class='ocrx_word' id='word_1_246' title='bbox 684 2787 805 2813; x_wconf 85' lang='lat' dir='ltr'><strong>eam.</strong></span> <span class='ocrx_word' id='word_1_247' title='bbox 867 2774 964 2811; x_wconf 90' lang='lat' dir='ltr'><strong>Cod.</strong></span> <span class='ocrx_word' id='word_1_248' title='bbox 982 2775 1073 2810; x_wconf 83' lang='lat' dir='ltr'><strong>Urs.</strong></span> <span class='ocrx_word' id='word_1_249' title='bbox 1098 2776 1139 2810; x_wconf 78' lang='lat' dir='ltr'><strong>et</strong></span> <span class='ocrx_word' id='word_1_250' title='bbox 1157 2774 1323 2810; x_wconf 85' lang='lat' dir='ltr'><strong>Wouw.</strong></span> <span class='ocrx_word' id='word_1_251' title='bbox 1356 2773 1707 2811; x_wconf 87' lang='lat' dir='ltr'><strong>noctem&#39;luce</strong></span> <span class='ocrx_word' id='word_1_252' title='bbox 1734 2773 1942 2815; x_wconf 53' lang='lat' dir='ltr'><strong>Christi</strong></span> 
     </span>
     <span class='ocr_line' id='line_1_32' title="bbox 314 2819 1914 2878; baseline -0.003 -8"><span class='ocrx_word' id='word_1_253' title='bbox 314 2834 638 2870; x_wconf 82' lang='lat' dir='ltr'><strong>luminosam.</strong></span> <span class='ocrx_word' id='word_1_254' title='bbox 754 2831 799 2878; x_wconf 87' lang='lat'><strong>2)</strong></span> <span class='ocrx_word' id='word_1_255' title='bbox 829 2830 979 2867; x_wconf 82' lang='lat' dir='ltr'><strong>Matth.</strong></span> <span class='ocrx_word' id='word_1_256' title='bbox 998 2831 1062 2878; x_wconf 83' lang='lat'><strong>19,</strong></span> <span class='ocrx_word' id='word_1_257' title='bbox 1098 2831 1163 2868; x_wconf 87' lang='lat'><strong>12.</strong></span> <span class='ocrx_word' id='word_1_258' title='bbox 1268 2829 1311 2877; x_wconf 85' lang='lat'><strong>3)</strong></span> <span class='ocrx_word' id='word_1_259' title='bbox 1345 2831 1445 2868; x_wconf 87' lang='lat'><strong>110.</strong></span> <span class='ocrx_word' id='word_1_260' title='bbox 1469 2831 1508 2877; x_wconf 84' lang='lat'><strong>4,</strong></span> <span class='ocrx_word' id='word_1_261' title='bbox 1543 2831 1607 2866; x_wconf 88' lang='lat'><strong>18.</strong></span> <span class='ocrx_word' id='word_1_262' title='bbox 1709 2829 1754 2877; x_wconf 79' lang='lat'><strong>4)</strong></span> <span class='ocrx_word' id='word_1_263' title='bbox 1785 2819 1914 2874; x_wconf 57' lang='lat' dir='ltr'><strong>Mati!</strong></span> 
     </span>
     <span class='ocr_line' id='line_1_33' title="bbox 314 2880 1900 2935; baseline -0.003 -8"><span class='ocrx_word' id='word_1_264' title='bbox 314 2891 384 2929; x_wconf 79' lang='lat'><strong>22,</strong></span> <span class='ocrx_word' id='word_1_265' title='bbox 420 2891 484 2925; x_wconf 79' lang='lat'><strong>14.</strong></span> <span class='ocrx_word' id='word_1_266' title='bbox 602 2889 646 2934; x_wconf 87' lang='lat'><strong>5)</strong></span> <span class='ocrx_word' id='word_1_267' title='bbox 675 2887 883 2935; x_wconf 81' lang='lat' dir='ltr'><strong>Matth.·1‚</strong></span> <span class='ocrx_word' id='word_1_268' title='bbox 917 2887 982 2923; x_wconf 83' lang='lat'><strong>13.</strong></span> <span class='ocrx_word' id='word_1_269' title='bbox 1041 2887 1142 2922; x_wconf 77' lang='lat' dir='ltr'><strong>Luc.</strong></span> <span class='ocrx_word' id='word_1_270' title='bbox 1163 2887 1227 2923; x_wconf 87' lang='lat'><strong>13.</strong></span> <span class='ocrx_word' id='word_1_271' title='bbox 1260 2886 1325 2921; x_wconf 85' lang='lat'><strong>24.</strong></span> <span class='ocrx_word' id='word_1_272' title='bbox 1442 2886 1487 2935; x_wconf 83' lang='lat'><strong>6)</strong></span> <span class='ocrx_word' id='word_1_273' title='bbox 1519 2886 1617 2923; x_wconf 77' lang='lat' dir='ltr'><strong>eod.</strong></span> <span class='ocrx_word' id='word_1_274' title='bbox 1639 2887 1789 2934; x_wconf 78' lang='lat' dir='ltr'><strong>Agob.:</strong></span> <span class='ocrx_word' id='word_1_275' title='bbox 1832 2880 1900 2923; x_wconf 67' lang='lat' dir='ltr'><strong>All</strong></span> 
     </span>
     <span class='ocr_line' id='line_1_34' title="bbox 317 2938 1909 2991; baseline -0.003 -9"><span class='ocrx_word' id='word_1_276' title='bbox 317 2956 500 2982; x_wconf 76' lang='lat' dir='ltr'><strong>versus</strong></span> <span class='ocrx_word' id='word_1_277' title='bbox 531 2944 816 2982; x_wconf 75' lang='lat' dir='ltr'><strong>Gnosticos</strong></span> <span class='ocrx_word' id='word_1_278' title='bbox 855 2942 1182 2991; x_wconf 79' lang='lat' dir='ltr'><strong>scorpiacum</strong></span> <span class='ocrx_word' id='word_1_279' title='bbox 1217 2941 1275 2978; x_wconf 88' lang='lat' dir='ltr'><strong>de</strong></span> <span class='ocrx_word' id='word_1_280' title='bbox 1306 2943 1436 2979; x_wconf 90' lang='lat' dir='ltr'><strong>bono</strong></span> <span class='ocrx_word' id='word_1_281' title='bbox 1469 2941 1724 2990; x_wconf 78' lang='lat' dir='ltr'><strong>martyrii.</strong></span> <span class='ocrx_word' id='word_1_282' title='bbox 1783 2938 1909 2989; x_wconf 61' lang='lat' dir='ltr'><strong>Rigalt</strong></span> 
     </span>
     <span class='ocr_line' id='line_1_35' title="bbox 296 2998 1942 3050; baseline -0.001 -12"><span class='ocrx_word' id='word_1_283' title='bbox 296 3006 299 3011; x_wconf 85' lang='lat'><em>&#39;</em></span> <span class='ocrx_word' id='word_1_284' title='bbox 318 3004 419 3038; x_wconf 83' lang='lat' dir='ltr'><strong>vett.</strong></span> <span class='ocrx_word' id='word_1_285' title='bbox 440 3003 703 3038; x_wconf 79' lang='lat' dir='ltr'><strong>membranas</strong></span> <span class='ocrx_word' id='word_1_286' title='bbox 726 3003 898 3038; x_wconf 80' lang='lat' dir='ltr'><strong>secutus</strong></span> <span class='ocrx_word' id='word_1_287' title='bbox 913 2999 1024 3036; x_wconf 87' lang='lat' dir='ltr'><strong>hunc</strong></span> <span class='ocrx_word' id='word_1_288' title='bbox 1040 2999 1192 3036; x_wconf 86' lang='lat' dir='ltr'><strong>librum</strong></span> <span class='ocrx_word' id='word_1_289' title='bbox 1210 2998 1439 3046; x_wconf 80' lang='lat' dir='ltr'><strong>appellavit</strong></span> <span class='ocrx_word' id='word_1_290' title='bbox 1469 2998 1781 3047; x_wconf 80' lang='lat' dir='ltr'><strong>scorpiaoen</strong></span> <span class='ocrx_word' id='word_1_291' title='bbox 1798 3003 1909 3050; x_wconf 74' lang='grc' dir='ltr'>(σκορ</span> <span class='ocrx_word' id='word_1_292' title='bbox 1935 3016 1942 3044; x_wconf 73' lang='lat' dir='ltr'>j</span> 
     </span>
     <span class='ocr_line' id='line_1_36' title="bbox 316 3052 1942 3106; baseline -0.004 -11"><span class='ocrx_word' id='word_1_293' title='bbox 316 3052 478 3106; x_wconf 80' lang='grc' dir='ltr'><strong><em>πιακὴν</em></strong></span> <span class='ocrx_word' id='word_1_294' title='bbox 502 3052 763 3104; x_wconf 80' lang='grc' dir='ltr'><em>ἀντίδοτον),</em></span> <span class='ocrx_word' id='word_1_295' title='bbox 798 3056 970 3093; x_wconf 86' lang='lat' dir='ltr'><strong>Hieron.</strong></span> <span class='ocrx_word' id='word_1_296' title='bbox 993 3055 1036 3092; x_wconf 88' lang='lat' dir='ltr'><strong>in</strong></span> <span class='ocrx_word' id='word_1_297' title='bbox 1060 3055 1129 3093; x_wconf 86' lang='lat' dir='ltr'><strong>lib.</strong></span> <span class='ocrx_word' id='word_1_298' title='bbox 1154 3055 1244 3091; x_wconf 78' lang='lat' dir='ltr'><strong>adv.</strong></span> <span class='ocrx_word' id='word_1_299' title='bbox 1269 3054 1562 3102; x_wconf 75' lang='lat' dir='ltr'><strong>Vigilantium:</strong></span> <span class='ocrx_word' id='word_1_300' title='bbox 1593 3053 1907 3101; x_wconf 70' lang='lat' dir='ltr'><strong>scorpiacum</strong></span> <span class='ocrx_word' id='word_1_301' title='bbox 1940 3079 1942 3083; x_wconf 22' lang='grc' dir='ltr'><em>Α</em></span> 
     </span>
     <span class='ocr_line' id='line_1_37' title="bbox 319 3103 1907 3162; baseline -0.002 -14"><span class='ocrx_word' id='word_1_302' title='bbox 319 3110 364 3162; x_wconf 76' lang='lat'><strong>7)</strong></span> <span class='ocrx_word' id='word_1_303' title='bbox 398 3113 565 3150; x_wconf 87' lang='lat' dir='ltr'><strong>Wouw.</strong></span> <span class='ocrx_word' id='word_1_304' title='bbox 583 3115 624 3148; x_wconf 86' lang='lat' dir='ltr'><strong>et</strong></span> <span class='ocrx_word' id='word_1_305' title='bbox 640 3112 730 3160; x_wconf 81' lang='lat' dir='ltr'><strong>Rig.</strong></span> <span class='ocrx_word' id='word_1_306' title='bbox 763 3112 1018 3159; x_wconf 77' lang='lat' dir='ltr'><strong>scorpios.</strong></span> <span class='ocrx_word' id='word_1_307' title='bbox 1104 3112 1149 3160; x_wconf 84' lang='lat'><strong>8)</strong></span> <span class='ocrx_word' id='word_1_308' title='bbox 1182 3111 1311 3147; x_wconf 85' lang='lat' dir='ltr'><strong>Rhen.</strong></span> <span class='ocrx_word' id='word_1_309' title='bbox 1343 3113 1469 3157; x_wconf 83' lang='lat' dir='ltr'><strong>quot</strong></span> <span class='ocrx_word' id='word_1_310' title='bbox 1498 3110 1730 3158; x_wconf 75' lang='lat' dir='ltr'><strong>ingenia3</strong></span> <span class='ocrx_word' id='word_1_311' title='bbox 1762 3103 1907 3149; x_wconf 56' lang='lat' dir='ltr'><strong>Giano}</strong></span> 
     </span>
     <span class='ocr_line' id='line_1_38' title="bbox 315 3167 1907 3215; baseline -0.003 -9"><span class='ocrx_word' id='word_1_312' title='bbox 315 3172 371 3206; x_wconf 82' lang='lat' dir='ltr'><strong>&#39;ex</strong></span> <span class='ocrx_word' id='word_1_313' title='bbox 391 3168 550 3206; x_wconf 77' lang='lat' dir='ltr'><strong>Isidoro</strong></span> <span class='ocrx_word' id='word_1_314' title='bbox 566 3168 724 3204; x_wconf 84' lang='lat' dir='ltr'><strong>emend.</strong></span> <span class='ocrx_word' id='word_1_315' title='bbox 749 3171 871 3214; x_wconf 87' lang='lat' dir='ltr'><strong>quot</strong></span> <span class='ocrx_word' id='word_1_316' title='bbox 903 3171 951 3205; x_wconf 85' lang='lat' dir='ltr'><strong>et</strong></span> <span class='ocrx_word' id='word_1_317' title='bbox 981 3178 1192 3215; x_wconf 65' lang='lat' dir='ltr'><strong>genn-³3</strong></span> <span class='ocrx_word' id='word_1_318' title='bbox 1226 3168 1395 3205; x_wconf 85' lang='lat' dir='ltr'><strong>Wouw.</strong></span> <span class='ocrx_word' id='word_1_319' title='bbox 1413 3170 1454 3204; x_wconf 87' lang='lat' dir='ltr'><strong>et</strong></span> <span class='ocrx_word' id='word_1_320' title='bbox 1470 3167 1560 3214; x_wconf 78' lang='lat' dir='ltr'><strong>Rig.</strong></span> <span class='ocrx_word' id='word_1_321' title='bbox 1587 3169 1711 3213; x_wconf 85' lang='lat' dir='ltr'><strong>quot</strong></span> <span class='ocrx_word' id='word_1_322' title='bbox 1734 3172 1907 3214; x_wconf 76' lang='lat' dir='ltr'><strong>generi</strong></span> 
     </span>
    </p>
   </div>
  </div>
 </body>
</html>
