1942 3554
437 142 666 187 ‘CONTRA
695 149 1004 188 GNOS'rlcoS
1033 148 1346 187 SCORPIACE.
1563 190 1565 193 ,
1594 149 1708 198 221

66 272 126 340 δι
154 291 364 355 species,
409 298 481 337 tot
511 287 725 348 dolores,
774 297 888 354 quot
919 297 969 337 et
999 289 1212 346 colores,
1264 288 1512 337 Nicander
1541 290 1707 337 scribit

48 370 126 428 “l’‘
167 362 333 425 pingit.
408 360 469 407 Et
513 368 668 408 tamen
713 376 830 408 unus
877 360 1080 407 omnium
1129 360 1387 407 violentiae
1434 369 1598 423 gestus
1647 360 1705 408 de

72 423 226 481 eauda
264 447 467 490 nocere3
525 446 643 494 quae
677 430 824 478 cauda
858 432 972 487 erit,
1021 429 1333 494 quodcunque
1367 429 1424 476 de
1458 431 1704 493 posthumo

71 504 292 568 corporis
317 510 616 566 propagatur,
651 510 699 547 et
724 500 958 547 verberat.
1002 500 1208 547 Proinde
1234 501 1412 563 scorpii
1444 502 1595 548 series
1626 501 1705 548 illa

62 573 300 621 >nodorum
332 580 565 619 venenata
604 572 888 618 intrinsecus
928 570 1099 616 venula
1140 570 1345 627 subtilis,
1386 580 1584 618 arcuato
1619 572 1704 618 im-

47 651 184 708 petu
222 644 491 705 insurgens,
540 641 758 687 hamatile
798 640 1024 703 spiculum
1067 641 1112 686 in
1152 656 1330 687 summo
1370 643 1594 688 tormenti
1626 657 1703 688 ra-

68 714 200 761 tione
232 713 503 775 stringit5‘1)
576 709 708 758 Unde
743 719 791 757 et
820 709 1038 757 bellicam
1070 711 1331 757 machinam
1362 719 1574 758 retractu
1606 711 1700 759 tela

61 791 372 848 'vegetantem
405 780 463 829 de
496 782 684 844 scorpio
717 782 971 827 nominant.
1026 778 1079 827 Id
1110 780 1337 843 spiculum
1371 789 1419 828 et
1449 781 1604 828 fistula
1630 791 1703 829 cst

63 854 228 918 ‘patula
272 852 528 910 tenuitate,
584 853 631 897 in
676 851 842 897 vulnus
888 859 937 897 et
980 853 1133 907 virus,
1188 867 1279 914 qua
1310 851 1435 914 figit,
1486 850 1697 899 effundit.

60 923 318 972 *Familiare
348 922 547 986 periculi
581 930 761 985 tempus
792 930 975 978 aestas3
1018 919 1195 968 Austro
1230 931 1279 968 et
1302 919 1471 969 Africo
1499 923 1700 969 saevitia

59 995 290 1043 velificat.
379 993 431 1040 In
463 991 689 1040 remediis
721 992 950 1038 naturalia
984 991 1200 1055 plurima3
1253 991 1431 1056 aliquid
1464 1001 1512 1040 et
1542 994 1699 1056 magia

66 1065 391 1128 circumligat,
433 1062 667 1111 medicina
700 1079 802 1109 cum
834 1063 964 1108 ferro
999 1070 1047 1109 et
1078 1062 1248 1125 poculo
1282 1064 1507 1110 occurrit.
1578 1062 1697 1111 Nam

59 1143 117 1184 'et
155 1135 433 1199 praebibunt
472 1132 654 1197 quidam
696 1131 966 1179 festinando
1006 1132 1226 1191 tutelam,
1294 1133 1378 1181 sed
1418 1134 1697 1181 concubitus

65 1206 307 1263 exhaurit,
342 1213 390 1252 et
421 1203 574 1251 denuo
607 1205 784 1250 sitiunt.
855 1202 1006 1249 Nobis
1038 1201 1155 1250 fides
1186 1202 1492 1262 praesidium,
1533 1205 1571 1251 si
1604 1221 1697 1250 non

67 1285 118 1324 et
148 1277 246 1340 ipsa
276 1276 540 1340 percutitur
570 1272 827 1321 diffidentia
858 1272 1074 1336 signandi
1107 1275 1260 1320 statim
1294 1283 1342 1320 et
1372 1273 1617 1321 adiurandi
1651 1284 1699 1321 et

66 1346 310 1411 unguendi
340 1346 523 1394 bestiae
557 1345 750 1392 calcem.
821 1344 922 1389 Hoc
956 1342 1159 1407 denique
1193 1343 1332 1391 modo
1367 1345 1507 1392 etiam
1541 1345 1697 1393 etbui-

67 1419 137 1466 'cis
182 1433 326 1480 saepe
372 1416 694 1471 subvenimus,
752 1413 914 1460 donati
954 1430 979 1460 a
1019 1413 1109 1461 deo
1151 1430 1207 1461 ea
1254 1423 1512 1477 potestate,
1562 1432 1696 1479 quam

64 1486 322 1553 Apostolus
339 1488 385 1545 2)
422 1484 682 1542 dedicavit,
717 1501 820 1532 cum
852 1500 1058 1530 morsum
1091 1485 1282 1547 viperae
1314 1486 1508 1547 sprevit.
1574 1485 1695 1544 Quid

59 1574 183 1624 >ergo
222 1557 454 1622 promittit
491 1556 639 1621 stylus
677 1557 797 1603 iste?
849 1556 885 1602 si
926 1554 1044 1602 fides
1085 1553 1143 1602 de
1184 1572 1268 1601 suo
1303 1565 1400 1601 tuta
1433 1557 1516 1613 sit,
1565 1565 1615 1602 ut
1646 1565 1694 1604 et

65 1629 181 1678 alias
213 1629 272 1678 de
303 1645 388 1676 suo
421 1635 519 1675 tuta
551 1628 632 1685 sit,
681 1642 784 1673 cum
823 1643 932 1673 suos
974 1627 1189 1688 scorpios
1229 1627 1422 1689 patitur.
1501 1625 1694 1674 Acerba

65 1699 369 1748 mediocritas
402 1707 450 1746 et
480 1698 582 1744 istis
615 1706 661 1743 et
694 1713 842 1760 genus
874 1698 1073 1754 varium,
1123 1705 1172 1742 et
1211 1713 1303 1742 uno
1336 1695 1474 1743 modo
1507 1713 1693 1744 arman—

53 1774 163 1829 tur,
204 1779 254 1831 et
284 1778 417 1818 certo
449 1778 662 1831 tempore
696 1767 1030 1823 subornantur,
1073 1782 1162 1812 nec
1195 1766 1288 1814 alio
1321 1783 1458 1830 quam
1489 1765 1689 1815 ardoris.

66 1840 167 1889 Hoc
212 1840 334 1904 apud
383 1839 674 1886 Christianos
720 1838 993 1900 persecutio
1043 1845 1130 1883 est.
1224 1836 1338 1883 Cum
1384 1837 1529 1899 igitur
1573 1837 1691 1885 fides

56 1919 251 1960 *aestuat
291 1919 339 1958 et
378 1909 584 1957 ecclesia
624 1909 837 1954 exuritur
874 1906 932 1954 de
964 1907 1115 1969 figura
1146 1906 1279 1964 rubi,
1334 1916 1444 1954 tunc
1480 1906 1691 1955 Gnostici

64 1990 332 2045 erumpunt,
380 1989 490 2026 tunc
522 1978 841 2025 Valentiniani
872 1986 1177 2041 proserpunt,
1234 1986 1342 2024 tunc
1377 1994 1538 2025 omnes
1569 1995 1690 2026 mar-

61 2054 292 2118 tyriorum
337 2050 661 2113 refragatores
702 2048 927 2095 ebulliunt
966 2048 1177 2095 calentes
1219 2058 1266 2094 et
1305 2049 1390 2111 ipsi
1425 2048 1686 2107 offendere,

55 2124 239 2188 'figet-e,
297 2120 538 2168 occidere.
614 2119 733 2166 Nam
782 2118 906 2182 quod
955 2121 1106 2166 sciant
1151 2119 1318 2165 multos
1356 2119 1593 2182 simplices
1632 2136 1687 2168 ac

55 2193 228 2251 rudes,
267 2201 361 2240 tum
393 2191 623 2247 infirmos,
666 2190 919 2254 plerosque
952 2205 1067 2236 vero
1100 2191 1146 2235 in
1179 2199 1389 2247 ventum,
1424 2191 1461 2236 si
1495 2191 1688 2254 placue-

58 2266 147 2323 rit,
201 2263 519 2319 Christianos,
578 2277 807 2324 nunquam
841 2262 987 2324 magis
1020 2259 1262 2308 adeundos
1294 2262 1502 2324 sapiunt,
1551 2279 1686 2325 quam

52 2350 200 2400 ¹quum
239 2333 391 2382 aditus
431 2334 612 2379 animae
655 2331 858 2378 formido
899 2332 1093 2387 laxavit,
1146 2333 1425 2394 praesertim
1460 2333 1499 2378 si
1530 2332 1685 2394 aliqua

55 2406 152 2454 *iam
183 2405 408 2452 atrocitas
439 2402 576 2450 fidem
609 2413 862 2467 martyrum
898 2403 1159 2450 coronavit.
1215 2402 1377 2465 Itaque
1410 2403 1558 2464 primo
1591 2411 1686 2449 tra-

0 2506 1 2542 l
55 2474 229 2524 :luentes
275 2475 426 2522 adhuc
474 2473 666 2521 caudam
714 2472 771 2519 de
804 2473 1051 2520 affectibus
1082 2473 1320 2535 applicant
1358 2481 1439 2517 aut
1477 2473 1607 2534 quasi
1640 2472 1686 2518 in

0 2545 1 2550 ’
55 2551 256 2594 “vacuum
295 2545 548 2608 flagellant.
626 2544 866 2591 Haeccine
906 2544 1000 2605 pati
1042 2543 1252 2588 homines
1291 2543 1595 2599 innocentes,
1638 2551 1686 2589 ut

47 2609 214 2683 vjustes,
246 2616 437 2663 fratrem
469 2624 546 2662 aut
579 2613 636 2662 de
669 2613 944 2660 melioribus
976 2613 1245 2658 ethnicum?
1283 2612 1463 2659 siccine
1487 2616 1685 2660 tractari

53 2695 240 2742 ,sectam
270 2686 441 2734 nemini
474 2685 748 2733 molestam?
800 2684 983 2731 Dehinc
1016 2681 1234 2746 adigunt:
1278 2684 1436 2746 perire
1471 2683 1683 2732 homines

53 2757 163 2804 {inc
195 2772 374 2803 caussa.
452 2755 615 2803 Perire
656 2756 800 2811 euim,
857 2764 905 2801 et
945 2754 1046 2800 sine
1087 2768 1278 2811 caussa,
1332 2755 1479 2817 prima
1517 2755 1681 2803 fixura.

59 2824 247 2874 Exinde
279 2827 370 2872 iam
404 2825 622 2872 caedunt.
699 2823 796 2872 Sed
828 2825 1044 2872 nesciunt
1069 2824 1305 2887 simplices
1335 2825 1539 2883 animae,
1574 2825 1681 2890 quid

175 3061 220 3111 1)
252 3066 314 3101 lta
341 3063 450 3111 Rig.;
483 3063 636 3102 ceteri:
669 3064 921 3101 tormenti
955 3064 1166 3101 ratione
1196 3065 1547 3113 restringens.

170 3121 218 3170 2)
248 3123 339 3158 Act.
368 3120 438 3170 28,
471 3121 493 3157 3
527 3131 613 3168 sqq.
