1942 3554
318 253 441 299 130
865 253 948 292 DE
990 237 1390 290 MONoGAMu.

321 367 615 429 monogamia
646 381 739 411 non
771 365 1006 421 convenit,
1040 373 1202 411 cetera
1239 379 1422 428 quoque
1453 363 1607 411 aliena
1636 371 1756 412 sunt.
1816 362 1942 414 Eva«

321 438 444 493 sisti,
490 436 738 500 psychice,
786 435 825 481 si
853 435 993 492 velis,
1038 435 1225 481 vincula
1261 433 1558 498 disciplinae
1574 435 1734 482 totius.
1795 433 1942 485 Prae

320 506 475 554 scribe
509 513 803 562 constanter,
850 521 943 551 non
983 505 1194 552 omnibus
1230 505 1465 568 praecipi,
1513 520 1631 568 quae
1670 496 1942 568 quibusdam

321 577 413 623 sint
443 584 723 640 praecepta3
756 583 836 622 aut
866 576 905 621 si
937 583 1100 622 cetera
1131 574 1316 639 quidem
1349 576 1611 622 communia
1641 583 1760 632 sunt,
1779 588 1942 625 mon·-

321 648 475 709 gamia
510 662 626 693 vero
665 646 778 693 solis
817 646 1052 709 episcopis
1091 646 1308 710 imposita
1346 654 1440 703 est,
1487 645 1706 709 numquid
1751 646 1817 692 illi
1855 643 1942 695 sitifi

322 717 576 765 Christiani
606 715 963 780 pronuntiandi,
1003 717 1050 763 in
1082 725 1330 786 quos-tota
1360 715 1607 780 disciplina
1638 717 1812 764 collata
1843 717 1942 764 esu?

466 820 545 867 13.
609 814 705 862 Sed
736 823 786 862 et
814 815 1062 863 Timotheo
1081 817 1125 874 ¹)
1159 816 1394 873 scribens,
1425 815 1524 867 vult
1553 810 1822 863 iuvenculas
1861 827 1942 862 nm

320 888 452 944 bere,
486 887 607 934 filios
638 887 896 950 suscipere,
929 895 1102 933 matres
1132 886 1361 933 familiae
1378 901 1540 949 agere.
1599 884 1700 932 Ad
1715 901 1796 933 eas
1834 882 1942 951 ιίἰιῆιι1

321 960 420 1022 git,
469 958 628 1021 quales
674 973 813 1020 supra
846 955 1061 1014 denotat,
1095 953 1368 1004 iuvenculas
1401 955 1589 1014 viduaS,
1637 972 1755 1020 quae
1794 956 1841 1002 in
1877 954 1942 1004 ν’ὶ

323 1029 499 1077 duitate
533 1026 856 1090 deprehensae
890 1035 938 1074 et
968 1026 1250 1091 aliquamdiu
1281 1026 1570 1084 assectaf'ae,
1617 1035 1862 1090 postquam
1900 1027 1942 1077 ii

323 1099 496 1147 delitiis
527 1098 790 1145 habuerunt
822 1097 1076 1154 Christum,
1124 1098 1301 1145 nubere
1340 1098 1522 1154 volunt,
1568 1097 1798 1153 habentes
1829 1095 1942 1144 iud

325 1171 475 1226 cium,
523 1167 645 1231 quod
690 1168 884 1231 primam
930 1166 1067 1214 fidem
1114 1166 1434 1225 resciderunt,
1481 1168 1613 1224 illam
1642 1166 1888 1225 videlicet,
1939 1204 1942 1217 ,

324 1255 413 1302 qua
444 1240 490 1285 in
520 1237 746 1285 viduitate
778 1238 995 1286 inventae
1028 1245 1076 1284 et
1105 1238 1349 1315 professae
1377 1253 1495 1295 eam,
1515 1254 1608 1285 non
1626 1234 1942 1302 perseverant

323 1308 526 1372 Propter
557 1306 679 1372 quod
710 1308 811 1354 vult
841 1323 921 1354 eas
953 1307 1154 1364 nubere,
1203 1324 1261 1355 ne
1299 1309 1495 1373 primam
1533 1305 1670 1355 fidem
1703 1315 1942 1390 suscepta}

324 1378 561 1427 viduitatis
592 1386 759 1442 postea
789 1377 1083 1425 rescindant:
1117 1395 1210 1424 non
1241 1387 1291 1425 ut
1317 1376 1489 1426 totiens
1513 1359 1703 1435 nubant,
1738 1379 1942 1454 quotiens?

324 1451 371 1497 in
400 1449 627 1497 viduitate
660 1457 856 1507 tentata,
889 1450 981 1495 imo
1015 1457 1063 1496 et
1092 1450 1139 1496 in
1172 1448 1356 1496 deliciis
1387 1449 1548 1496 habita
1578 1448 1816 1497 noluerint
1844 1455 1918 1514 pe
1906 1454 1942 1484 ’1

326 1537 563 1568 severare.
624 1519 846 1583 Legimus
879 1535 983 1567 eum
1016 1528 1064 1567 et
1094 1516 1155 1567 ad
1186 1519 1421 1567 Romanos
1452 1519 1760 1568 scribentem.
1824 1520 1912 1579 Qua
1914 1537 1942 1579 a}

328 1601 481 1640 autem
497 1590 595 1638 sub
626 1591 728 1638 viro
762 1599 834 1638 est
863 1591 1044 1648 mulier,
1075 1591 1252 1638 viventi
1280 1591 1382 1639 viro
1413 1591 1572 1639 vincta
1602 1599 1697 1650 est3
1731 1591 1769 1638 si
1799 1592 1942 1656 autel}

329 1662 522 1719 obierit,
563 1670 791 1709 evacuata
823 1669 895 1708 est
925 1678 953 1708 a
983 1662 1090 1724 lege
1120 1662 1232 1720 viri3
1280 1675 1446 1726 nempe
1487 1677 1604 1725 ergo
1634 1661 1820 1721 vivente
1850 1661 1942 1709 viui

328 1732 598 1781 adulterare
645 1732 912 1796 putabitur,
961 1733 1000 1779 si
1035 1732 1204 1779 iuncta
1247 1731 1391 1780 filerit
1419 1733 1558 1780 alteri
1587 1733 1714 1791 viro3
1762 1733 1802 1779 si
1836 1747 1942 1780 veis

329 1803 502 1851 obierit
530 1803 624 1860 vir,
666 1803 867 1850 liberata
898 1810 972 1849 est
1001 1819 1029 1849 a
1060 1803 1191 1865 lege,
1232 1802 1355 1867 quod
1385 1820 1479 1850 non
1518 1803 1580 1850 sit
1608 1801 1845 1861 adultera,
1884 1803 1908 1850 f
1922 1792 1942 1870 ξ

330 1884 407 1923 cta
438 1875 518 1921 alii
546 1875 665 1921 viro.
701 1872 798 1920 Sed
830 1882 879 1921 et
909 1875 1155 1938 sequentia
1186 1887 1500 1937 recognosce,
1534 1890 1624 1938 quo
1656 1889 1818 1921 sensus
1849 1860 1942 1933 isti

332 1946 407 2010 qui
439 1945 523 1992 tibi
553 1942 807 2001 blanditur,
843 1943 1026 1992 evadat.
1089 1944 1269 2008 Itaque,
1304 1945 1485 2017 inquit,
1499 1944 1672 1992 fratr'es
1711 1937 1803 1992 mei
1833 1948 1942 2006 ιιιο1

333 2016 573 2064 tificamini
604 2024 653 2062 et
681 2031 765 2063 vos
797 2016 892 2079 legi
921 2031 1009 2079 per
1039 2032 1211 2079 corpus
1243 2011 1442 2073 Christi,
1464 2023 1516 2062 ut
1531 2014 1795 2063 efficiamini
1820 2015 1924 2063 alte

331 2088 400 2145 ei,
448 2087 636 2134 scilicet
678 2087 756 2149 qui
787 2102 815 2133 a
845 2087 1039 2133 mortuis
1078 2087 1365 2145 resurrexit,
1407 2087 1476 2133 uti
1503 2080 1714 2134 fructum
1754 2086 1928 2134 feram⁴

332 2156 439 2204 deo.
502 2156 615 2204 Cum
664 2157 787 2203 enim
832 2172 1016 2203 eramus
1060 2157 1107 2202 in
1154 2170 1320 2217 carne,
1367 2158 1613 2221 passiones
1661 2155 1906 2204 delictorm

335 2243 452 2299 quae
490 2243 578 2290 per
614 2227 790 2288 legem,
837 2225 1161 2274 efficiebantur
1204 2227 1251 2273 in
1296 2227 1514 2274 membris
1559 2227 1734 2274 nostris
1771 2225 1836 2278 ad
1861 2226 1928 2273 fr-

334 2306 458 2345 ctum
495 2295 739 2344 ferendum
778 2297 939 2355 morti3
987 2313 1109 2344 nunc
1147 2305 1301 2344 autem
1333 2297 1554 2346 evacuati-
1585 2303 1739 2344 sumus
1775 2313 1804 2344 a
1834 2297 1909 2360 leg..

333 2367 504 2415 mortui
542 2367 589 2414 in
629 2382 718 2430 quo
766 2366 1043 2414 tenebamur
1088 2365 1147 2413 ad
1192 2365 1490 2414 serviendum
1535 2365 1626 2414 deo
1666 2368 1713 2414 in
1751 2367 1904 2414 novita

335 2438 540 2502 spiritus,
573 2446 623 2485 et
653 2453 746 2484 non
778 2438 825 2483 in
854 2443 1089 2485 vetustate
1122 2431 1289 2485 literae
1307 2437 1371 2498 2).
1434 2437 1584 2501 Igitur
1613 2437 1653 2484 si
1683 2437 1922 2494 mortiliczv

335 2525 421 2555 nos
451 2509 582 2555 iubet
613 2507 707 2570 legi
737 2522 824 2571 per
856 2523 1026 2572 corpus
1059 2507 1257 2566 Christi,
1306 2506 1430 2572 quod
1461 2515 1534 2556 est
1556 2508 1793 2567 ecclesia,
1842 2524 1899 2572 qu

337 2579 502 2643 spiritu
533 2578 754 2630 novitatis
786 2586 995 2636 constat,
1035 2595 1128 2626 non
1159 2594 1246 2643 per
1276 2579 1461 2635 literam
1490 2576 1758 2652 vetustatis,
1790 2577 1838 2626 id
1869 2593 1895 2627 e

337 2650 479 2713 legis3
527 2649 747 2697 auferens
785 2657 832 2696 te
872 2649 1061 2712 alege,
1109 2665 1227 2713 quae
1267 2666 1359 2696 non
1390 2657 1522 2697 tenet
1559 2648 1753 2697 uxorem
1791 2650 1914 2697 mari-

338 2719 587 2777 deI'uncto,
621 2720 863 2783 quominus
901 2720 978 2767 alii
1018 2720 1118 2767 viro
1151 2720 1254 2777 fiat,
1294 2718 1354 2768 ad
1393 2720 1688 2768 contrariam
1703 2728 1753 2767 te
1785 2709 1901 2781 red‘i2

340 2790 674 2847 conditionem,
709 2806 766 2838 ne
798 2791 978 2842 amisso
998 2791 1100 2838 viro
1131 2790 1300 2850 .3nubas
1336 2784 1653 2861 ᾳιιειιιῐιιιιιιιιιό
1683 2803 1775 2837 ιιοιι
1815 2789 1913 2872 dep

340 2862 511 2908 tareris
542 2860 779 2919 adultera,
826 2862 955 2908 facta
984 2861 1121 2908 alteri
1151 2862 1277 2918 viro,
1323 2869 1432 2925 post
1462 2869 1658 2921 mortem
1696 2861 1875 2919 mariti,

342 2929 494 2979 adhuc
526 2933 573 2978 in
605 2932 711 2994 lege
743 2947 887 2994 agere
921 2930 1136 2990 deberes,
1169 2940 1300 2979 tanto
1332 2947 1393 2980 ex
1422 2931 1694 2979 diversitate
1727 2930 1900 2979 conditi

343 3002 413 3048 nis
443 3000 662 3049 adulterii
692 3010 739 3049 te
770 3001 1066 3065 praeiudicat
1094 3011 1202 3067 post
1238 3011 1435 3050 mortem
1472 3002 1627 3051 mariti
1663 3003 1743 3050 alii
1781 3001 1899 3050 nube

460 3198 502 3247 1)
523 3200 558 3236 1.
577 3198 681 3234 Tim.
700 3201 736 3245 5,
758 3200 824 3238 14.
942 3199 985 3248 2)
1002 3201 1117 3238 Rom.
1137 3202 1172 3239 7.
1194 3201 1329 3239 2-6,
