1942 3554
519 43 539 70 1

435 220 520 260 ΒΕ
548 219 925 259 VIRGINIBUS
953 215 1296 256 VELANDIS.
1556 212 1688 257 203

54 353 215 402 gmem
247 336 418 393 visam,
466 335 626 400 quales
656 334 801 381 habet
828 334 989 396 virgo,
1031 348 1149 396 quae
1179 330 1330 379 videri
1359 330 1504 379 volet.
1566 328 1691 377 Invi-

0 339 161 468 item
191 421 242 455 se
273 405 442 454 eadem
474 407 718 453 oculorum
750 420 930 468 genera
961 402 1250 451 desiderant.
1321 400 1545 450 Eiusdem
1583 400 1691 448 libi-

0 494 2 497 ’
31 479 180 532 minis
210 486 284 526 est
310 476 463 525 videri
494 486 544 524 et
572 475 754 524 videre.
815 475 929 523 Tam
962 476 1114 522 sancti
1142 476 1234 522 viri
1273 483 1346 524 est
1385 472 1612 531 suffundi,
1652 473 1693 520 si

43 550 286 615 qvirginem
316 547 512 606 viderit,
553 565 689 612 quam
728 556 920 595 sanctae
950 547 1172 609 virginis,
1214 546 1255 593 si
1294 562 1322 593 a
1350 546 1452 592 viro
1484 545 1584 592 visa
1614 545 1690 591 sit.

39 610 49 634 ³
200 624 248 671 3.
321 617 419 667 Sed
457 635 546 667 nec
592 620 718 666 inter
763 616 1116 666 consuetudinis
1162 616 1398 681 dispicere
1443 616 1696 664 voluerunt

38 692 126 743 {illi
163 691 444 739 sanctissimi
483 699 829 738 antecessores.
898 690 1074 748 Tamen
1115 689 1407 736 tolerabilius
1445 686 1568 752 apud
1606 703 1693 733 nos

0 762 118 819 aad
144 767 308 826 ‘usque
348 762 567 826 vproxime
619 762 804 825 utrique
859 759 1188 808 consuetudini
1244 759 1692 806 communicabatur.

34 833 270 883 Arbitrio
301 834 530 897 permissa
559 848 638 880 res
677 840 802 889 erat,
847 840 900 878 ut
939 847 1149 895 quaeque
1188 831 1438 888 voluisset,
1486 839 1566 877 aut
1597 831 1696 891 tegi

30 913 140 958 {aut
167 905 402 969 prostitui,
436 903 559 950 sicut
589 912 638 950 et
667 903 862 959 nubere,
897 901 1021 966 quod
1054 910 1103 948 et
1140 903 1288 965 ipsum
1319 917 1473 964 neque
1508 902 1698 964 cogitur

28 968 211 1040 ineque
242 974 536 1038 prohibetur.
601 973 837 1021 Contenta
869 981 973 1020 erat
1009 973 1187 1019 veritas
1218 973 1398 1036 pacisci
1439 989 1542 1019 cum
1583 988 1698 1018 con-

24 1044 321 1111 &suetudinffi
354 1054 406 1092 ut
442 1045 589 1092 tacite
629 1044 713 1092 sub
754 1042 1109 1092 consuetudinis
1140 1045 1327 1091 nomine
1367 1045 1608 1091 frueretur
1646 1059 1696 1090 se

24 1116 135 1179 {vel
165 1134 227 1166 ex
255 1124 407 1181 parte.
448 1114 568 1163 Sed
601 1116 817 1180 quoniam
859 1123 1088 1178 coeperat
1125 1116 1304 1178 agnitio
1336 1115 1600 1180 proficere,
1648 1123 1700 1161 ut

23 1204 147 1254 per
175 1188 416 1236 licentiam
446 1188 688 1250 utriusque
721 1187 864 1233 moris
895 1185 1118 1233 indicium
1137 1186 1348 1233 melioris
1365 1188 1512 1250 partis
1545 1202 1699 1233 emer-

60 1267 215 1324 geret,
255 1259 412 1306 statim
451 1258 530 1305 ille
571 1257 870 1305 adversarius
908 1258 1141 1304 bonorum
1181 1258 1419 1321 multoque
1458 1258 1700 1304 instituto-

60 1347 162 1379 rum
194 1346 311 1394 opus
342 1346 472 1376 suum
503 1329 636 1376 fecit.
696 1327 924 1388 Ambiunt
952 1330 1161 1391 virgines
1201 1328 1439 1375 hominum
1471 1327 1699 1375 adversus

58 1402 270 1465 virgines
302 1398 380 1448 dei
410 1398 535 1446 nuda
564 1400 703 1463 plane
735 1401 893 1447 fronte
925 1398 973 1446 in
1006 1401 1305 1447 temerariam
1338 1398 1583 1447 audaciam
1616 1415 1700 1446 ex-

14 1484 18 1515 ῐ
61 1474 260 1529 citatae,
308 1480 358 1518 et
391 1472 601 1534 virgines
638 1469 880 1529 videntur,
929 1486 1047 1534 quae
1094 1470 1270 1534 aliquid
1310 1486 1338 1517 a
1373 1472 1488 1518 viris
1533 1479 1699 1535 petere

11 1542 286 1632 ὲΡοεειιιιῑ,
333 1540 503 1589 nedum
551 1542 644 1589 tale
691 1543 897 1599 factum,
944 1550 996 1588 ut
1039 1543 1229 1589 scilicet
1266 1543 1479 1590 aemulae
1521 1558 1698 1599 earum,

26 1670 29 1671 ⁷
61 1623 194 1662 tanto
226 1614 377 1677 magis
409 1614 608 1671 liberae,
632 1621 816 1677 quanto
850 1612 1026 1660 Christi
1066 1614 1212 1660 solius
1243 1614 1473 1671 ancillae,
1522 1612 1702 1660 dedan-

3 1640 30 1865 ἒ
62 1694 141 1734 tur
168 1686 279 1734 illis.
342 1682 754 1742 Scandalizamur,
802 1684 1038 1749 inquiunt,
1088 1686 1209 1748 quia
1236 1685 1378 1732 aliter
1414 1685 1536 1732 aliae
1568 1686 1701 1732 ince-

51 1755 194 1815 dunt,
227 1765 278 1803 et
313 1756 491 1803 malunt
527 1754 842 1803 scandalizari
882 1772 1017 1819 quam
1054 1757 1325 1819 provocari.
1396 1754 1700 1813 Scandalum,

2 1846 31 1891 44.
63 1828 155 1876 nisi
183 1828 341 1885 fallor,
373 1843 468 1873 non
505 1826 660 1874 bonae
692 1827 779 1885 rei,
813 1825 898 1873 sed
928 1826 1079 1873 malae
1113 1827 1375 1890 exemplum
1407 1836 1503 1884 est,
1537 1826 1704 1874 aedifi—

0 1893 21 1934 ·s‘
65 1915 180 1947 cans
217 1897 280 1946 ad
318 1896 558 1945 delictum.
619 1897 782 1945 Bonae
823 1914 901 1945 res
938 1898 1172 1945 neminem
1218 1896 1565 1956 scandalizant,
1615 1899 1704 1946 nisi

0 1975 12 2032 g
64 1969 233 2018 malam
264 1977 483 2033 mentem.
546 1966 598 2016 Si
627 1968 800 2015 bonum
839 1977 914 2016 est
942 1967 1190 2027 modestia,
1221 1968 1535 2028 verecundia,
1569 1970 1703 2017 fasti-

66 2038 192 2088 dium
223 2040 431 2103 gloriae,
472 2039 562 2087 soli
592 2037 685 2087 deo
718 2048 914 2104 captans
953 2040 1169 2103 placere:
1232 2049 1496 2103 agnoscant
1533 2042 1704 2088 malum

0 2147 11 2171 ἓ
68 2127 216 2169 suum,
249 2126 368 2175 quae
400 2109 459 2170 de
490 2111 575 2158 tali
604 2110 732 2158 bono
764 2108 1163 2158 scandalizantur.
1237 2110 1356 2170 Quid
1396 2113 1543 2171 enim,
1585 2114 1625 2159 si
1657 2121 1704 2160 et

10 2186 19 2195 ‘
65 2183 416 2231 incontinentes
447 2180 610 2229 dicant
639 2198 690 2230 se
722 2199 751 2229 a
782 2182 1134 2230 continentibus
1164 2181 1506 2241 scandalizari,
1549 2185 1703 2231 conti-

65 2253 230 2301 nentia
265 2251 539 2301 revocanda
585 2256 688 2300 est?
745 2252 808 2300 Et
846 2269 905 2301 ne
948 2254 1080 2300 multi
1119 2253 1256 2301 nobis
1302 2253 1702 2313 scandalizentur,

65 2324 387 2389 monogamia
397 2322 664 2371 recusanda
695 2326 805 2372 est?
864 2324 961 2371 Cur
990 2341 1084 2371 non
1116 2326 1265 2388 magis
1304 2325 1393 2373 hae
1427 2335 1702 2389 querantur,

26 2411 30 2445 ’.
67 2394 294 2444 scandalo
334 2394 424 2442 sibi
463 2410 568 2443 esse
606 2396 937 2459 petulantiam,
984 2394 1319 2459 impudentiam
1368 2398 1703 2446 ostentaticiae

30 2465 383 2528 ·virginitatis?
452 2463 660 2530 Propter
704 2465 935 2513 eiusmodi
986 2467 1134 2528 igitur
1179 2467 1337 2530 capita
1382 2466 1705 2516 nundinaticia

23 2554 26 2555 ⁷
68 2536 318 2584 trahantur
345 2536 555 2600 virgines
586 2544 780 2583 sanctae
812 2537 860 2584 in
892 2537 1167 2593 ecclesiam,
1197 2537 1552 2596 erubescenteS,
1580 2538 1704 2603 quod

23 2644 25 2646 -
73 2614 429 2670 cognoscantur
464 2607 513 2654 in
549 2605 732 2664 medio,
778 2615 1029 2670 paventeS,
1072 2605 1197 2670 quod
1228 2606 1513 2670 detegantur
1542 2626 1704 2658 arces-

70 2677 191 2727 sitae
222 2677 355 2742 quasi
386 2675 446 2724 ad
483 2685 707 2741 stuprum.
767 2675 879 2724 Non
910 2678 1059 2724 minus
1098 2678 1221 2724 enim
1261 2687 1311 2725 et
1348 2678 1441 2727 hoc
1480 2682 1579 2744 pati
1619 2698 1705 2729 no-

28 2756 39 2774 ·²
70 2749 187 2797 lunt.
249 2747 408 2796 Omnis
437 2748 696 2813 publicatio
725 2748 923 2811 virginis
952 2748 1106 2795 bonae
1146 2750 1294 2812 stupri
1324 2751 1481 2813 passio
1514 2760 1608 2810 est,
1656 2762 1706 2800 et

30 2859 33 2886 3
70 2827 231 2868 tamen
266 2820 359 2867 vim
392 2820 548 2867 carnis
584 2819 684 2884 pati
718 2819 871 2866 minus
916 2828 1012 2876 est,
1059 2819 1165 2883 quia
1205 2818 1264 2867 de
1306 2820 1466 2868 officio
1506 2831 1703 2873 naturae

71 2888 218 2939 venit.
279 2887 377 2938 Sed
421 2906 526 2939 cum
571 2890 763 2954 spiritus
806 2891 907 2954 ipse
950 2889 1155 2938 violatur
1198 2892 1246 2938 in
1288 2892 1473 2955 virgine
1518 2894 1702 2943 sublato

35 3018 39 3021 Α
72 2961 323 3019 velamine,
355 2959 523 3008 didicit
551 2961 770 3009 amittere
802 2960 927 3025 quod
957 2961 1192 3009 tuebatur.
1240 2961 1277 3010 Ο
1309 2964 1574 3028 sacrilegae
1605 2982 1705 3013 ma.-

32 3043 51 3092 ᾗ
76 3047 179 3090 nus,
211 3046 331 3095 quae
363 3029 567 3081 dicatum
598 3030 690 3079 deo
721 3031 928 3079 habitum
961 3031 1215 3082 detrahere
1246 3038 1523 3098 potuerunt!
1581 3035 1703 3095 Quid

36 3131 46 3171 s
75 3102 211 3168 peius
247 3101 415 3165 aliquis
443 3111 725 3167 persecutor
754 3103 970 3162 fecisset,
1017 3103 1057 3150 si
1087 3103 1178 3152 hoc
1219 3121 1247 3151 a
1282 3105 1466 3169 virgine
1498 3107 1702 3154 electum

80 3171 410 3236 cognovisset?
452 3172 711 3223 Denudasti
739 3174 942 3239 puellam
973 3190 1002 3222 a
1033 3175 1203 3240 capite,
1236 3184 1285 3224 et
1315 3185 1415 3225 tota
1445 3179 1535 3226 iam
1565 3178 1700 3242 virgo
