1942 3554
1879 0 1935 101 ”l

1892 30 1902 61 ’ἓ

312 190 395 236 88
613 189 695 227 DE
727 187 933 225 CULTU
961 185 1342 223 FEMINARUM
1397 185 1516 223 LIB.
1546 185 1596 222 11.

451 305 498 350 3.
568 299 704 346 Nunc
750 314 842 343 non
881 299 941 343 sit
992 294 1197 342 timenda
1242 294 1443 357 dignitas
1487 295 1689 352 formae,
1735 303 1786 341 ut
1829 310 1927 356 neq

309 369 653 436 possidentibus
699 367 876 428 gravis,
924 380 1011 411 nec
1050 365 1373 428 appetentibus
1411 364 1632 422 exitiosa,
1678 379 1767 411 nec
1805 373 1926 417 comi

309 441 477 487 iunctis
508 437 796 501 periculosa,
836 451 927 481 non
961 435 1174 497 exposita
1202 433 1561 491 tentationibus,
1593 444 1687 480 non
1717 435 1926 486 circum-ln

309 509 417 555 data
448 506 679 553 scandalis
711 506 1026 552 existimetur:
1087 504 1282 561 sufficit,
1331 501 1454 566 quod
1491 504 1671 566 angelis
1709 502 1786 549 dei
1823 499 1925 563 nod

306 587 378 625 est
407 577 690 623 necessaria.
752 573 871 620 Nam
902 574 982 629 ubi
1019 571 1266 635 pudicitia,
1314 573 1379 619 ibi
1414 589 1563 620 vacua
1598 568 1919 636 pulchritudo*

306 649 411 710 quia
442 647 631 708 proprie
669 660 778 690 usus
817 652 865 690 et
894 644 1072 690 fructus
1110 642 1468 705 pulchritudinis
1506 643 1709 699 luxuria,
1751 643 1843 688 ‘nisi
1873 587 1925 712 ag

305 717 404 779 quis
451 716 586 761 aliam
626 728 821 760 messem
868 712 1031 759 decori
1078 714 1291 775 corporis
1329 711 1598 768 arbitratur.
1673 711 1784 758 Illae
1825 708 1924 772 sibi

301 786 640 832 formositatem
687 792 735 830 et
786 782 939 829 datam
986 781 1241 828 extendant
1285 791 1334 828 et
1377 798 1470 829 non
1515 781 1667 829 datam
1721 781 1922 844 conquissz

301 863 420 911 rant,
455 870 571 917 quae
605 852 727 917 quod
758 853 815 898 ab
848 853 926 898 illa
957 853 1215 913 flagitatur,
1238 852 1343 898 ,sibi
1375 867 1557 914 quoque
1588 859 1828 914 praestare
1861 855 1921 899 sei

300 933 478 987 putant,
514 940 614 970 cum
647 923 782 969 alteri
814 923 1083 985 praestant?
1141 920 1281 967 Dicet
1310 921 1496 984 aliquis:
1532 919 1639 983 quid
1671 926 1785 982 ergo
1818 935 1922 981 nom

301 1002 373 1040 est
410 994 601 1040 exclusa
639 993 818 1038 luxuria
858 990 1057 1036 admissa
1103 992 1349 1036 castitate?
1405 988 1541 1036 laude
1586 990 1765 1036 formae
1810 990 1922 1053 sola}

298 1063 390 1109 frui
421 1071 469 1108 et
507 1061 564 1108 de
602 1062 726 1107 bono
768 1062 980 1122 corporis
1020 1061 1213 1121 gloriari
1250 1060 1362 1105 licet
1377 1061 1439 1118 1).
1526 1057 1734 1116 Viderit,
1775 1074 1918 1121 quemj

299 1133 426 1178 iuvat
457 1130 513 1177 de
548 1146 688 1176 carne
722 1130 930 1191 gloriari.
977 1128 1128 1175 Nobis
1159 1137 1311 1174 autem
1342 1129 1491 1190 primo
1524 1127 1707 1190 quidem
1737 1129 1907 1178 nullum

300 1202 480 1262 gloriae
534 1198 761 1255 studium,
825 1198 931 1259 quia
982 1197 1132 1258 gloria
1185 1197 1482 1243 exaltationis
1533 1198 1767 1258 ingenium
1821 1205 1917 1244 est.¹

298 1269 447 1315 Porro
488 1269 714 1315 exaltatio
755 1283 847 1312 non
896 1267 1115 1327 congruit
1151 1265 1496 1328 professoribus
1533 1265 1805 1312 humilitatis
1850 1282 1915 1315 ex,—

295 1339 601 1402 praescriptis
633 1335 725 1382 dei.
787 1334 967 1382 Deinde
1000 1337 1038 1381 si
1071 1336 1216 1382 omnis
1249 1336 1399 1396 gloria
1427 1350 1547 1381 vana
1577 1343 1625 1382 et
1653 1344 1914 1398 stuporata,

298 1417 467 1471 quanto
514 1408 660 1468 magis
707 1421 822 1469 quae
869 1405 916 1450 in
955 1420 1128 1461 carne,
1174 1404 1308 1450 nobis
1347 1403 1599 1451 duntaxat?
1662 1403 1790 1451 Nam⁴
1821 1405 1912 1453 etsi

295 1475 588 1539 gloriandum
621 1484 706 1533 est,
741 1476 787 1520 in
819 1475 1007 1536 spiritus
1037 1474 1187 1531 bonis,
1221 1490 1312 1520 non
1337 1475 1384 1520 in
1409 1489 1550 1521 carne
1572 1474 1763 1538 placere
1786 1475 1912 1539 vella

296 1546 532 1603 debemus,
568 1547 675 1608 quia
704 1545 1009 1607 spiritualium
1041 1552 1303 1590 sectatores
1328 1558 1503 1602 sumus3
1536 1544 1582 1590 in
1607 1544 1768 1607 quihus
1795 1559 1911 1607 ope-⁶·

293 1632 478 1672 ramur,
525 1616 616 1662 illis
662 1623 710 1661 et
754 1612 1061 1675 gaudeamus3
1092 1612 1165 1659 ⁷»de
1204 1613 1275 1660 his
1314 1613 1510 1675 gloriam
1549 1627 1813 1676 carpamus,
1847 1609 1916 1679 ‘¹⁹5

295 1686 460 1749 quibus
506 1685 702 1731 salutem
749 1699 1003 1746 speramus.
1093 1681 1237 1729 Plane
1292 1682 1571 1744 gloriabitur
1615 1681 1912 1730 Christianus·

293 1757 432 1802 etiam
463 1755 508 1801 in
543 1770 708 1810 carne,
756 1752 839 1799 sed
879 1769 980 1799 cum
1018 1761 1213 1815 propter
1253 1751 1483 1799 Christum
1521 1751 1730 1799 lacerata
1768 1751 1906 1799 dura-

290 1826 428 1881 verit,
460 1832 512 1870 ut
541 1832 590 1870 et
620 1823 808 1886 spiritus
839 1823 886 1868 in
918 1837 975 1868 ea
1006 1829 1283 1878 coronetur,
1330 1837 1422 1867 non
1459 1829 1512 1868 ut
1549 1821 1711 1868 oculos
1750 1830 1799 1868 et
1828 1829 1908 1869 sua‘

291 1895 435 1957 spiria
465 1892 834 1940 adolescentium
865 1900 973 1955 post
1002 1907 1052 1938 se
1084 1891 1253 1937 trahat.
1287 1889 1357 1937 Ita
1374 1888 1497 1953 quod
1527 1906 1587 1937 ex
1617 1892 1738 1937 omni
1769 1899 1908 1954 parte

289 1965 337 2009 in
366 1963 501 2011 vobis
531 1968 685 2020 vacat,
718 1963 886 2008 merito
919 1970 968 2008 et
997 1978 1089 2007 non
1113 1961 1341 2007 habentes
1371 1958 1619 2007 fastidiatis
1650 1968 1699 2007 et
1727 1960 1905 2014 haben·-

288 2041 361 2080 tes
393 2033 659 2095 negligatis.
722 2031 899 2078 Sancta
937 2032 1107 2078 femina
1140 2032 1201 2076 sit
1230 2030 1507 2076 naturaliter
1543 2031 1778 2093 speciosa,
1810 2045 1901 2077 non

289 2102 410 2149 adeo
443 2103 502 2148 sit
532 2102 794 2159 occasioni,
829 2109 959 2147 certe
998 2102 1037 2147 si
1067 2101 1222 2157 fuerit,
1255 2115 1348 2145 non
1379 2101 1617 2162 ignorare,
1649 2097 1733 2146 sed
1763 2100 1901 2146 etiam

286 2170 512 2234 impedire
545 2187 594 2218 se
626 2170 768 2217 debet
781 2172 845 2230 2).
1901 2208 1903 2210 .

425 2245 475 2290 4.
539 2240 681 2296 Quasi
710 2239 959 2300 gentilibus
991 2237 1158 2295 dicam,
1184 2239 1347 2300 gentili
1372 2239 1738 2284 communionum
1762 2253 1901 2301 prae-

289 2317 428 2372 cepto
475 2308 717 2371 alloquens
753 2324 860 2365 vos,
901 2308 1012 2353 solis
1050 2308 1226 2353 maritis
1252 2307 1434 2352 ¹vestris
1470 2307 1661 2369 placere
1699 2305 1896 2354 debetis.

287 2378 340 2425 In
371 2386 544 2424 tantum
576 2385 728 2423 autem
759 2376 1006 2438 placebitis
1038 2377 1129 2433 eis,
1167 2377 1214 2422 in
1253 2384 1468 2438 quantum
1503 2375 1667 2422 ‘alteris
1705 2375 1896 2438 placere

286 2464 379 2494 non
412 2448 701 2494 curaveritis.
738 2444 946 2493 Securae
978 2454 1146 2502 estote,
1178 2443 1483 2502 benedictac;
1515 2460 1634 2490 uxor
1659 2445 1784 2490 nulla
1814 2444 1898 2492 de-

287 2518 448 2563 formis
487 2524 560 2562 est
595 2517 762 2562 marito
803 2531 911 2573 suo,
958 2516 1070 2561 satis
1113 2515 1311 2578 placuit,
1360 2530 1461 2560 cum
1493 2514 1647 2560 electa
1677 2522 1770 2571 est,
1810 2529 1894 2561 seu

286 2587 492 2633 moribus
531 2601 613 2633 seu
650 2586 800 2631 forma
840 2583 1175 2632 commendata.
1251 2582 1325 2630 Ne
1372 2596 1460 2646 qua
1502 2591 1704 2635 vestrum
1747 2591 1894 2646 putet,

286 2657 324 2703 si
354 2655 688 2719 temperaverit
724 2671 751 2701 a
784 2655 1120 2718 compositione
1152 2655 1243 2712 sui,
1283 2668 1333 2700 se
1348 2653 1394 2712 3)
1429 2650 1582 2699 odium
1613 2661 1661 2699 et
1689 2648 1896 2718 aversi0÷

285 2742 389 2772 nem
419 2727 687 2772 maritorum
717 2732 1085 2787 prosecuturam.
1149 2723 1303 2770 Omnis
1333 2722 1522 2768 maritus
1555 2721 1782 2778 castitatis
1812 2737 1896 2789 eit-3

286 2803 421 2841 actor
458 2804 550 2852 est3
597 2795 793 2840 formam
828 2808 942 2840 vero
989 2792 1143 2840 fidelis
1185 2809 1278 2839 non
1323 2792 1602 2854 expostulat,
1649 2792 1756 2854 quia
1800 2805 1893 2839 non

397 2917 442 2970 1)
489 2921 577 2967 Rig.
624 2919 908 2969 castitate,
959 2919 1146 2956 laudes
1191 2917 1432 2965 corporis
1463 2917 1683 2965 gloriam
1727 2915 1892 2964 licet}

284 2972 329 3024 2)
360 2975 451 3022 Rig.
484 2975 709 3012 Sanctae
741 2975 991 3023 feminae,
1024 2974 1067 3011 si
1097 2976 1265 3011 natur.
1288 2973 1598 3021 ¹speciosae,
1629 2983 1726 3010 non
1759 2972 1888 3009 adeo

284 3031 356 3068 sit
383 3030 615 3077 occasio,
664 3033 808 3069 certe
846 3030 892 3067 si
930 3030 1120 3076 fuerit,
1166 3040 1264 3066 non
1298 3029 1575 3075 adiuvare,
1616 3027 1702 3064 aed
1734 3028 1889 3064 etiam

283 3084 534 3134 impedire
566 3085 726 3123 debet.
840 3083 884 3137 3)
917 3086 1170 3123 Pal-ticulum
1197 3095 1249 3122 se
1272 3085 1339 3121 hic
1356 3083 1616 3121 inserendam
1636 3082 1888 3131 putavimus.
