1942 3554
31 0 36 4 ⁷
65 0 126 18 «⁷³—
147 0 150 6 ¹
176 0 189 14 x,

30 15 116 35 ,*r,*·
156 18 160 23 1
173 31 181 37 Ι

361 112 582 151 comm
611 90 919 151 cNo'sncos
949 105 1261 146 sconrmcE.
1508 101 1618 162 241

15 257 99 312 ‚ige
123 253 271 303 dubio
302 260 631 317 praeterquam
663 258 832 298 sonant
863 247 1066 312 sapiunt,
1108 255 1157 294 et
1187 243 1314 293 aliud
1344 245 1392 291 in
1421 242 1621 292 vocibus

15 325 103 384 trit,
133 322 259 372 aliud
290 324 338 370 in
369 322 610 379 sensibus,
656 328 707 368 ut
736 319 1019 383 allegoriae,
1066 326 1116 364 ut
1144 315 1416 381 parabolae,
1456 323 1508 362 ut
1537 330 1621 363 ae-

15 396 218 460 nigmata.
265 392 596 456 Quemcunque
629 392 775 456 igitur
805 388 1120 453 conceperint
1149 395 1336 435 ventum
1368 401 1620 449 argumen-

17 465 189 516 ationis
219 464 399 528 scorpii
429 463 523 520 isti,
557 476 835 526 quocunque
868 476 920 508 se
948 458 1164 507 acumine
1196 456 1498 522 impegerint,
1529 471 1621 503 una

16 553 88 584 am
133 535 259 584 linea
304 543 399 592 est,
447 530 508 579 ad
546 534 669 596 ipsas
707 546 786 578 res
817 529 1225 594 provocabuntur,
1273 544 1331 574 an
1363 525 1620 574 secundum

20 606 250 670 cripturas
295 604 637 667 transigantur3
689 599 919 665 siquidem
958 608 1068 647 tunc
1106 596 1234 646 aliud
1273 596 1623 661 significabitur

15 693 47 730 n
79 674 350 739 seripturis,
397 674 437 720 si
475 680 569 720 nou
605 671 654 719 id
691 672 839 735 ipsum
878 670 1147 733 reperiatur
1184 669 1231 715 in
1263 667 1423 715 rebus.
1486 665 1623 725 Quod

0 745 118 805 mim
147 745 370 808 scriptum
402 751 492 805 est,
522 742 614 790 hoc
646 742 838 789 evenire
872 739 1134 803 oportebit3
1182 754 1326 802 porro
1368 746 1476 784 tunc
1510 753 1623 784 eve—

15 817 96 874 niet
131 813 256 880 quod
288 822 363 861 est
392 814 629 876 scriptum,
665 812 703 858 si
736 827 828 857 non
862 810 1002 857 aliter
1034 810 1240 857 eveniet.
1300 807 1432 855 Ecce
1466 816 1620 854 autem

15 895 51 935 ει
81 883 199 934 ‘odio
243 883 469 932 habemur
512 882 568 930 ab
617 880 830 928 omnibus
882 879 1145 926 hominibus
1191 878 1393 925 nominis
1440 893 1621 934 caussa,

0 953 229 1022 quomodo
274 964 323 1002 et
367 954 588 1016 scriptum
635 960 729 1009 est,
777 960 825 998 et
862 949 1088 998 tradimur
1126 950 1264 996 etiam
1311 965 1338 995 a
1375 947 1622 1012 proximis,

0 1025 229 1092 :quomodo
262 1034 311 1073 et
325 1025 550 1087 scriptum
582 1031 671 1080 est,
704 1019 1068 1086 etperducimur
1085 1019 1143 1068 ad
1160 1027 1439 1083 potestates,
1474 1027 1522 1065 et
1553 1018 1624 1065 in-

3 1111 314 1160 erregamur,
361 1103 411 1142 et
453 1102 747 1158 torquemur,
797 1100 846 1138 et
883 1091 1184 1146 confitemur,
1232 1098 1281 1136 et
1320 1087 1623 1145 trucidamur,

0 1165 230 1232 :quomodo
275 1174 324 1214 et
366 1164 588 1228 scriptum
636 1172 721 1210 est.
794 1161 875 1209 Sic
916 1160 1128 1209 dominus
1167 1158 1330 1207 edixit.
1394 1158 1446 1206 Si
1485 1159 1627 1206 aliter

11 1235 148 1285 edixit
176 1237 320 1295 haec,
368 1251 453 1282 eur
483 1250 575 1280 non
607 1233 747 1281 aliter
778 1232 1023 1290 eveniunt,
1072 1247 1208 1294 quam
1241 1229 1413 1288 edixit,
1454 1227 1504 1276 id
1537 1237 1624 1286 est,

0 1304 383 1372 quemadmodum
426 1304 606 1352 edixit?
663 1303 839 1367 Atquin
879 1318 971 1349 non
1011 1302 1151 1349 aliter
1198 1301 1442 1358 eveniunt,
1491 1315 1626 1363 quam

13 1375 175 1435 edixit3
226 1392 343 1440 ergo
374 1375 498 1423 sicut
527 1374 772 1432 eveniunt,
813 1374 877 1420 ita
909 1364 1080 1430 edixi‘t,
1121 1381 1169 1419 et
1200 1372 1320 1419 sicut
1353 1369 1516 1427 edixit,
1562 1370 1628 1417 ita

7 1447 238 1496 ⁴{veniunt-
297 1445 417 1493 Nam
462 1461 552 1493 nec
592 1445 806 1491 licuisset
844 1442 984 1490 aliter
1022 1444 1242 1500 evenire,
1289 1458 1424 1506 quam
1457 1439 1622 1498 edixit,

0 1532 89 1567 aee
119 1517 220 1582 ipse
251 1517 391 1564 aliter
422 1514 671 1571 edixisset,
720 1530 854 1578 quam
887 1513 1081 1561 evenire
1115 1513 1359 1560 voluisset.
1429 1511 1499 1558 Ita
1531 1527 1626 1557 non

0 1585 125 1649 *iliud
160 1585 492 1650 significabunt
529 1586 792 1648 scripturae
831 1584 976 1642 istae,
1025 1600 1158 1648 quam
1206 1584 1252 1629 in
1299 1581 1442 1630 rebus
1487 1597 1628 1628 reco-

0 1657 260 1722 gnoscitur.
317 1653 387 1706 At
416 1657 455 1703 si
486 1653 688 1703 nondum
727 1663 931 1718 aguntur
960 1654 1063 1712 illa,
1112 1669 1233 1717 quae
1266 1651 1623 1717 praedicantur,

0 1725 234 1793 qnmnodo
272 1727 393 1775 haec
426 1741 544 1791 quae
575 1724 852 1789 praedicata
882 1741 975 1771 non
1008 1726 1142 1771 sunt?
1206 1722 1316 1770 Non
1357 1731 1465 1769 sunt.
1504 1723 1627 1769 enim

2 1813 122 1850 <2²20
151 1795 445 1862 praedicata,
479 1811 597 1860 quae
630 1803 847 1859 aguntur,
880 1795 919 1842 si
951 1795 1042 1841 alia
1074 1802 1178 1840 sunt
1212 1809 1330 1857 quae
1347 1791 1628 1857 praedican-

4 1883 101 1927 ηπ,
148 1876 197 1916 et
232 1884 324 1915 non
363 1868 507 1924 haec,
557 1881 675 1930 quae
720 1873 936 1928 aguntur.
1001 1862 1062 1911 At
1094 1880 1215 1910 nunc
1249 1864 1358 1927 quia
1387 1864 1491 1927 ipsa
1523 1871 1627 1909 sunt

3 1955 51 1997 -n
79 1937 237 1996 rehus,
270 1953 390 2002 quae
423 1937 469 1983 in
501 1935 699 1983 vocibus
729 1935 871 1982 aliter
903 1933 1028 1981 dicta
1068 1933 1353 1992 creduntur3
1400 1932 1510 1998 quid
1543 1933 1625 1980 lie-

18 2017 101 2067 ·et,
134 2010 174 2055 si
205 2008 344 2055 aliter
373 2015 479 2055 acta
510 2007 867 2053 invenirentur?
929 2003 1024 2051 Sed
1065 2005 1183 2052 haec
1217 2005 1309 2051 erit
1337 2005 1628 2068 perversitas

19 2077 138 2136 idei,
184 2076 381 2143 prohata
411 2094 503 2124 non
536 2075 760 2133 credere,
807 2092 899 2122 non
930 2074 1128 2139 probata
1157 2089 1478 2139 praesumere.
1542 2074 1626 2120 Cui

19 2147 303 2197 ›erversitati
335 2145 447 2194 illud
479 2162 663 2211 quoque
711 2162 964 2210 opponam,
1014 2154 1084 2203 ut,
1132 2146 1171 2192 si
1209 2145 1350 2203 haec,
1400 2161 1519 2208 quae
1558 2145 1626 2191 sic

4 2227 228 2287 :igpntun
270 2216 652 2282 quemadmodum
685 2218 859 2280 scripta
891 2225 1018 2274 sunt,
1060 2232 1153 2262 non
1187 2224 1325 2263 erunt
1355 2217 1474 2279 ipsa,
1508 2230 1628 2279 quae

6 2285 354 2351 «praedicantur,
387 2289 465 2336 illa
496 2303 614 2352 quae
646 2304 738 2334 non
772 2286 974 2334 debeant
1005 2287 1074 2334 sic
1106 2287 1199 2351 agi,
1241 2284 1627 2349 quemadmodum

0 2357 183 2423 ‹seripta
227 2367 353 2416 sunt,
401 2374 461 2406 ne
508 2366 557 2406 et
592 2358 694 2421 ipsa
732 2358 895 2405 horum
938 2357 1152 2420 exemplo
1185 2357 1515 2420 periclitentur
1546 2371 1630 2402 ex-

6 2426 158 2488 =e.tudi;
193 2427 576 2493 siquidem-aliud
610 2429 656 2474 in
682 2428 896 2486 vocibus,
926 2426 1053 2475 aliud
1085 2427 1130 2473 in
1163 2426 1305 2473 rebus
1338 2435 1436 2484 est,
1473 2434 1521 2471 et
1551 2439 1629 2471 rc-

10 2497 231 2569 tinjquitur
273 2515 362 2547 nec
400 2497 672 2563 praedicata
718 2497 890 2555 videri,
939 2513 1043 2544 cum
1090 2498 1362 2552 evenerint,
1410 2495 1450 2542 si
1490 2494 1632 2541 aliter

7 2565 361 2630 praedicantur,
408 2585 541 2633 quam
582 2570 774 2616 evenire
814 2567 1005 2614 habent.
1069 2566 1129 2613 Et
1160 2564 1393 2629 quomodo
1428 2563 1631 2612 creden—

0 2648 109 2696 tur,
150 2652 268 2703 quae
299 2655 392 2686 non
438 2647 574 2687 erunt
616 2636 915 2702 praedicata,
962 2635 1195 2700 quomodo
1242 2636 1494 2682 eveniunt?
1561 2633 1632 2681 Ita

16 2709 243 2763 haeretiei.
270 2725 389 2772 quae
420 2709 769 2773 praedicantur,
802 2724 893 2754 non
927 2715 977 2753 ut
1005 2706 1202 2770 probata
1234 2715 1340 2753 sunt
1371 2703 1630 2763 credendo,

19 2792 71 2825 ea
101 2793 221 2841 quae
253 2795 341 2826 nec
374 2778 649 2842 praedicata
682 2787 787 2826 sunt
819 2775 1034 2825 credunt.

129 2850 213 2898 12.
276 2847 391 2907 Quis
436 2865 557 2896 nunc
604 2847 829 2895 medullas
876 2848 1211 2911 scripturarum
1257 2847 1405 2910 magis
1451 2854 1629 2903 nosset,

21 2932 148 2980 quam
185 2917 285 2981 ipsa
321 2917 495 2965 Christi
533 2918 725 2966 schola?
768 2933 887 2981 quos
926 2926 974 2965 et
1005 2917 1093 2964 sibi
1126 2915 1382 2982 discipulos
1421 2915 1634 2963 dominus

21 2985 254 3052 adoptavit
283 2988 438 3035 omnia
467 2990 628 3051 utique
668 2986 965 3045 edocendos,
1015 2996 1063 3034 et
1099 2988 1233 3036 nobis
1270 2988 1523 3052 magistros
1557 3002 1636 3033 or·-

11 3053 192 3122 fflnavit
236 3059 390 3105 omnia
434 3059 594 3109 utique
642 3056 883 3105 docturos.
950 3057 1033 3106 Cui
1074 3060 1231 3121 potius
1270 3059 1465 3122 liguram
1503 3057 1637 3106 vocis

68 3155 319 3217 -φιιιιτυιι,
337 3166 364 3194 1.
1219 3161 1282 3210 16
