1942 3554
519 199 600 239 AD
643 198 919 238 UXOREM
961 199 1074 237 LIB.
1102 199 1134 237 I.
1549 197 1641 242 69

137 311 204 359 tio
228 310 432 376 apostoli
456 308 684 370 declarat,
719 328 820 359 cum
845 311 1058 375 digamos
1082 327 1176 359 uon
1208 311 1317 358 sinit
1345 310 1637 376 praesidere,

50 442 55 447 .
149 381 336 430 viduam
372 382 518 445 ‘allegi
555 383 603 430 in
642 381 853 430 ordinem
870 384 940 443 1),
981 384 1083 434 nisi⁴
1110 382 1359 439 univiram,
1399 398 1492 429 non
1525 399 1638 431 con-

74 450 224 513 ‘'t2);
270 469 399 501 aram
445 453 566 500 enim
611 452 689 500 dei
733 452 948 500 mundam
992 454 1194 517 proponi
1240 461 1443 516 oportet.
1517 453 1640 501 Tota

116 523 324 571 eeclesia
356 521 558 570 candida
589 522 647 570 de
679 524 931 571 sanctitate
964 522 1250 571 describitur
1263 524 1327 583 ³).
1398 521 1638 571 Sacerdo-

1 652 5 654 .
146 591 387 640 viduitatis
417 601 467 640 et
497 593 785 640 celebratum
801 596 848 653 4)
889 602 962 640 est
998 592 1121 656 apud
1160 595 1378 640 nationes
1417 611 1502 657 pro
1537 593 1639 642 dia-

0 658 19 672 ”’
75 712 80 713 ,
103 663 320 710 scilicet
349 663 680 710 aemulatione.
756 663 934 725 Regem
959 664 1144 720 seculi,
1185 663 1457 727 pontificem
1488 666 1636 712 maxi-

109 790 129 796 ..
308 748 331 780 s
354 732 533 780 nubere
558 733 691 780 nefas
715 743 808 780 est:
843 742 1061 797 quantum
1086 732 1176 781 deo
1204 734 1429 780 sanctitas
1460 735 1633 797 placet,

42 863 52 870 .
115 747 502 858 waiam
486 803 702 850 inimicus
741 803 956 860 affectat,
1004 819 1098 849 non
1146 804 1302 866 utique
1347 812 1399 850 ut
1435 805 1634 856 alicuius

29 867 34 870 ’
96 897 97 902 =
99 872 362 932 ’affiniS,
389 872 476 921 sed
509 881 568 920 ut
613 871 691 920 dei
737 872 911 920 domini
963 874 1139 937 placita
1192 885 1296 921 cum
1350 876 1634 922 contumelia

123 946 259 991 tens?

141 1019 189 1066 8.
249 1012 371 1063 Nam
409 1013 468 1063 de
505 1014 745 1063 viduitatis
790 1015 1048 1062 honoribus
1094 1013 1217 1079 apud
1257 1013 1491 1063 dominum
1538 1033 1630 1064 uno

0 1039 145 1299 ξω
165 1085 266 1133 eius
302 1101 390 1149 per
425 1086 702 1150 prophetam
743 1084 1013 1150 expeditum
1060 1095 1153 1133 est:
1216 1085 1341 1133 [uste
1380 1087 1525 1134 facite
1561 1088 1631 1134 vi-

90 1170 118 1202 e

162 1163 212 1203 et
253 1156 453 1220 pupillo,
508 1165 556 1204 et
598 1157 756 1204 venite
804 1155 1114 1219 disputemus,
1171 1155 1287 1203 dicit
1333 1155 1546 1204 dominus
1564 1159 1628 1217 ⁵).

72 1241 101 1273 o
132 1226 224 1272 ista
241 1227 465 1284 momina,
504 1228 553 1274 in
584 1235 803 1290 quantum
836 1225 1083 1291 despectui
1113 1226 1315 1274 humano
1333 1228 1406 1286 6),
1448 1229 1495 1274 in
1526 1236 1630 1273 tan-

0 1302 119 1377 qm
137 1293 322 1344 divinae
368 1294 725 1344 misericordiae
773 1298 1009 1360 exposita,
1065 1298 1274 1361 suscepit
1317 1298 1440 1344 tueri
1493 1306 1631 1360 pater

0 1366 213 1425 Quium.
286 1365 436 1425 Vide,
478 1383 612 1431 quam
645 1383 706 1415 ex
736 1383 887 1431 aequo
919 1367 1142 1425 habetur,
1176 1369 1253 1432 qui
1282 1366 1451 1415 viduae
1482 1368 1630 1415 bene-

0 1435 179 1518 sperit,
213 1438 374 1500 quanti
405 1446 478 1485 est
505 1437 645 1486 vidua
675 1439 792 1501 ipsa,
828 1440 958 1484 cuius
983 1437 1208 1493 adsertor
1232 1437 1445 1486 dominus
1471 1438 1631 1502 dispu-
1711 1465 1716 1469 ·

0 1506 197 1566 ισιῐῗὶῑ
273 1505 383 1555 Νοιι
412 1516 598 1555 tantum
627 1508 888 1571 virginibus
921 1507 1100 1566 datum,
1144 1510 1328 1572 opinor.
1403 1509 1544 1557 Licet
1581 1510 1628 1556 in

0 1570 90 1638 lta
114 1577 363 1641 integritas
392 1577 547 1626 solida
578 1587 626 1626 et
655 1587 758 1626 tota
788 1580 1014 1627 sanctitas
1045 1578 1104 1629 de
1135 1580 1354 1643 proximo
1380 1581 1538 1626 visura
1569 1581 1630 1627 sit

0 1647 21 1702 ἰ’
51 1647 85 1660 ’”
174 1647 286 1708 dei3
317 1657 474 1697 tamen
502 1648 644 1697 vidua
673 1649 819 1697 habet
848 1649 1024 1715 aliquid
1056 1651 1316 1714 operosius,
1352 1652 1459 1715 quia
1482 1652 1623 1698 facile

49 1715 54 1723 ⁴'
81 1735 187 1785 ,ιιοιι
208 1728 443 1784 appetere
476 1719 610 1785 quod
627 1721 841 1779 nescias,
881 1729 931 1768 et
968 1722 1177 1770 aversari
1218 1720 1342 1784 quod
1382 1720 1624 1769 desidera-

77 1789 91 1803 “
159 1805 417 1866 nunquam.-
505 1789 772 1838 Gloriosior
825 1793 1138 1849 continentia,
1201 1807 1318 1855 quae
1371 1793 1442 1838 ius
1495 1809 1624 1839 suum

90 1849 175 1919 ft,
188 1875 307 1924 quae
340 1859 450 1926 quid
481 1860 675 1919 viderit,
716 1863 861 1909 novit.
937 1860 1122 1908 Poterit
1149 1862 1286 1924 virgo
1319 1862 1510 1908 felicior
1541 1863 1624 1908 ha-

0 1982 2 1984 ,
70 1930 116 1989 ι’,
149 1939 199 1978 at-
225 1929 372 1979 vidua
397 1932 706 1991 laboriosior,
739 1932 836 1989 illa,
871 1931 995 1996 quod
1023 1932 1196 1979 bonum
1228 1948 1416 1995 semper
1445 1932 1623 1990 habuit,

3 2013 7 2016 ⁴
55 2063 59 2065 .
117 2000 242 2066 quod
277 2001 578 2058 bonumsibi
615 2003 825 2062 invenit3⁴
858 2003 905 2049 in
943 2003 1024 2049 illa
1062 2004 1238 2065 gratia,
1279 2003 1326 2048 in
1358 2003 1449 2049 ista
1477 2003 1624 2050 virtus

8 2079 54 2124 -J
77 2078 262 2119 ouatur.
339 2071 579 2145 Quaedam
611 2074 733 2121 enim
766 2081 873 2121 sunt
904 2071 1090 2120 divinae
1123 2073 1444 2131 liberalitatis,
1480 2089 1624 2137 quae-

0 2142 2 2151 ²
65 2163 83 2183 ι
125 2151 317 2190 nostrae
351 2142 657 2208 operationis.
737 2143 865 2202 Quae
899 2160 927 2190 a
958 2142 1147 2190 domino
1179 2142 1624 2207 indulgentu1,sua

3 2221 30 2269 ,’
63 2212 142 2260 tia
171 2213 516 2281 gubernantum
558 2230 676 2278 quae
709 2214 767 2261 ab
799 2215 987 2263 homine
1020 2223 1292 2278 captantur,
1326 2214 1480 2266 studio
1513 2231 1622 2279 per-

2 2280 109 2345 ’γι
124 2291 248 2331 ntur
302 2282 474 2333 Stude
513 2286 658 2349 igitur
695 2283 754 2332 ad
791 2286 1010 2333 virtutem
1043 2286 1388 2343 continentiae,
1431 2285 1622 2346 [mode-

12 2350 153 2418 ”’· ,]
201 2369 319 2419 quae
356 2354 527 2420 pudori
563 2365 811 2421 procurat,
860 2354 1120 2414 sedulitati,
1170 2372 1287 2420 quae
1334 2372 1483 2419 nugas
1528 2373 1622 2403 non

6 2428 127 2490 ‘'j-J,
163 2423 448 2488 stugalitati,
488 2442 606 2490 quae
646 2427 854 2475 seculum
892 2427 1086 2490 spernit.
1165 2427 1442 2473 Convictum
1481 2435 1620 2489 atque

4 2499 52 2533 εἰ
168 2496 274 2544 reia
303 2494 395 2544 deo
428 2495 571 2560 digna
601 2506 812 2555 sectare,
853 2513 1032 2546 memor
1067 2497 1191 2544 illius
1229 2497 1473 2553 versiculi,
1515 2512 1620 2544 san-

4 2585 11 2603 ·
89 2619 94 2628 ,
121 2586 133 2594 ²
170 2565 181 2577 ⁰
213 2581 302 2630 per
330 2568 615 2631 apostolum:
677 2567 837 2616 Bonos
870 2575 1174 2630 corrumpunt
1204 2582 1360 2614 mores
1394 2582 1620 2629 congres-

101 2803 146 2852 1)
176 2805 240 2843 lta
268 2805 384 2854 mg„
416 2808 566 2846 ceteri:
601 2807 1003 2846 ordinationem.
1122 2808 1166 2856 2)
1201 2809 1236 2843 1.
1262 2807 1368 2846 Tim.
1402 2807 1446 2855 3,
1481 2808 1517 2844 2.
1551 2810 1617 2850 12,-

61 2855 132 2907 .“1,
157 2862 196 2897 6.
314 2862 374 2913 3)-
390 2863 741 2910 „Emendandum
765 2867 811 2901 ut
836 2867 900 2901 est
925 2864 968 2901 in
993 2863 1268 2902 membranis:
1315 2866 1445 2902 Tota
1470 2885 1532 2910 ,-
1562 2869 1618 2906 de

42 2915 280 2958 ιιοῐίἴαὲε
327 2918 733 2959 οοιιιιοιίὴίῐιιι.“
793 2920 883 2968 Rig.
1031 2921 1077 2967 4)
1115 2920 1205 2968 Rig.
1247 2922 1617 2962 caelibatuum.

2 2990 5 2994 ·
43 2980 145 3026 τι...
156 2973 375 3018 1,17.18.
492 2975 537 3023 6)
562 2976 652 3024 Rig.
676 2976 726 3013 in
758 2988 832 3023 qu.
857 2976 1116 3014 destituta
1146 2976 1352 3017 auxilio
1381 2966 1618 3018 humano.

56 3032 71 3087 J¹
78 3028 295 3076 'amelina
342 3029 487 3069 Gelen.
520 3031 698 3079 aliique:
750 3033 1056 3080 disputabit.
1113 3033 1206 3082 Rig.
1248 3046 1356 3073 cum
1410 3036 1616 3075 domino

1 3088 3 3090 '
46 3082 294 3143 sgutabit.
411 3087 455 3136 8)
486 3085 784 3141 ,,Φθείοουσιν
807 3085 904 3139 ἤθη
925 3084 1090 3142 χρῆσθ’
1111 3085 1273 3135 ὁμιλίαι
1296 3090 1435 3131 κακαί.
1440 3091 1465 3113 “
1523 3095 1616 3130 Me-

6 3157 21 3198 g
57 3144 148 3184 er
169 3140 403 3182 mThaide
431 3147 472 3199 4.
493 3145 588 3183 Cor.
606 3146 674 3193 15,
694 3146 758 3184 33.
793 3147 853 3184 Cf.
872 3145 921 3183 ad
942 3148 1173 3197 uxorem2,
1194 3147 1231 3185 3.

383 3187 458 3288 a
