<?xml version="1.0" encoding="UTF-8"?>
<!DOCTYPE html PUBLIC "-//W3C//DTD XHTML 1.0 Transitional//EN"
    "http://www.w3.org/TR/xhtml1/DTD/xhtml1-transitional.dtd">
<html xmlns="http://www.w3.org/1999/xhtml" xml:lang="en" lang="en">
 <head>
  <title>
</title>
<meta http-equiv="Content-Type" content="text/html;charset=utf-8" />
  <meta name='ocr-system' content='tesseract 3.04.00' />
  <meta name='ocr-capabilities' content='ocr_page ocr_carea ocr_par ocr_line ocrx_word'/>
</head>
<body>
  <div class='ocr_page' id='page_1' title='image "./operatert12tertuoft_0093.png"; bbox 0 0 1942 3554; ppageno 0'>
   <div class='ocr_carea' id='block_1_1' title="bbox 0 0 40 3554">
    <p class='ocr_par' dir='ltr' id='par_1_1' title="bbox 0 0 40 3554">
     <span class='ocr_line' id='line_1_1' title="bbox 0 0 23 580; baseline 0 -278"><span class='ocrx_word' id='word_1_1' title='bbox 0 0 23 580; x_wconf 95' lang='lat' dir='ltr'>    </span> 
     </span>
     <span class='ocr_line' id='line_1_2' title="bbox 0 632 27 937; baseline 0 -210"><span class='ocrx_word' id='word_1_2' title='bbox 0 632 27 937; x_wconf 95' lang='lat' dir='ltr'>   </span> 
     </span>
     <span class='ocr_line' id='line_1_3' title="bbox 0 937 34 1150; baseline 0 -209"><span class='ocrx_word' id='word_1_3' title='bbox 0 937 34 1150; x_wconf 95' lang='lat' dir='ltr'>    </span> 
     </span>
     <span class='ocr_line' id='line_1_4' title="bbox 0 1150 34 1227; baseline 0 -3"><span class='ocrx_word' id='word_1_4' title='bbox 0 1150 34 1227; x_wconf 95' lang='lat' dir='ltr'>   </span> 
     </span>
     <span class='ocr_line' id='line_1_5' title="bbox 0 1227 27 1499; baseline 0 -63"><span class='ocrx_word' id='word_1_5' title='bbox 0 1227 27 1499; x_wconf 95' lang='lat' dir='ltr'>    </span> 
     </span>
     <span class='ocr_line' id='line_1_6' title="bbox 0 1499 40 3554; baseline 0 0"><span class='ocrx_word' id='word_1_6' title='bbox 0 1499 40 3554; x_wconf 95' lang='lat' dir='ltr'>  </span> 
     </span>
    </p>
   </div>
   <div class='ocr_carea' id='block_1_2' title="bbox 551 195 1656 248">
    <p class='ocr_par' dir='ltr' id='par_1_2' title="bbox 551 195 1656 248">
     <span class='ocr_line' id='line_1_7' title="bbox 551 195 1656 248; baseline -0.005 -8"><span class='ocrx_word' id='word_1_7' title='bbox 551 198 1136 240; x_wconf 70' lang='lat' dir='ltr'>Aronoess&#39;ricus.</span> <span class='ocrx_word' id='word_1_8' title='bbox 1584 195 1656 248; x_wconf 75' lang='lat'>81</span> 
     </span>
    </p>
   </div>
   <div class='ocr_carea' id='block_1_3' title="bbox 21 337 1685 3226">
    <p class='ocr_par' dir='ltr' id='par_1_3' title="bbox 21 337 1671 1885">
     <span class='ocr_line' id='line_1_8' title="bbox 21 337 1656 408; baseline -0.004 -14"><span class='ocrx_word' id='word_1_9' title='bbox 21 354 111 396; x_wconf 57' lang='lat' dir='ltr'>nt.</span> <span class='ocrx_word' id='word_1_10' title='bbox 172 343 395 392; x_wconf 86' lang='lat' dir='ltr'>Ceterum</span> <span class='ocrx_word' id='word_1_11' title='bbox 426 339 553 408; x_wconf 85' lang='lat' dir='ltr'>quod</span> <span class='ocrx_word' id='word_1_12' title='bbox 582 337 735 388; x_wconf 86' lang='lat' dir='ltr'>videri</span> <span class='ocrx_word' id='word_1_13' title='bbox 768 341 1102 399; x_wconf 86' lang='lat' dir='ltr'>communiter,</span> <span class='ocrx_word' id='word_1_14' title='bbox 1135 338 1262 404; x_wconf 87' lang='lat' dir='ltr'>quod</span> <span class='ocrx_word' id='word_1_15' title='bbox 1296 339 1656 404; x_wconf 83' lang='lat' dir='ltr'><strong>comprehendi,</strong></span> 
     </span>
     <span class='ocr_line' id='line_1_9' title="bbox 27 410 1656 483; baseline -0.004 -18"><span class='ocrx_word' id='word_1_16' title='bbox 27 413 151 483; x_wconf 57' lang='lat' dir='ltr'>{uod</span> <span class='ocrx_word' id='word_1_17' title='bbox 180 414 419 464; x_wconf 88' lang='lat' dir='ltr'>aestimari</span> <span class='ocrx_word' id='word_1_18' title='bbox 448 419 626 477; x_wconf 89' lang='lat' dir='ltr'>potest,</span> <span class='ocrx_word' id='word_1_19' title='bbox 667 411 817 458; x_wconf 93' lang='lat' dir='ltr'>minus</span> <span class='ocrx_word' id='word_1_20' title='bbox 850 419 923 458; x_wconf 90' lang='lat' dir='ltr'>est</span> <span class='ocrx_word' id='word_1_21' title='bbox 962 419 1010 458; x_wconf 89' lang='lat' dir='ltr'>et</span> <span class='ocrx_word' id='word_1_22' title='bbox 1049 411 1201 458; x_wconf 89' lang='lat' dir='ltr'>oculis</span> <span class='ocrx_word' id='word_1_23' title='bbox 1245 410 1411 475; x_wconf 89' lang='lat' dir='ltr'>quibus</span> <span class='ocrx_word' id='word_1_24' title='bbox 1452 427 1656 475; x_wconf 90' lang='lat' dir='ltr'>occupa·</span> 
     </span>
     <span class='ocr_line' id='line_1_10' title="bbox 29 480 1656 547; baseline -0.004 -11"><span class='ocrx_word' id='word_1_25' title='bbox 29 503 123 546; x_wconf 75' lang='lat' dir='ltr'>ur,</span> <span class='ocrx_word' id='word_1_26' title='bbox 171 494 221 534; x_wconf 85' lang='lat' dir='ltr'>et</span> <span class='ocrx_word' id='word_1_27' title='bbox 258 483 469 534; x_wconf 88' lang='lat' dir='ltr'>manibus</span> <span class='ocrx_word' id='word_1_28' title='bbox 506 480 673 547; x_wconf 91' lang='lat' dir='ltr'>quibus</span> <span class='ocrx_word' id='word_1_29' title='bbox 713 481 1082 540; x_wconf 89' lang='lat' dir='ltr'>contaminatur,</span> <span class='ocrx_word' id='word_1_30' title='bbox 1132 490 1181 530; x_wconf 90' lang='lat' dir='ltr'>et</span> <span class='ocrx_word' id='word_1_31' title='bbox 1225 481 1441 530; x_wconf 82' lang='lat' dir='ltr'>sensibus</span> <span class='ocrx_word' id='word_1_32' title='bbox 1490 481 1656 546; x_wconf 86' lang='lat' dir='ltr'>quibus</span> 
     </span>
     <span class='ocr_line' id='line_1_11' title="bbox 27 551 1658 615; baseline -0.004 -10"><span class='ocrx_word' id='word_1_33' title='bbox 27 556 276 607; x_wconf 53' lang='lat' dir='ltr'>vnvenitur.</span> <span class='ocrx_word' id='word_1_34' title='bbox 352 551 487 615; x_wconf 86' lang='lat' dir='ltr'>Quod</span> <span class='ocrx_word' id='word_1_35' title='bbox 516 567 632 600; x_wconf 88' lang='lat' dir='ltr'>vero</span> <span class='ocrx_word' id='word_1_36' title='bbox 665 552 937 599; x_wconf 89' lang='lat' dir='ltr'>immensum</span> <span class='ocrx_word' id='word_1_37' title='bbox 971 561 1068 611; x_wconf 90' lang='lat' dir='ltr'>est,</span> <span class='ocrx_word' id='word_1_38' title='bbox 1109 552 1199 600; x_wconf 90' lang='lat' dir='ltr'>soli</span> <span class='ocrx_word' id='word_1_39' title='bbox 1239 551 1328 600; x_wconf 89' lang='lat' dir='ltr'>sibi</span> <span class='ocrx_word' id='word_1_40' title='bbox 1367 561 1527 599; x_wconf 88' lang='lat' dir='ltr'>notum</span> <span class='ocrx_word' id='word_1_41' title='bbox 1568 561 1658 600; x_wconf 90' lang='lat' dir='ltr'>est.</span> 
     </span>
     <span class='ocr_line' id='line_1_12' title="bbox 30 622 1658 692; baseline -0.005 -15"><span class='ocrx_word' id='word_1_42' title='bbox 30 628 130 677; x_wconf 65' lang='lat' dir='ltr'>Hoc</span> <span class='ocrx_word' id='word_1_43' title='bbox 176 635 250 675; x_wconf 85' lang='lat' dir='ltr'>est</span> <span class='ocrx_word' id='word_1_44' title='bbox 294 623 418 692; x_wconf 86' lang='lat' dir='ltr'>quod</span> <span class='ocrx_word' id='word_1_45' title='bbox 462 622 599 671; x_wconf 91' lang='lat' dir='ltr'>deum</span> <span class='ocrx_word' id='word_1_46' title='bbox 645 623 885 670; x_wconf 88' lang='lat' dir='ltr'>aestimari</span> <span class='ocrx_word' id='word_1_47' title='bbox 931 622 1067 680; x_wconf 84' lang='lat' dir='ltr'>facit,</span> <span class='ocrx_word' id='word_1_48' title='bbox 1126 622 1231 669; x_wconf 91' lang='lat' dir='ltr'>dum</span> <span class='ocrx_word' id='word_1_49' title='bbox 1279 624 1518 670; x_wconf 89' lang='lat' dir='ltr'>aestimari</span> <span class='ocrx_word' id='word_1_50' title='bbox 1565 639 1658 670; x_wconf 91' lang='lat' dir='ltr'>non</span> 
     </span>
     <span class='ocr_line' id='line_1_13' title="bbox 42 692 1660 764; baseline -0.004 -17"><span class='ocrx_word' id='word_1_51' title='bbox 42 699 166 764; x_wconf 76' lang='lat' dir='ltr'>:apit-</span> <span class='ocrx_word' id='word_1_52' title='bbox 227 695 300 744; x_wconf 89' lang='lat' dir='ltr'>lta</span> <span class='ocrx_word' id='word_1_53' title='bbox 323 711 428 744; x_wconf 91' lang='lat' dir='ltr'>eum</span> <span class='ocrx_word' id='word_1_54' title='bbox 452 694 524 742; x_wconf 90' lang='lat' dir='ltr'>vis</span> <span class='ocrx_word' id='word_1_55' title='bbox 550 692 887 758; x_wconf 78' lang='lat' dir='ltr'>magnitudinis</span> <span class='ocrx_word' id='word_1_56' title='bbox 920 702 968 740; x_wconf 91' lang='lat' dir='ltr'>et</span> <span class='ocrx_word' id='word_1_57' title='bbox 1000 702 1158 740; x_wconf 90' lang='lat' dir='ltr'>notum</span> <span class='ocrx_word' id='word_1_58' title='bbox 1191 692 1460 740; x_wconf 90' lang='lat' dir='ltr'>hominibus</span> <span class='ocrx_word' id='word_1_59' title='bbox 1495 692 1660 741; x_wconf 91' lang='lat' dir='ltr'>obiicit</span> 
     </span>
     <span class='ocr_line' id='line_1_14' title="bbox 40 762 1660 833; baseline -0.005 -15"><span class='ocrx_word' id='word_1_60' title='bbox 40 777 79 818; x_wconf 57' lang='lat' dir='ltr'>at</span> <span class='ocrx_word' id='word_1_61' title='bbox 106 769 332 833; x_wconf 85' lang='lat' dir='ltr'>ignotum.</span> <span class='ocrx_word' id='word_1_62' title='bbox 393 764 456 813; x_wconf 83' lang='lat' dir='ltr'>Et</span> <span class='ocrx_word' id='word_1_63' title='bbox 484 764 604 813; x_wconf 88' lang='lat' dir='ltr'>haec</span> <span class='ocrx_word' id='word_1_64' title='bbox 637 772 711 813; x_wconf 87' lang='lat' dir='ltr'>est</span> <span class='ocrx_word' id='word_1_65' title='bbox 740 779 916 812; x_wconf 88' lang='lat' dir='ltr'>summa</span> <span class='ocrx_word' id='word_1_66' title='bbox 942 762 1103 811; x_wconf 83' lang='lat' dir='ltr'>delicti</span> <span class='ocrx_word' id='word_1_67' title='bbox 1135 764 1393 811; x_wconf 88' lang='lat' dir='ltr'>nolentium</span> <span class='ocrx_word' id='word_1_68' title='bbox 1420 779 1660 828; x_wconf 89' lang='lat' dir='ltr'>recogno-</span> 
     </span>
     <span class='ocr_line' id='line_1_15' title="bbox 33 833 1658 904; baseline -0.002 -20"><span class='ocrx_word' id='word_1_69' title='bbox 33 853 190 898; x_wconf 57' lang='lat' dir='ltr'>acere,</span> <span class='ocrx_word' id='word_1_70' title='bbox 246 852 380 904; x_wconf 82' lang='lat' dir='ltr'>quem</span> <span class='ocrx_word' id='word_1_71' title='bbox 426 837 650 900; x_wconf 83' lang='lat' dir='ltr'>ignorare</span> <span class='ocrx_word' id='word_1_72' title='bbox 697 851 788 882; x_wconf 91' lang='lat' dir='ltr'>non</span> <span class='ocrx_word' id='word_1_73' title='bbox 834 843 1046 899; x_wconf 85' lang='lat' dir='ltr'>possunt.</span> <span class='ocrx_word' id='word_1_74' title='bbox 1121 834 1278 882; x_wconf 91' lang='lat' dir='ltr'>Vultis</span> <span class='ocrx_word' id='word_1_75' title='bbox 1326 850 1387 882; x_wconf 78' lang='lat' dir='ltr'>ex</span> <span class='ocrx_word' id='word_1_76' title='bbox 1435 833 1658 898; x_wconf 84' lang='lat' dir='ltr'>operibus</span> 
     </span>
     <span class='ocr_line' id='line_1_16' title="bbox 29 904 1658 975; baseline -0.004 -18"><span class='ocrx_word' id='word_1_77' title='bbox 29 910 174 975; x_wconf 62' lang='lat' dir='ltr'>rpsius</span> <span class='ocrx_word' id='word_1_78' title='bbox 206 916 277 956; x_wconf 88' lang='lat' dir='ltr'>tot</span> <span class='ocrx_word' id='word_1_79' title='bbox 305 923 362 956; x_wconf 87' lang='lat' dir='ltr'>ac</span> <span class='ocrx_word' id='word_1_80' title='bbox 393 907 579 966; x_wconf 88' lang='lat' dir='ltr'>talibus,</span> <span class='ocrx_word' id='word_1_81' title='bbox 615 905 779 971; x_wconf 90' lang='lat' dir='ltr'>quibus</span> <span class='ocrx_word' id='word_1_82' title='bbox 813 907 1123 964; x_wconf 77' lang='lat' dir='ltr'>continemur,</span> <span class='ocrx_word' id='word_1_83' title='bbox 1159 904 1324 970; x_wconf 89' lang='lat' dir='ltr'>quibus</span> <span class='ocrx_word' id='word_1_84' title='bbox 1357 905 1658 963; x_wconf 84' lang='lat' dir='ltr'>sustinemur,</span> 
     </span>
     <span class='ocr_line' id='line_1_17' title="bbox 24 976 1662 1046; baseline -0.004 -17"><span class='ocrx_word' id='word_1_85' title='bbox 24 979 194 1046; x_wconf 56' lang='lat' dir='ltr'>quibus</span> <span class='ocrx_word' id='word_1_86' title='bbox 239 978 554 1036; x_wconf 87' lang='lat' dir='ltr'>oblectamur,</span> <span class='ocrx_word' id='word_1_87' title='bbox 611 978 751 1025; x_wconf 89' lang='lat' dir='ltr'>etiam</span> <span class='ocrx_word' id='word_1_88' title='bbox 806 976 973 1041; x_wconf 90' lang='lat' dir='ltr'>quibus</span> <span class='ocrx_word' id='word_1_89' title='bbox 1031 985 1352 1034; x_wconf 80' lang='lat' dir='ltr'>exterremur,</span> <span class='ocrx_word' id='word_1_90' title='bbox 1405 976 1548 1024; x_wconf 89' lang='lat' dir='ltr'>vultis</span> <span class='ocrx_word' id='word_1_91' title='bbox 1605 991 1662 1023; x_wconf 87' lang='lat' dir='ltr'>ex</span> 
     </span>
     <span class='ocr_line' id='line_1_18' title="bbox 38 1047 1663 1116; baseline -0.004 -16"><span class='ocrx_word' id='word_1_92' title='bbox 38 1051 211 1100; x_wconf 77' lang='lat' dir='ltr'>mimae</span> <span class='ocrx_word' id='word_1_93' title='bbox 242 1050 388 1116; x_wconf 89' lang='lat' dir='ltr'>ipsius</span> <span class='ocrx_word' id='word_1_94' title='bbox 420 1049 688 1097; x_wconf 88' lang='lat' dir='ltr'>testimonio</span> <span class='ocrx_word' id='word_1_95' title='bbox 716 1047 1107 1112; x_wconf 83' lang='lat' dir='ltr'>comprobemus?</span> <span class='ocrx_word' id='word_1_96' title='bbox 1153 1047 1283 1107; x_wconf 82' lang='lat' dir='ltr'>Quae</span> <span class='ocrx_word' id='word_1_97' title='bbox 1317 1048 1432 1095; x_wconf 92' lang='lat' dir='ltr'>licet</span> <span class='ocrx_word' id='word_1_98' title='bbox 1464 1062 1663 1094; x_wconf 89' lang='lat' dir='ltr'>carcere</span> 
     </span>
     <span class='ocr_line' id='line_1_19' title="bbox 38 1118 1662 1187; baseline -0.004 -17"><span class='ocrx_word' id='word_1_99' title='bbox 38 1121 246 1187; x_wconf 76' lang='lat' dir='ltr'>corporis</span> <span class='ocrx_word' id='word_1_100' title='bbox 283 1136 469 1185; x_wconf 89' lang='lat' dir='ltr'>pressa,</span> <span class='ocrx_word' id='word_1_101' title='bbox 518 1119 634 1167; x_wconf 92' lang='lat' dir='ltr'>licet</span> <span class='ocrx_word' id='word_1_102' title='bbox 678 1118 1048 1166; x_wconf 85' lang='lat' dir='ltr'>institutionibus</span> <span class='ocrx_word' id='word_1_103' title='bbox 1086 1119 1245 1182; x_wconf 87' lang='lat' dir='ltr'>pravis</span> <span class='ocrx_word' id='word_1_104' title='bbox 1286 1118 1662 1181; x_wconf 86' lang='lat' dir='ltr'>circumscripta,</span> 
     </span>
     <span class='ocr_line' id='line_1_20' title="bbox 31 1187 1664 1254; baseline -0.004 -14"><span class='ocrx_word' id='word_1_105' title='bbox 31 1193 146 1242; x_wconf 82' lang='lat' dir='ltr'>ieet</span> <span class='ocrx_word' id='word_1_106' title='bbox 189 1190 459 1240; x_wconf 89' lang='lat' dir='ltr'>libidinibus</span> <span class='ocrx_word' id='word_1_107' title='bbox 505 1206 560 1238; x_wconf 86' lang='lat' dir='ltr'>ac</span> <span class='ocrx_word' id='word_1_108' title='bbox 609 1190 1011 1254; x_wconf 89' lang='lat' dir='ltr'>concupiscentiis</span> <span class='ocrx_word' id='word_1_109' title='bbox 1059 1190 1329 1253; x_wconf 84' lang='lat' dir='ltr'>evigorata,</span> <span class='ocrx_word' id='word_1_110' title='bbox 1379 1188 1494 1235; x_wconf 91' lang='lat' dir='ltr'>licet</span> <span class='ocrx_word' id='word_1_111' title='bbox 1533 1187 1664 1235; x_wconf 84' lang='lat' dir='ltr'>falsis</span> 
     </span>
     <span class='ocr_line' id='line_1_21' title="bbox 28 1259 1665 1324; baseline -0.004 -13"><span class='ocrx_word' id='word_1_112' title='bbox 28 1263 126 1311; x_wconf 47' lang='lat' dir='ltr'>vnliis</span> <span class='ocrx_word' id='word_1_113' title='bbox 157 1262 455 1321; x_wconf 80' lang='lat' dir='ltr'>exancillata,</span> <span class='ocrx_word' id='word_1_114' title='bbox 491 1277 594 1310; x_wconf 90' lang='lat' dir='ltr'>cum</span> <span class='ocrx_word' id='word_1_115' title='bbox 624 1269 781 1309; x_wconf 85' lang='lat' dir='ltr'>tamen</span> <span class='ocrx_word' id='word_1_116' title='bbox 812 1260 1074 1324; x_wconf 86' lang='lat' dir='ltr'>resipiscit,</span> <span class='ocrx_word' id='word_1_117' title='bbox 1107 1269 1159 1306; x_wconf 87' lang='lat' dir='ltr'>ut</span> <span class='ocrx_word' id='word_1_118' title='bbox 1190 1275 1250 1307; x_wconf 87' lang='lat' dir='ltr'>ex</span> <span class='ocrx_word' id='word_1_119' title='bbox 1282 1259 1490 1323; x_wconf 84' lang='lat' dir='ltr'>crapula,</span> <span class='ocrx_word' id='word_1_120' title='bbox 1524 1267 1575 1306; x_wconf 90' lang='lat' dir='ltr'>ut</span> <span class='ocrx_word' id='word_1_121' title='bbox 1607 1274 1665 1305; x_wconf 84' lang='lat' dir='ltr'>ex</span> 
     </span>
     <span class='ocr_line' id='line_1_22' title="bbox 46 1330 1664 1396; baseline -0.003 -16"><span class='ocrx_word' id='word_1_122' title='bbox 46 1349 222 1392; x_wconf 83' lang='lat' dir='ltr'>;omno,</span> <span class='ocrx_word' id='word_1_123' title='bbox 263 1342 316 1380; x_wconf 91' lang='lat' dir='ltr'>ut</span> <span class='ocrx_word' id='word_1_124' title='bbox 345 1348 407 1381; x_wconf 83' lang='lat' dir='ltr'>ex</span> <span class='ocrx_word' id='word_1_125' title='bbox 435 1332 590 1396; x_wconf 88' lang='lat' dir='ltr'>aliqua</span> <span class='ocrx_word' id='word_1_126' title='bbox 621 1330 917 1388; x_wconf 89' lang='lat' dir='ltr'>valetudine,</span> <span class='ocrx_word' id='word_1_127' title='bbox 952 1340 1000 1378; x_wconf 92' lang='lat' dir='ltr'>et</span> <span class='ocrx_word' id='word_1_128' title='bbox 1031 1331 1279 1378; x_wconf 88' lang='lat' dir='ltr'>sanitatem</span> <span class='ocrx_word' id='word_1_129' title='bbox 1311 1346 1439 1377; x_wconf 88' lang='lat' dir='ltr'>suam</span> <span class='ocrx_word' id='word_1_130' title='bbox 1473 1330 1664 1393; x_wconf 90' lang='lat' dir='ltr'>patitur,</span> 
     </span>
     <span class='ocr_line' id='line_1_23' title="bbox 26 1399 1662 1466; baseline -0.002 -16"><span class='ocrx_word' id='word_1_131' title='bbox 26 1404 170 1454; x_wconf 37' lang='lat' dir='ltr'>{teum</span> <span class='ocrx_word' id='word_1_132' title='bbox 212 1404 445 1461; x_wconf 87' lang='lat' dir='ltr'>nominat,</span> <span class='ocrx_word' id='word_1_133' title='bbox 493 1403 583 1449; x_wconf 92' lang='lat' dir='ltr'>hoc</span> <span class='ocrx_word' id='word_1_134' title='bbox 623 1403 726 1449; x_wconf 91' lang='lat' dir='ltr'>solo</span> <span class='ocrx_word' id='word_1_135' title='bbox 767 1403 978 1459; x_wconf 91' lang='lat' dir='ltr'>nomine,</span> <span class='ocrx_word' id='word_1_136' title='bbox 1028 1403 1135 1466; x_wconf 89' lang='lat' dir='ltr'>quia</span> <span class='ocrx_word' id='word_1_137' title='bbox 1180 1401 1374 1465; x_wconf 89' lang='lat' dir='ltr'>proprio</span> <span class='ocrx_word' id='word_1_138' title='bbox 1417 1399 1495 1448; x_wconf 93' lang='lat' dir='ltr'>dei</span> <span class='ocrx_word' id='word_1_139' title='bbox 1533 1400 1662 1447; x_wconf 86' lang='lat' dir='ltr'>veri:</span> 
     </span>
     <span class='ocr_line' id='line_1_24' title="bbox 26 1470 1668 1539; baseline -0.003 -18"><span class='ocrx_word' id='word_1_140' title='bbox 26 1475 151 1524; x_wconf 66' lang='lat' dir='ltr'>{deus</span> <span class='ocrx_word' id='word_1_141' title='bbox 183 1489 399 1539; x_wconf 81' lang='lat' dir='ltr'>magnuS,</span> <span class='ocrx_word' id='word_1_142' title='bbox 442 1473 557 1521; x_wconf 88' lang='lat' dir='ltr'>deus</span> <span class='ocrx_word' id='word_1_143' title='bbox 587 1473 761 1530; x_wconf 79' lang='lat' dir='ltr'>bonuS,</span> <span class='ocrx_word' id='word_1_144' title='bbox 803 1482 852 1520; x_wconf 89' lang='lat' dir='ltr'>et</span> <span class='ocrx_word' id='word_1_145' title='bbox 890 1471 1014 1536; x_wconf 91' lang='lat' dir='ltr'>quod</span> <span class='ocrx_word' id='word_1_146' title='bbox 1054 1471 1169 1520; x_wconf 89' lang='lat' dir='ltr'>deus</span> <span class='ocrx_word' id='word_1_147' title='bbox 1210 1470 1421 1529; x_wconf 87' lang='lat' dir='ltr'>dederit,</span> <span class='ocrx_word' id='word_1_148' title='bbox 1463 1472 1668 1518; x_wconf 87' lang='lat' dir='ltr'>omnium</span> 
     </span>
     <span class='ocr_line' id='line_1_25' title="bbox 46 1539 1665 1608; baseline -0.004 -16"><span class='ocrx_word' id='word_1_149' title='bbox 46 1561 130 1595; x_wconf 57' lang='lat' dir='ltr'>‘lox</span> <span class='ocrx_word' id='word_1_150' title='bbox 167 1553 256 1595; x_wconf 83' lang='lat' dir='ltr'>est.</span> <span class='ocrx_word' id='word_1_151' title='bbox 332 1543 540 1592; x_wconf 89' lang='lat' dir='ltr'>Iudicem</span> <span class='ocrx_word' id='word_1_152' title='bbox 587 1560 773 1608; x_wconf 93' lang='lat' dir='ltr'>quoque</span> <span class='ocrx_word' id='word_1_153' title='bbox 822 1552 1117 1591; x_wconf 88' lang='lat' dir='ltr'>contestatur</span> <span class='ocrx_word' id='word_1_154' title='bbox 1160 1542 1315 1600; x_wconf 92' lang='lat' dir='ltr'>illum,</span> <span class='ocrx_word' id='word_1_155' title='bbox 1366 1540 1480 1588; x_wconf 90' lang='lat' dir='ltr'>deus</span> <span class='ocrx_word' id='word_1_156' title='bbox 1520 1539 1665 1596; x_wconf 84' lang='lat' dir='ltr'>videt,</span> 
     </span>
     <span class='ocr_line' id='line_1_26' title="bbox 43 1611 1669 1672; baseline -0.005 -8"><span class='ocrx_word' id='word_1_157' title='bbox 43 1625 88 1665; x_wconf 63' lang='lat' dir='ltr'>:at</span> <span class='ocrx_word' id='word_1_158' title='bbox 124 1614 216 1664; x_wconf 90' lang='lat' dir='ltr'>deo</span> <span class='ocrx_word' id='word_1_159' title='bbox 255 1613 555 1672; x_wconf 88' lang='lat' dir='ltr'>commendo,</span> <span class='ocrx_word' id='word_1_160' title='bbox 604 1622 654 1663; x_wconf 90' lang='lat' dir='ltr'>et</span> <span class='ocrx_word' id='word_1_161' title='bbox 692 1613 808 1661; x_wconf 91' lang='lat' dir='ltr'>deus</span> <span class='ocrx_word' id='word_1_162' title='bbox 848 1614 956 1661; x_wconf 86' lang='lat' dir='ltr'>mihi</span> <span class='ocrx_word' id='word_1_163' title='bbox 998 1612 1183 1662; x_wconf 88' lang='lat' dir='ltr'>reddet.</span> <span class='ocrx_word' id='word_1_164' title='bbox 1262 1611 1298 1660; x_wconf 89' lang='grc' dir='ltr'>Ο</span> <span class='ocrx_word' id='word_1_165' title='bbox 1347 1612 1669 1660; x_wconf 88' lang='lat' dir='ltr'>testimonium</span> 
     </span>
     <span class='ocr_line' id='line_1_27' title="bbox 43 1682 1667 1749; baseline -0.004 -14"><span class='ocrx_word' id='word_1_166' title='bbox 43 1687 218 1735; x_wconf 68' lang='lat' dir='ltr'>animae</span> <span class='ocrx_word' id='word_1_167' title='bbox 250 1686 529 1734; x_wconf 87' lang='lat' dir='ltr'>naturaliter</span> <span class='ocrx_word' id='word_1_168' title='bbox 555 1685 877 1733; x_wconf 81' lang='lat' dir='ltr'>Christianae!</span> <span class='ocrx_word' id='word_1_169' title='bbox 944 1684 1159 1749; x_wconf 89' lang='lat' dir='ltr'>Denique</span> <span class='ocrx_word' id='word_1_170' title='bbox 1191 1684 1498 1748; x_wconf 86' lang='lat' dir='ltr'>pronuntians</span> <span class='ocrx_word' id='word_1_171' title='bbox 1531 1682 1667 1740; x_wconf 86' lang='lat' dir='ltr'>haec,</span> 
     </span>
     <span class='ocr_line' id='line_1_28' title="bbox 44 1752 1671 1822; baseline -0.003 -18"><span class='ocrx_word' id='word_1_172' title='bbox 44 1774 130 1805; x_wconf 72' lang='lat' dir='ltr'>-iou</span> <span class='ocrx_word' id='word_1_173' title='bbox 176 1755 232 1806; x_wconf 88' lang='lat' dir='ltr'>ad</span> <span class='ocrx_word' id='word_1_174' title='bbox 275 1757 578 1822; x_wconf 86' lang='lat' dir='ltr'>Capitolium,</span> <span class='ocrx_word' id='word_1_175' title='bbox 628 1755 713 1804; x_wconf 91' lang='lat' dir='ltr'>sed</span> <span class='ocrx_word' id='word_1_176' title='bbox 751 1755 811 1804; x_wconf 91' lang='lat' dir='ltr'>ad</span> <span class='ocrx_word' id='word_1_177' title='bbox 850 1757 1033 1803; x_wconf 88' lang='lat' dir='ltr'>coelum</span> <span class='ocrx_word' id='word_1_178' title='bbox 1071 1755 1284 1819; x_wconf 90' lang='lat' dir='ltr'>respicit.</span> <span class='ocrx_word' id='word_1_179' title='bbox 1361 1752 1508 1801; x_wconf 91' lang='lat' dir='ltr'>Novit</span> <span class='ocrx_word' id='word_1_180' title='bbox 1546 1752 1671 1800; x_wconf 92' lang='lat' dir='ltr'>enim</span> 
     </span>
     <span class='ocr_line' id='line_1_29' title="bbox 39 1825 1226 1885; baseline -0.003 -10"><span class='ocrx_word' id='word_1_181' title='bbox 39 1826 200 1876; x_wconf 62' lang='lat' dir='ltr'>sedem</span> <span class='ocrx_word' id='word_1_182' title='bbox 232 1826 312 1875; x_wconf 89' lang='lat' dir='ltr'>dei</span> <span class='ocrx_word' id='word_1_183' title='bbox 343 1827 460 1885; x_wconf 81' lang='lat' dir='ltr'>vivi3</span> <span class='ocrx_word' id='word_1_184' title='bbox 501 1827 558 1873; x_wconf 89' lang='lat' dir='ltr'>ab</span> <span class='ocrx_word' id='word_1_185' title='bbox 590 1827 697 1884; x_wconf 89' lang='lat' dir='ltr'>illo,</span> <span class='ocrx_word' id='word_1_186' title='bbox 739 1835 788 1873; x_wconf 90' lang='lat' dir='ltr'>et</span> <span class='ocrx_word' id='word_1_187' title='bbox 818 1825 927 1873; x_wconf 91' lang='lat' dir='ltr'>inde</span> <span class='ocrx_word' id='word_1_188' title='bbox 962 1825 1226 1874; x_wconf 87' lang='lat' dir='ltr'>descendit.</span> 
     </span>
    </p>

    <p class='ocr_par' dir='ltr' id='par_1_4' title="bbox 36 1892 1685 3226">
     <span class='ocr_line' id='line_1_30' title="bbox 186 1892 1670 1961; baseline -0.003 -17"><span class='ocrx_word' id='word_1_189' title='bbox 186 1901 267 1950; x_wconf 88' lang='lat'>18.</span> <span class='ocrx_word' id='word_1_190' title='bbox 315 1896 413 1946; x_wconf 86' lang='lat' dir='ltr'>Sed</span> <span class='ocrx_word' id='word_1_191' title='bbox 446 1913 536 1961; x_wconf 90' lang='lat' dir='ltr'>quo</span> <span class='ocrx_word' id='word_1_192' title='bbox 577 1897 758 1961; x_wconf 91' lang='lat' dir='ltr'>plenius</span> <span class='ocrx_word' id='word_1_193' title='bbox 797 1904 847 1943; x_wconf 88' lang='lat' dir='ltr'>et</span> <span class='ocrx_word' id='word_1_194' title='bbox 885 1896 1157 1959; x_wconf 88' lang='lat' dir='ltr'>impressius</span> <span class='ocrx_word' id='word_1_195' title='bbox 1196 1904 1289 1941; x_wconf 88' lang='lat' dir='ltr'>tam</span> <span class='ocrx_word' id='word_1_196' title='bbox 1331 1896 1478 1958; x_wconf 89' lang='lat' dir='ltr'>ipsum</span> <span class='ocrx_word' id='word_1_197' title='bbox 1512 1892 1670 1956; x_wconf 84' lang='lat' dir='ltr'>dispo·</span> 
     </span>
     <span class='ocr_line' id='line_1_31' title="bbox 50 1963 1675 2024; baseline -0.004 -8"><span class='ocrx_word' id='word_1_198' title='bbox 50 1969 243 2016; x_wconf 73' lang='lat' dir='ltr'>sitiones</span> <span class='ocrx_word' id='word_1_199' title='bbox 274 1968 376 2016; x_wconf 89' lang='lat' dir='ltr'>eius</span> <span class='ocrx_word' id='word_1_200' title='bbox 409 1975 458 2014; x_wconf 88' lang='lat' dir='ltr'>et</span> <span class='ocrx_word' id='word_1_201' title='bbox 488 1967 756 2014; x_wconf 87' lang='lat' dir='ltr'>voluntates</span> <span class='ocrx_word' id='word_1_202' title='bbox 795 1966 1053 2024; x_wconf 89' lang='lat' dir='ltr'>adiremus,</span> <span class='ocrx_word' id='word_1_203' title='bbox 1095 1966 1454 2012; x_wconf 87' lang='lat' dir='ltr'>instrumentum</span> <span class='ocrx_word' id='word_1_204' title='bbox 1495 1963 1675 2010; x_wconf 87' lang='lat' dir='ltr'>adiecit</span> 
     </span>
     <span class='ocr_line' id='line_1_32' title="bbox 50 2034 1673 2101; baseline -0.004 -15"><span class='ocrx_word' id='word_1_205' title='bbox 50 2040 364 2097; x_wconf 85' lang='lat' dir='ltr'>litteraturae,</span> <span class='ocrx_word' id='word_1_206' title='bbox 421 2037 460 2084; x_wconf 92' lang='lat' dir='ltr'>si</span> <span class='ocrx_word' id='word_1_207' title='bbox 507 2038 584 2101; x_wconf 88' lang='lat' dir='ltr'>qui</span> <span class='ocrx_word' id='word_1_208' title='bbox 632 2037 744 2085; x_wconf 92' lang='lat' dir='ltr'>velit</span> <span class='ocrx_word' id='word_1_209' title='bbox 791 2035 849 2084; x_wconf 92' lang='lat' dir='ltr'>de</span> <span class='ocrx_word' id='word_1_210' title='bbox 897 2036 988 2084; x_wconf 90' lang='lat' dir='ltr'>deo</span> <span class='ocrx_word' id='word_1_211' title='bbox 1036 2037 1298 2100; x_wconf 83' lang='lat' dir='ltr'>inquirere,</span> <span class='ocrx_word' id='word_1_212' title='bbox 1354 2043 1403 2082; x_wconf 90' lang='lat' dir='ltr'>et</span> <span class='ocrx_word' id='word_1_213' title='bbox 1447 2034 1673 2098; x_wconf 89' lang='lat' dir='ltr'>inquisito</span> 
     </span>
     <span class='ocr_line' id='line_1_33' title="bbox 39 2103 1675 2166; baseline -0.004 -10"><span class='ocrx_word' id='word_1_214' title='bbox 39 2110 282 2166; x_wconf 64' lang='lat' dir='ltr'>invenire,</span> <span class='ocrx_word' id='word_1_215' title='bbox 324 2117 373 2155; x_wconf 90' lang='lat' dir='ltr'>et</span> <span class='ocrx_word' id='word_1_216' title='bbox 403 2109 593 2155; x_wconf 87' lang='lat' dir='ltr'>invento</span> <span class='ocrx_word' id='word_1_217' title='bbox 627 2106 852 2166; x_wconf 86' lang='lat' dir='ltr'>credere,</span> <span class='ocrx_word' id='word_1_218' title='bbox 895 2115 943 2156; x_wconf 88' lang='lat' dir='ltr'>et</span> <span class='ocrx_word' id='word_1_219' title='bbox 974 2106 1158 2155; x_wconf 86' lang='lat' dir='ltr'>credito</span> <span class='ocrx_word' id='word_1_220' title='bbox 1192 2105 1454 2154; x_wconf 85' lang='lat' dir='ltr'>deservire.</span> <span class='ocrx_word' id='word_1_221' title='bbox 1529 2103 1675 2151; x_wconf 90' lang='lat' dir='ltr'>Viros</span> 
     </span>
     <span class='ocr_line' id='line_1_34' title="bbox 49 2173 1674 2241; baseline -0.003 -14"><span class='ocrx_word' id='word_1_222' title='bbox 49 2180 168 2228; x_wconf 89' lang='lat' dir='ltr'>enim</span> <span class='ocrx_word' id='word_1_223' title='bbox 199 2180 378 2226; x_wconf 89' lang='lat' dir='ltr'>iustitia</span> <span class='ocrx_word' id='word_1_224' title='bbox 410 2187 458 2226; x_wconf 91' lang='lat' dir='ltr'>et</span> <span class='ocrx_word' id='word_1_225' title='bbox 488 2179 762 2225; x_wconf 90' lang='lat' dir='ltr'>innocentia</span> <span class='ocrx_word' id='word_1_226' title='bbox 793 2177 961 2241; x_wconf 86' lang='lat' dir='ltr'>dignos</span> <span class='ocrx_word' id='word_1_227' title='bbox 994 2177 1129 2225; x_wconf 92' lang='lat' dir='ltr'>deum</span> <span class='ocrx_word' id='word_1_228' title='bbox 1164 2193 1304 2225; x_wconf 90' lang='lat' dir='ltr'>nosse</span> <span class='ocrx_word' id='word_1_229' title='bbox 1337 2184 1387 2223; x_wconf 87' lang='lat' dir='ltr'>et</span> <span class='ocrx_word' id='word_1_230' title='bbox 1417 2173 1674 2223; x_wconf 89' lang='lat' dir='ltr'>ostendere</span> 
     </span>
     <span class='ocr_line' id='line_1_35' title="bbox 36 2245 1674 2315; baseline -0.003 -18"><span class='ocrx_word' id='word_1_231' title='bbox 36 2267 74 2298; x_wconf 48' lang='lat' dir='ltr'>ra</span> <span class='ocrx_word' id='word_1_232' title='bbox 102 2248 359 2315; x_wconf 86' lang='lat' dir='ltr'>primordio</span> <span class='ocrx_word' id='word_1_233' title='bbox 391 2249 437 2295; x_wconf 94' lang='lat' dir='ltr'>in</span> <span class='ocrx_word' id='word_1_234' title='bbox 469 2248 675 2296; x_wconf 90' lang='lat' dir='ltr'>seculum</span> <span class='ocrx_word' id='word_1_235' title='bbox 710 2249 865 2296; x_wconf 88' lang='lat' dir='ltr'>emisit</span> <span class='ocrx_word' id='word_1_236' title='bbox 896 2249 1061 2312; x_wconf 90' lang='lat' dir='ltr'>spiritu</span> <span class='ocrx_word' id='word_1_237' title='bbox 1087 2247 1246 2295; x_wconf 88' lang='lat' dir='ltr'>divino</span> <span class='ocrx_word' id='word_1_238' title='bbox 1279 2245 1547 2305; x_wconf 85' lang='lat' dir='ltr'>inundatos,</span> <span class='ocrx_word' id='word_1_239' title='bbox 1583 2261 1674 2309; x_wconf 93' lang='lat' dir='ltr'>quo</span> 
     </span>
     <span class='ocr_line' id='line_1_36' title="bbox 39 2315 1674 2383; baseline -0.004 -15"><span class='ocrx_word' id='word_1_240' title='bbox 39 2319 379 2383; x_wconf 79' lang='lat' dir='ltr'>praedicarent</span> <span class='ocrx_word' id='word_1_241' title='bbox 418 2317 553 2367; x_wconf 92' lang='lat' dir='ltr'>deum</span> <span class='ocrx_word' id='word_1_242' title='bbox 593 2320 777 2367; x_wconf 90' lang='lat' dir='ltr'>unicum</span> <span class='ocrx_word' id='word_1_243' title='bbox 819 2335 949 2377; x_wconf 85' lang='lat' dir='ltr'>esse,</span> <span class='ocrx_word' id='word_1_244' title='bbox 998 2319 1075 2383; x_wconf 90' lang='lat' dir='ltr'>qui</span> <span class='ocrx_word' id='word_1_245' title='bbox 1121 2319 1342 2366; x_wconf 88' lang='lat' dir='ltr'>universa</span> <span class='ocrx_word' id='word_1_246' title='bbox 1388 2315 1674 2373; x_wconf 84' lang='lat' dir='ltr'>condiderit,</span> 
     </span>
     <span class='ocr_line' id='line_1_37' title="bbox 37 2386 1678 2454; baseline -0.004 -16"><span class='ocrx_word' id='word_1_247' title='bbox 37 2390 128 2454; x_wconf 76' lang='lat' dir='ltr'>‚qui</span> <span class='ocrx_word' id='word_1_248' title='bbox 163 2390 396 2437; x_wconf 87' lang='lat' dir='ltr'>hominem</span> <span class='ocrx_word' id='word_1_249' title='bbox 437 2389 495 2438; x_wconf 93' lang='lat' dir='ltr'>de</span> <span class='ocrx_word' id='word_1_250' title='bbox 534 2389 674 2437; x_wconf 91' lang='lat' dir='ltr'>humo</span> <span class='ocrx_word' id='word_1_251' title='bbox 714 2391 967 2449; x_wconf 77' lang='lat' dir='ltr'>struxerit3</span> <span class='ocrx_word' id='word_1_252' title='bbox 1010 2389 1086 2436; x_wconf 91' lang='lat' dir='ltr'>hic</span> <span class='ocrx_word' id='word_1_253' title='bbox 1127 2390 1249 2436; x_wconf 90' lang='lat' dir='ltr'>enim</span> <span class='ocrx_word' id='word_1_254' title='bbox 1284 2397 1356 2436; x_wconf 85' lang='lat' dir='ltr'>est</span> <span class='ocrx_word' id='word_1_255' title='bbox 1385 2403 1527 2436; x_wconf 88' lang='lat' dir='ltr'>verus</span> <span class='ocrx_word' id='word_1_256' title='bbox 1560 2386 1678 2433; x_wconf 89' lang='lat' dir='ltr'>Pro-</span> 
     </span>
     <span class='ocr_line' id='line_1_38' title="bbox 40 2456 1679 2524; baseline -0.003 -17"><span class='ocrx_word' id='word_1_257' title='bbox 40 2459 287 2519; x_wconf 81' lang='lat' dir='ltr'>·metbeus3</span> <span class='ocrx_word' id='word_1_258' title='bbox 338 2461 415 2524; x_wconf 91' lang='lat' dir='ltr'>qui</span> <span class='ocrx_word' id='word_1_259' title='bbox 461 2459 671 2508; x_wconf 93' lang='lat' dir='ltr'>seculum</span> <span class='ocrx_word' id='word_1_260' title='bbox 711 2461 856 2509; x_wconf 90' lang='lat' dir='ltr'>certis</span> <span class='ocrx_word' id='word_1_261' title='bbox 896 2469 1159 2523; x_wconf 89' lang='lat' dir='ltr'>temporum</span> <span class='ocrx_word' id='word_1_262' title='bbox 1200 2456 1589 2523; x_wconf 90' lang='lat' dir='ltr'>dispositionibus</span> <span class='ocrx_word' id='word_1_263' title='bbox 1631 2464 1679 2503; x_wconf 91' lang='lat' dir='ltr'>et</span> 
     </span>
     <span class='ocr_line' id='line_1_39' title="bbox 53 2525 1680 2595; baseline -0.003 -17"><span class='ocrx_word' id='word_1_264' title='bbox 53 2529 256 2579; x_wconf 81' lang='lat' dir='ltr'>exitibus</span> <span class='ocrx_word' id='word_1_265' title='bbox 287 2529 600 2589; x_wconf 84' lang='lat' dir='ltr'>ordinaverit3</span> <span class='ocrx_word' id='word_1_266' title='bbox 641 2529 812 2579; x_wconf 86' lang='lat' dir='ltr'>exinde</span> <span class='ocrx_word' id='word_1_267' title='bbox 846 2531 922 2595; x_wconf 92' lang='lat' dir='ltr'>qui</span> <span class='ocrx_word' id='word_1_268' title='bbox 955 2532 1089 2593; x_wconf 84' lang='lat' dir='ltr'>signa</span> <span class='ocrx_word' id='word_1_269' title='bbox 1120 2529 1381 2576; x_wconf 89' lang='lat' dir='ltr'>maiestatis</span> <span class='ocrx_word' id='word_1_270' title='bbox 1413 2541 1525 2574; x_wconf 91' lang='lat' dir='ltr'>suae</span> <span class='ocrx_word' id='word_1_271' title='bbox 1557 2525 1680 2574; x_wconf 87' lang='lat' dir='ltr'>iudi-</span> 
     </span>
     <span class='ocr_line' id='line_1_40' title="bbox 54 2595 1679 2666; baseline -0.003 -18"><span class='ocrx_word' id='word_1_272' title='bbox 54 2601 204 2651; x_wconf 87' lang='lat' dir='ltr'>cantis</span> <span class='ocrx_word' id='word_1_273' title='bbox 235 2598 440 2648; x_wconf 84' lang='lat' dir='ltr'>ediderit</span> <span class='ocrx_word' id='word_1_274' title='bbox 469 2617 557 2666; x_wconf 90' lang='lat' dir='ltr'>per</span> <span class='ocrx_word' id='word_1_275' title='bbox 587 2600 783 2660; x_wconf 88' lang='lat' dir='ltr'>imbres,</span> <span class='ocrx_word' id='word_1_276' title='bbox 824 2616 910 2665; x_wconf 89' lang='lat' dir='ltr'>per</span> <span class='ocrx_word' id='word_1_277' title='bbox 947 2602 1109 2664; x_wconf 84' lang='lat' dir='ltr'>ignes3</span> <span class='ocrx_word' id='word_1_278' title='bbox 1157 2600 1233 2663; x_wconf 91' lang='lat' dir='ltr'>qui</span> <span class='ocrx_word' id='word_1_279' title='bbox 1267 2595 1557 2645; x_wconf 87' lang='lat' dir='ltr'>demerendo</span> <span class='ocrx_word' id='word_1_280' title='bbox 1590 2597 1679 2644; x_wconf 89' lang='lat' dir='ltr'>sibi</span> 
     </span>
     <span class='ocr_line' id='line_1_41' title="bbox 44 2667 1681 2735; baseline -0.002 -17"><span class='ocrx_word' id='word_1_281' title='bbox 44 2669 325 2733; x_wconf 49' lang='lat' dir='ltr'>{disciplinas</span> <span class='ocrx_word' id='word_1_282' title='bbox 355 2670 758 2729; x_wconf 88' lang='lat' dir='ltr'>determinaverit,</span> <span class='ocrx_word' id='word_1_283' title='bbox 793 2688 906 2735; x_wconf 86' lang='lat' dir='ltr'>quas</span> <span class='ocrx_word' id='word_1_284' title='bbox 938 2670 1170 2734; x_wconf 82' lang='lat' dir='ltr'>ignoratis</span> <span class='ocrx_word' id='word_1_285' title='bbox 1202 2678 1281 2716; x_wconf 90' lang='lat' dir='ltr'>aut</span> <span class='ocrx_word' id='word_1_286' title='bbox 1313 2667 1560 2726; x_wconf 83' lang='lat' dir='ltr'>deseritis3</span> <span class='ocrx_word' id='word_1_287' title='bbox 1594 2667 1681 2715; x_wconf 92' lang='lat' dir='ltr'>sed</span> 
     </span>
     <span class='ocr_line' id='line_1_42' title="bbox 56 2737 1679 2807; baseline -0.002 -18"><span class='ocrx_word' id='word_1_288' title='bbox 56 2747 106 2789; x_wconf 85' lang='lat' dir='ltr'>et</span> <span class='ocrx_word' id='word_1_289' title='bbox 150 2739 504 2790; x_wconf 88' lang='lat' dir='ltr'>observantibus</span> <span class='ocrx_word' id='word_1_290' title='bbox 548 2742 620 2789; x_wconf 89' lang='lat' dir='ltr'>his</span> <span class='ocrx_word' id='word_1_291' title='bbox 666 2744 871 2807; x_wconf 80' lang='lat' dir='ltr'>praemia</span> <span class='ocrx_word' id='word_1_292' title='bbox 918 2741 1188 2797; x_wconf 88' lang='lat' dir='ltr'>destinarit,</span> <span class='ocrx_word' id='word_1_293' title='bbox 1238 2748 1288 2786; x_wconf 90' lang='lat' dir='ltr'>ut</span> <span class='ocrx_word' id='word_1_294' title='bbox 1326 2740 1403 2803; x_wconf 93' lang='lat' dir='ltr'>qui</span> <span class='ocrx_word' id='word_1_295' title='bbox 1448 2737 1679 2803; x_wconf 90' lang='lat' dir='ltr'>prodacto</span> 
     </span>
     <span class='ocr_line' id='line_1_43' title="bbox 43 2810 1680 2860; baseline -0.001 -4"><span class='ocrx_word' id='word_1_296' title='bbox 43 2825 177 2860; x_wconf 59' lang='lat' dir='ltr'>aevo</span> <span class='ocrx_word' id='word_1_297' title='bbox 224 2811 314 2858; x_wconf 90' lang='lat' dir='ltr'>isto</span> <span class='ocrx_word' id='word_1_298' title='bbox 360 2811 648 2859; x_wconf 85' lang='lat' dir='ltr'>iudicaturus</span> <span class='ocrx_word' id='word_1_299' title='bbox 694 2814 754 2860; x_wconf 92' lang='lat' dir='ltr'>sit</span> <span class='ocrx_word' id='word_1_300' title='bbox 798 2828 908 2859; x_wconf 90' lang='lat' dir='ltr'>suos</span> <span class='ocrx_word' id='word_1_301' title='bbox 954 2811 1165 2858; x_wconf 85' lang='lat' dir='ltr'>cultores</span> <span class='ocrx_word' id='word_1_302' title='bbox 1203 2811 1249 2856; x_wconf 90' lang='lat' dir='ltr'>in</span> <span class='ocrx_word' id='word_1_303' title='bbox 1287 2810 1414 2858; x_wconf 89' lang='lat' dir='ltr'>vitae</span> <span class='ocrx_word' id='word_1_304' title='bbox 1453 2818 1680 2857; x_wconf 86' lang='lat' dir='ltr'>aeternae</span> 
     </span>
     <span class='ocr_line' id='line_1_44' title="bbox 57 2880 1678 2947; baseline -0.001 -20"><span class='ocrx_word' id='word_1_305' title='bbox 57 2880 430 2939; x_wconf 86' lang='lat' dir='ltr'>retributionem,</span> <span class='ocrx_word' id='word_1_306' title='bbox 463 2883 686 2946; x_wconf 86' lang='lat' dir='ltr'>profanos</span> <span class='ocrx_word' id='word_1_307' title='bbox 710 2885 757 2929; x_wconf 89' lang='lat' dir='ltr'>in</span> <span class='ocrx_word' id='word_1_308' title='bbox 783 2884 940 2947; x_wconf 86' lang='lat' dir='ltr'>ignem</span> <span class='ocrx_word' id='word_1_309' title='bbox 965 2896 1116 2944; x_wconf 87' lang='lat' dir='ltr'>aeque</span> <span class='ocrx_word' id='word_1_310' title='bbox 1148 2889 1394 2944; x_wconf 88' lang='lat' dir='ltr'>perpetem</span> <span class='ocrx_word' id='word_1_311' title='bbox 1427 2889 1476 2927; x_wconf 88' lang='lat' dir='ltr'>et</span> <span class='ocrx_word' id='word_1_312' title='bbox 1506 2881 1678 2944; x_wconf 86' lang='lat' dir='ltr'>iugem,</span> 
     </span>
     <span class='ocr_line' id='line_1_45' title="bbox 42 2951 1684 3001; baseline -0.001 -2"><span class='ocrx_word' id='word_1_313' title='bbox 42 2951 295 2999; x_wconf 60' lang='lat' dir='ltr'>suscitatis</span> <span class='ocrx_word' id='word_1_314' title='bbox 327 2952 538 3000; x_wconf 85' lang='lat' dir='ltr'>omnibus</span> <span class='ocrx_word' id='word_1_315' title='bbox 575 2953 632 3001; x_wconf 86' lang='lat' dir='ltr'>ab</span> <span class='ocrx_word' id='word_1_316' title='bbox 672 2954 805 3000; x_wconf 91' lang='lat' dir='ltr'>initio</span> <span class='ocrx_word' id='word_1_317' title='bbox 846 2952 1082 3000; x_wconf 85' lang='lat' dir='ltr'>defunctis</span> <span class='ocrx_word' id='word_1_318' title='bbox 1123 2960 1171 2999; x_wconf 92' lang='lat' dir='ltr'>et</span> <span class='ocrx_word' id='word_1_319' title='bbox 1207 2952 1476 2998; x_wconf 81' lang='lat' dir='ltr'>reformatis</span> <span class='ocrx_word' id='word_1_320' title='bbox 1516 2959 1567 2998; x_wconf 88' lang='lat' dir='ltr'>et</span> <span class='ocrx_word' id='word_1_321' title='bbox 1605 2966 1684 2997; x_wconf 86' lang='lat' dir='ltr'>re-</span> 
     </span>
     <span class='ocr_line' id='line_1_46' title="bbox 50 3020 1683 3086; baseline -0.003 -15"><span class='ocrx_word' id='word_1_322' title='bbox 50 3021 256 3072; x_wconf 72' lang='lat' dir='ltr'>·c&#39;ensitis</span> <span class='ocrx_word' id='word_1_323' title='bbox 296 3020 355 3068; x_wconf 90' lang='lat' dir='ltr'>ad</span> <span class='ocrx_word' id='word_1_324' title='bbox 393 3022 633 3086; x_wconf 88' lang='lat' dir='ltr'>utriusque</span> <span class='ocrx_word' id='word_1_325' title='bbox 673 3025 828 3071; x_wconf 85' lang='lat' dir='ltr'>meriti</span> <span class='ocrx_word' id='word_1_326' title='bbox 869 3022 1259 3085; x_wconf 86' lang='lat' dir='ltr'>dispunctionem.</span> <span class='ocrx_word' id='word_1_327' title='bbox 1337 3021 1468 3069; x_wconf 87' lang='lat' dir='ltr'>Haec</span> <span class='ocrx_word' id='word_1_328' title='bbox 1509 3029 1559 3068; x_wconf 85' lang='lat' dir='ltr'>et</span> <span class='ocrx_word' id='word_1_329' title='bbox 1596 3036 1683 3067; x_wconf 86' lang='lat' dir='ltr'>nos</span> 
     </span>
     <span class='ocr_line' id='line_1_47' title="bbox 61 3089 1685 3155; baseline -0.002 -15"><span class='ocrx_word' id='word_1_330' title='bbox 61 3089 244 3140; x_wconf 72' lang='lat' dir='ltr'>risimus</span> <span class='ocrx_word' id='word_1_331' title='bbox 276 3090 541 3155; x_wconf 88' lang='lat' dir='ltr'>aliquando.</span> <span class='ocrx_word' id='word_1_332' title='bbox 610 3093 680 3140; x_wconf 92' lang='lat' dir='ltr'>De</span> <span class='ocrx_word' id='word_1_333' title='bbox 711 3094 881 3141; x_wconf 87' lang='lat' dir='ltr'>vestris</span> <span class='ocrx_word' id='word_1_334' title='bbox 912 3093 1103 3151; x_wconf 69' lang='lat' dir='ltr'>fuimust,</span> <span class='ocrx_word' id='word_1_335' title='bbox 1135 3092 1271 3150; x_wconf 87' lang='lat' dir='ltr'>fiunt,</span> <span class='ocrx_word' id='word_1_336' title='bbox 1305 3108 1398 3139; x_wconf 89' lang='lat' dir='ltr'>non</span> <span class='ocrx_word' id='word_1_337' title='bbox 1430 3099 1685 3138; x_wconf 84' lang='lat' dir='ltr'>nascuntur</span> 
     </span>
     <span class='ocr_line' id='line_1_48' title="bbox 58 3158 1682 3226; baseline -0.001 -18"><span class='ocrx_word' id='word_1_338' title='bbox 58 3158 334 3220; x_wconf 64' lang='lat' dir='ltr'>Christiani.</span> <span class='ocrx_word' id='word_1_339' title='bbox 426 3162 554 3221; x_wconf 77' lang='lat' dir='ltr'>Quos</span> <span class='ocrx_word' id='word_1_340' title='bbox 610 3161 809 3211; x_wconf 84' lang='lat' dir='ltr'>diximus</span> <span class='ocrx_word' id='word_1_341' title='bbox 861 3162 1241 3226; x_wconf 84' lang='lat' dir='ltr'>praedicatores,</span> <span class='ocrx_word' id='word_1_342' title='bbox 1305 3162 1567 3225; x_wconf 85' lang='lat' dir='ltr'>prophetae</span> <span class='ocrx_word' id='word_1_343' title='bbox 1623 3159 1682 3207; x_wconf 90' lang='lat' dir='ltr'>de</span> 
     </span>
    </p>
   </div>
   <div class='ocr_carea' id='block_1_4' title="bbox 100 3259 1327 3313">
    <p class='ocr_par' dir='ltr' id='par_1_5' title="bbox 100 3259 1327 3313">
     <span class='ocr_line' id='line_1_49' title="bbox 100 3259 1327 3313; baseline 0.001 -16"><span class='ocrx_word' id='word_1_344' title='bbox 100 3303 109 3313; x_wconf 27' lang='grc' dir='ltr'>ἱ</span> <span class='ocrx_word' id='word_1_345' title='bbox 133 3259 368 3298; x_wconf 66' lang='grc' dir='ltr'><strong><em>’ΠΜ-οη.</em></strong></span> <span class='ocrx_word' id='word_1_346' title='bbox 384 3269 413 3298; x_wconf 83' lang='lat'>1.</span> <span class='ocrx_word' id='word_1_347' title='bbox 1298 3264 1327 3311; x_wconf 82' lang='grc'><strong>6</strong></span> 
     </span>
    </p>
   </div>
   <div class='ocr_carea' id='block_1_5' title="bbox 84 3413 165 3474">
    <p class='ocr_par' dir='ltr' id='par_1_6' title="bbox 84 3413 165 3474">
     <span class='ocr_line' id='line_1_50' title="bbox 84 3413 165 3474; baseline -0.012 0"><span class='ocrx_word' id='word_1_348' title='bbox 84 3413 135 3474; x_wconf 58' lang='lat'>&#39;3²9‘</span> <span class='ocrx_word' id='word_1_349' title='bbox 161 3472 165 3473; x_wconf 18' lang='lat'><em>⁷</em></span> 
     </span>
    </p>
   </div>
   <div class='ocr_carea' id='block_1_6' title="bbox 78 3473 154 3554">
    <p class='ocr_par' dir='ltr' id='par_1_7' title="bbox 78 3473 154 3554">
     <span class='ocr_line' id='line_1_51' title="bbox 78 3473 154 3554; baseline 0 -77"><span class='ocrx_word' id='word_1_350' title='bbox 78 3473 154 3554; x_wconf 40' lang='grc' dir='ltr'>ἢ,</span> 
     </span>
    </p>
   </div>
  </div>
 </body>
</html>
