1942 3554
301 354 362 399 tis
392 349 451 397 ad
482 350 653 405 altare,
701 357 750 394 et
787 365 879 394 non
910 348 1250 408 moriemini1).
1324 346 1462 396 Adeo
1507 350 1788 409 morientur,
1833 354 1928 416 qui*¹

300 438 394 469 non
425 420 571 478 sobrii
601 420 648 464 in
680 419 885 466 ecclesia
922 420 1299 465 ministraverint.
1377 417 1457 466 Sic
1504 427 1553 466 et
1597 419 1760 469 Israffli
1804 422 1942 487 pro-ju:>

299 493 425 539 ximo
459 489 736 553 exprobrat:
770 498 819 536 et
841 498 999 552 potum
1024 489 1206 536 dabatis
1231 487 1535 537 sanctificatis
1557 491 1672 538 meis
1687 478 1918 554 vinumzyi'

300 561 363 608 Et
405 561 523 608 haec
577 568 730 606 autem
783 561 1001 607 strictura
1054 569 1190 622 potus
1241 561 1560 624 xerophagiae
1611 563 1767 624 portio
1821 548 1934 693 est}

303 647 561 695 quanquam
591 630 671 677 ubi
702 630 983 678 abstinentia
1011 633 1105 678 vini
1137 640 1217 683 aut
1247 647 1275 677 a
1305 630 1395 678 deo
1420 632 1626 694 exigitur
1648 640 1728 679 aut
1751 633 1808 680 ab
1833 631 1926 691 hos

301 703 425 749 mine
455 710 674 758 vovetur,
707 702 804 748 illie
835 702 1127 765 intelligatur
1171 703 1311 748 etiam
1355 702 1512 766 pabuli
1556 718 1778 766 pressura
1821 689 1931 759 font„

303 789 422 820 mam
453 780 754 836 praestruens
784 773 929 835 potui.
994 773 1151 831 Qualis
1197 774 1318 819 enim
1365 789 1493 830 esus,
1539 773 1659 819 talis
1690 782 1739 820 et
1767 762 1919 841 potus}

301 842 571 890 Verisimile
604 859 696 889 non
728 851 820 899 est,
868 852 918 889 ut
964 845 1063 906 quis
1110 842 1344 890 dimidiam
1384 844 1537 906 gulam
1577 842 1667 890 deo
1697 841 1930 908 immolet}

305 915 437 977 aquis
468 913 650 960 sobrius
683 922 730 960 et
762 913 878 960 cibis
911 914 1081 960 ebrius.
1142 912 1218 960 An
1249 923 1402 960 autem
1434 920 1483 960 et
1513 914 1752 977 apostolus
1781 915 1930 974 xero?>

304 985 500 1049 phagias
532 985 677 1040 norit,
713 985 788 1047 qui
819 985 997 1030 maiora
1029 983 1377 1041 celebraverat,
1424 985 1557 1031 sitim·
1585 992 1634 1032 et
1677 985 1844 1033 famem
1877 983 1930 1033 e't¹

305 1056 450 1101 multa
481 1055 655 1101 ieiunia
672 1055 741 1114 3),
791 1056 866 1117 qui
906 1055 1160 1101 ebrietates
1193 1063 1241 1101 et
1273 1056 1642 1102 comessationes
1673 1071 1926 1104 recusave-

305 1134 381 1172 rat
394 1127 467 1183 4),
498 1125 573 1171 vel
605 1123 663 1170 de
697 1123 925 1187 discipulo
956 1125 1203 1171 Timotheo
1237 1127 1498 1187 argumenti
1528 1127 1640 1175 satis
1670 1134 1757 1184 est,
1791 1141 1939 1191 quem·=

305 1203 504 1260 propter
533 1194 821 1240 stomachum
868 1203 916 1240 et
960 1194 1169 1241 assiduas
1214 1195 1562 1242 imbecillitates
1600 1195 1788 1244 modico
1817 1198 1939 1244 νίιιοει

307 1280 501 1312 monens
532 1265 687 1324 uti5),
742 1281 831 1327 quo
877 1265 955 1311 ille
995 1282 1088 1311 non
1128 1281 1188 1311 ex
1224 1266 1539 1323 institutione,
1579 1264 1663 1313 sed
1694 1283 1755 1314 ex
1785 1265 1929 1315 devo*

307 1337 437 1382 tione
471 1335 757 1392 abstinebat,
794 1339 1021 1393 (ceterum
1054 1336 1296 1382 stomacho
1328 1338 1478 1399 magis
1509 1336 1800 1387 consuetudo
1818 1340 1930 1401 prot·-

311 1405 511 1464 desset,)
546 1406 635 1452 hoc
668 1407 768 1469 ipso
802 1404 1129 1453 abstinentiam
1156 1407 1248 1453 vini
1275 1405 1460 1469 dignam
1487 1405 1578 1454 deo
1602 1409 1762 1466 suasit,
1796 1414 1940 1472 quaint»

311 1493 372 1524 ex
401 1477 683 1523 necessitate
717 1475 947 1523 dissuasit.
1259 1523 1261 1525 ,
1915 1476 1919 1485 ’

458 1552 538 1597 10.
599 1539 764 1610 Aeque
811 1549 1037 1594 stationes
1083 1556 1267 1594 nostras
1311 1556 1361 1594 ut
1411 1547 1650 1611 indignas,
1712 1547 1942 1612 quasdam*

312 1634 424 1665 vero
458 1626 506 1664 et
536 1619 581 1663 in
614 1634 766 1664 serum
799 1620 1089 1674 constitutas,
1123 1619 1341 1665 novitatis
1371 1620 1556 1665 nomine
1580 1621 1808 1676 incusant,
1841 1619 1942 1666 Εὔε-

314 1704 495 1752 quoque
542 1705 702 1734 munus
748 1697 796 1735 et
835 1705 894 1734 ex
932 1689 1127 1735 arbitrio
1166 1688 1427 1736 obeundum
1467 1705 1571 1736 esse
1603 1688 1837 1746 dicentes,
1885 1697 1928 1736 et

314 1775 407 1806 non
451 1759 574 1805 ultra
619 1775 785 1805 nonam
833 1758 1154 1817 detinendum,
1203 1759 1260 1806 de
1297 1777 1382 1806 suo
1416 1761 1599 1807 scilicet
1628 1775 1774 1807 more.
1837 1758 1942 1806 Sed*

316 1827 439 1894 quod
484 1830 721 1892 pertineat
765 1828 824 1875 ad
870 1828 1215 1877 interdictionis
1262 1831 1604 1894 quaestionem,
1659 1831 1928 1894 semelpro

318 1900 529 1947 omnibus
562 1901 738 1946 caussis
769 1899 1082 1963 respondebo.
1143 1900 1282 1948 Nunc
1314 1899 1372 1947 ad
1402 1902 1640 1964 propri-um
1671 1901 1804 1948 huius
1829 1904 1928 1964 spe-

318 1972 410 2018 ciei
441 1971 685 2017 articulum
718 1970 775 2017 de
808 1969 946 2017 modo
979 1972 1202 2034 temporis
1233 1970 1364 2029 dico,
1399 1971 1457 2018 de
1490 1973 1600 2035 ipsis
1630 1972 1758 2035 prius
1789 1975 1928 2034 expo*-

318 2040 602 2098 stulandum,
650 2041 771 2088 unde
811 2042 930 2088 hanc
971 2043 1165 2088 formam
1204 2059 1326 2088 nona
1357 2041 1628 2089 dirimendis
1658 2041 1927 2102 stationibus

317 2113 664 2175 praescribant:
699 2114 736 2158 si
762 2114 868 2174 quia
886 2112 1050 2158 Petrus
1075 2121 1123 2159 et
1154 2114 1230 2175 qui
1262 2129 1363 2159 cum
1395 2129 1453 2160 eo
1485 2111 1543 2160 ad
1574 2113 1737 2159 horam
1768 2124 1933 2159 nonam:

321 2184 548 2228 orationis
582 2183 799 2244 templum
830 2184 1109 2245 introgressi
1140 2183 1359 2246 leguntur
1373 2183 1445 2244 ⁶),
1494 2184 1593 2246 quis
1625 2183 1735 2229 mihi
1764 2182 1928 2246 proba-

317 2253 387 2300 bit
416 2253 522 2298 illos
554 2269 609 2299 ea
642 2251 717 2298 die
749 2254 952 2300 statione
984 2254 1191 2310 functos,
1239 2262 1288 2299 ut
1325 2254 1486 2299 horam
1518 2269 1686 2301 nonam
1717 2252 1777 2300 ad
1809 2253 1927 2300 clau-

321 2323 465 2369 sulam
497 2330 545 2369 et
576 2323 935 2386 expunctionem
967 2337 1180 2369 stationis
1210 2325 1580 2385 interpretetur?
1641 2323 1788 2386 Atqui
1817 2323 1927 2369 faci·

320 2394 408 2440 lius
439 2394 648 2439 invenias
678 2392 866 2440 Petrum
897 2394 1014 2439 hora
1044 2402 1178 2440 sexta
1209 2392 1423 2456 capiendi
1471 2393 1564 2440 cibi
1609 2409 1773 2440 caussa
1810 2393 1926 2456 prius

320 2465 367 2510 in
399 2465 644 2526 superiora
689 2462 748 2510 ad
794 2463 1017 2510 orandum
1065 2461 1421 2521 ascendisse⁷)‚
1477 2475 1566 2526 quo
1612 2464 1760 2526 magis
1805 2471 1926 2510 sexte

323 2534 416 2580 diei
450 2534 570 2581 finiri
604 2534 762 2581 officio
793 2534 901 2580 huic
932 2535 1103 2597 possit,
1137 2550 1252 2598 quae
1278 2532 1390 2580 illud
1414 2534 1683 2581 absolutura
1707 2541 1815 2597 post
1832 2549 1926 2580 oras

322 2606 498 2652 tionem
528 2604 790 2652 videbatur.
837 2604 986 2651 Porro
1020 2621 1122 2651 cum
1142 2606 1198 2651 ‘in
1231 2603 1395 2652 eodem
1428 2605 1762 2652 commentario
1779 2603 1935 2651 Lucae

324 2685 374 2723 et
403 2678 546 2724 tertia
575 2670 693 2722 hora
725 2676 952 2722 orationis
977 2675 1334 2732 demonstretur,
1368 2675 1449 2721 sub
1475 2691 1564 2739 qua
1587 2676 1752 2738 spiritu
1775 2676 1928 2721 sanctt·

324 2748 495 2794 initiati
525 2763 611 2810 pro
644 2746 787 2793 ebriis
818 2746 1113 2793 habebantur
1127 2749 1197 2806 8),
1233 2754 1452 2803 etsexta,
1479 2761 1568 2809 qua
1586 2745 1750 2792 Petrus
1774 2749 1927 2793 ascet}-

327 2816 395 2863 dit
424 2819 470 2864 in
502 2818 768 2881 superiora,
818 2825 865 2864 et
910 2833 1054 2874 nona,
1104 2833 1192 2880 qua
1236 2817 1454 2879 templum
1500 2824 1606 2862 sunt
1641 2810 1931 2879 introgressi*

329 2904 413 2934 cur
456 2905 548 2934 non
594 2888 904 2950 intelligamus
950 2888 1076 2935 salva
1126 2888 1262 2951 plane
1309 2885 1623 2934 indifferentia
1666 2901 1850 2950 semper
1892 2892 1919 2932 e

298 239 433 283 190
762 237 799 273 Ε
828 237 1096 274 IEIUNIIS
1125 236 1264 272 ADV.
1295 237 1504 276 PSYcH.

444 3071 487 3118 1)
505 3071 601 3108 Lev.
620 3072 686 3120 10,
705 3076 743 3109 9.
861 3073 904 3121 2)
920 3073 1045 3109 Amos
1063 3073 1100 3120 2,
1121 3073 1185 3109 13.
1302 3069 1347 3124 3)
1367 3073 1392 3108 2
1410 3074 1502 3112 Cor.
1521 3073 1587 3123 11,
1607 3071 1672 3108 27ss
1758 3067 1803 3118 4)
1822 3067 1920 3104 Rom

333 3129 407 3212 13,
439 3127 522 3209 ¹32,
625 3127 667 3175 5)
701 3130 724 3165 1
756 3128 860 3166 Tim.
896 3131 940 3176 5,
975 3130 1039 3165 23.
1157 3128 1202 3176 6)
1232 3129 1321 3165 Act.
1355 3129 1399 3178 3,
1435 3130 1473 3167 1.
1595 3129 1640 3178 τ)
1670 3126 1761 3164 Act.
1791 3125 1866 3172 1⁰,
1898 3124 1921 3160 9

334 3187 370 3224 s,
392 3185 622 3231 Aet...,15.
