1942 3554
252 186 372 236 128
801 185 1376 224 APOLOGETlcUS.

263 325 499 388 signabat.
581 324 723 371 Certe
754 323 994 371 Laconum
1039 325 1249 388 flagella,
1299 323 1382 371 sub
1422 324 1572 371 oculis
1606 326 1746 372 etiam
1777 320 1912 374 hor-⁴v

258 396 459 443 tantium
491 394 862 458 propinquorum
893 393 1131 452 acerbata,
1165 403 1342 441 tantum
1359 393 1589 442 honorem
1607 395 1910 445 tolerantiae:-

262 466 425 513 domui
459 464 734 521 conferunt,
784 466 1001 527 quantum
1042 464 1282 528 sanguinis
1320 463 1543 511 fuderint.
1619 463 1656 511 Ο
1689 465 1907 527 glot-ia2.›'

258 536 463 593 licitam,
498 534 604 598 quia
636 534 903 592 humanam,
954 535 1029 581 cui
1075 550 1163 582 nec
1209 534 1524 598 praesumptio
1571 533 1757 597 perdita
1801 531 1918 591 ne,

260 606 509 670 persuasio
544 604 795 668 desperata
831 603 1122 686 deputatur'
1110 621 1156 651 ιιι
1190 613 1462 685 contemptu
1486 605 1651 651 moltis
1685 613 1733 652 et
1762 613 1915 663 atro-3

267 677 422 724 citatis
471 674 790 733 omnimodae,
841 676 916 722 cui
961 684 1135 722 tantum
1167 691 1252 738 pro
1286 675 1457 739 patria,
1491 691 1576 737 pro
1610 690 1761 737 agro,
1804 666 1918 738 pro}

260 747 487 810 imperio,
519 762 605 810 pro
639 746 844 792 amicitia
874 747 969 809 pati
1000 745 1278 809 permissum
1312 754 1399 803 est,
1434 753 1650 808 quantum
1681 761 1766 808 pro
1801 737 1925 813 ᾱιιηιίᾗ,ἰ

265 834 362 864 ιιοιι
394 817 533 864 licet!
612 815 674 862 Et
711 825 866 863 tamen
905 815 997 862 illis
1030 815 1240 862 omnibus
1273 824 1321 863 et
1352 824 1526 862 statuas
1559 813 1814 862 detunditis
1845 788 1925 875 e}

261 888 494 951 imagines
527 886 783 934 inscribitis
815 895 862 933 et
891 887 1055 933 titulos
1074 885 1312 933 inciditis
1301 903 1345 932 ιιι
1364 886 1716 943 aeternitatem,
1750 898 1909 949 quan-2·

261 967 361 1007 tum
396 957 453 1005 de
489 959 801 1005 monumentis
831 958 1030 1021 potestis
1062 956 1262 1014 scilieet,
1295 956 1546 1020 praestatis
1581 965 1630 1002 et
1659 956 1748 1019 ipsi
1779 972 1858 1019 qun
1892 969 1920 1015 21v

266 1027 515 1075 dammodo
547 1028 743 1074 mortuis
777 1029 1198 1075 resurrectionem.
1279 1026 1411 1073 Hanc
1445 1027 1521 1090 qui
1556 1041 1711 1073 veram
1743 1043 1768 1072 a
1803 1023 1914 1087 desfissl

267 1107 448 1162 sperat,
498 1098 534 1144 si
567 1114 652 1161 pro
687 1097 777 1145 deo
809 1099 1034 1160 patiatur,
1083 1098 1272 1143 insanus
1313 1105 1398 1142 est.
1476 1094 1572 1143 Sed
1611 1096 1701 1142 hoc
1741 1094 1922 1159 agites}

265 1169 379 1215 boni
411 1166 670 1231 praesides,
704 1168 926 1214 meliores
958 1167 1101 1214 multo
1136 1164 1257 1229 apud
1287 1165 1530 1229 populum,
1564 1166 1602 1212 si
1633 1165 1727 1213 illis
1761 1162 1925 1227 Chri]

268 1240 451 1286 stianos
484 1237 859 1284 immolaveritiS.
940 1237 1186 1293 Cruciate,
1219 1244 1462 1299 torquete,
1497 1234 1740 1293 damnate,
1775 1245 1862 1283 att
1892 1266 1915 1299 3

268 1311 359 1356 rite
393 1325 494 1355 nos.
570 1307 792 1354 Probatio
842 1316 914 1354 est
953 1308 1075 1354 enim
1114 1307 1416 1354 innocentiae
1459 1314 1647 1353 nostrae
1678 1308 1911 1371 iniquitas

267 1389 442 1427 vestra.
520 1377 634 1426 Ideo
668 1395 752 1425 nos
784 1379 902 1425 haec
934 1378 1031 1442 pati
1070 1375 1184 1425 deus
1223 1377 1418 1440 patitur.
1495 1376 1616 1424 Nam
1657 1385 1704 1424 et
1735 1376 1898 1440 proxi

265 1466 342 1498 me
374 1448 434 1497 ad
466 1449 684 1497 lenonem
718 1447 977 1495 damnando
997 1447 1308 1496 Christianam
1333 1447 1507 1510 potius,
1543 1463 1674 1511 quam
1707 1446 1765 1494 ad
1796 1447 1923 1497 leoz

270 1536 398 1577 nem,
449 1519 659 1567 confessi
699 1520 815 1565 estis
856 1518 1006 1566 labem
1043 1517 1299 1582 pudicitiae
1338 1515 1460 1581 apud
1493 1533 1578 1564 nos
1609 1519 1914 1565 atrociore

269 1591 394 1638 omui
426 1606 582 1653 poena
614 1598 662 1637 et
695 1590 819 1635 omni
851 1598 1003 1636 morte
1036 1589 1260 1652 reputari.
1323 1587 1429 1635 Nec
1463 1588 1711 1651 quicquam
1742 1596 1897 1636 tame
1938 1648 1942 1651 ι

265 1661 460 1726 proficit
493 1660 774 1724 exquisitior
805 1675 1016 1724 quaeque
1051 1658 1307 1706 crudelitas
1338 1666 1519 1715 vestra,
1568 1657 1795 1706 illecebra

267 1732 420 1795 magis
461 1740 639 1778 sectae.
714 1729 881 1777 Plures
922 1729 1169 1787 efficimur,
1220 1730 1404 1793 quoties
1436 1729 1652 1775 metimur
1682 1745 1711 1776 a
1739 1728 1914 1780 vohis:

267 1819 431 1850 semen
465 1811 537 1849 est
571 1802 760 1864 sanguis
795 1800 1180 1848 Christianorum.
1249 1799 1385 1847 Multi
1417 1797 1541 1862 apud
1573 1814 1656 1846 vos
1687 1797 1746 1846 ad
1777 1799 1845 1846 tol
1880 1813 1883 1855 j

266 1873 467 1920 tantiam
501 1871 680 1918 doloris
714 1880 762 1918 et
800 1872 966 1918 mortis
998 1871 1266 1928 hortantur,
1307 1878 1358 1916 ut
1391 1868 1563 1916 Cicero
1597 1870 1644 1916 in
1674 1869 1847 1918 Tuscul

267 1945 367 2000 niS,
419 1952 467 1989 ut
501 1941 688 1990 Seneca
718 1942 765 1988 in
798 1941 1044 1999 Fortuitis,
1092 1951 1142 1988 ut
1173 1940 1439 2005 Diogenes,
1486 1948 1536 1986 ut
1567 1938 1804 2005 Pyrrhon,
1879 1937 1890 1945 ⁹

270 2013 543 2060 Callinicus.
619 2012 725 2059 Nec
763 2021 918 2059 tamen
958 2021 1114 2059 tantos
1155 2011 1397 2059 inveniunt
1441 2009 1588 2058 verba
1627 2009 1856 2074 discipulo
1906 2014 1908 2018 ’

269 2091 471 2147 quantos
521 2082 776 2128 Christiani
823 2082 962 2128 factis
1012 2080 1247 2129 docendo.
1343 2080 1426 2127 Illa
1479 2081 1584 2143 ipsa
1625 2080 1884 2128 obstinati*

270 2169 406 2217 quam
448 2152 770 2216 exprobratis,
818 2153 1043 2214 magistra
1083 2160 1170 2199 est.
1249 2151 1361 2210 Quis
1400 2151 1522 2197 enim
1561 2168 1655 2198 non
1687 2144 1904 2199 contem}

267 2223 479 2287 platione
515 2224 615 2270 eius
649 2223 919 2269 concutitur
949 2223 1008 2269 ad
1038 2220 1403 2286 requirendum,
1453 2220 1563 2284 quid
1602 2222 1727 2269 intus
1768 2222 1815 2268 in
1847 2214 1905 2272 ri

270 2295 362 2340 sit?
441 2295 541 2357 quis
573 2309 694 2350 non,
730 2291 807 2338 ubi
839 2293 1107 2356 requisivit,
1148 2291 1369 2339 accedit?
1421 2290 1497 2338 ubi
1528 2293 1756 2350 accessit,
1803 2291 1902 2374 pati>

270 2372 488 2427 exoptat,
544 2372 593 2410 ut
627 2372 767 2409 totam
801 2361 878 2410 dei
910 2365 1108 2426 gratiam
1148 2361 1370 2421 redimat,
1418 2370 1470 2409 ut
1501 2378 1683 2409 omnem
1714 2362 1902 2422 veniam
1937 2422 1942 2427 Ι

270 2433 328 2480 ab
364 2450 422 2480 eo
458 2434 846 2515 compensatione
881 2435 1119 2497 sanguinis
1160 2434 1230 2479 sui
1274 2432 1525 2496 expediat?
1581 2434 1736 2480 omnia
1775 2423 1902 2491 eninr

270 2505 380 2551 huic
414 2505 549 2568 operi
583 2503 756 2551 delicta
797 2503 1042 2551 donantur.
1113 2503 1226 2551 lnde
1268 2512 1363 2561 est,
1414 2502 1540 2566 quod
1577 2502 1751 2550 ibidem
1792 2500 1900 2564 sen}

271 2576 434 2622 tentiis
466 2576 638 2621 vestris
671 2575 847 2637 gratias
879 2575 1084 2638 agimus,
1139 2583 1188 2621 ut
1221 2583 1293 2621 est
1324 2574 1574 2621 aemulatio
1609 2572 1794 2622 divinae
1826 2566 1905 2629 rd‘

273 2654 322 2692 et
352 2646 596 2703 humanae,
632 2662 733 2692 cum
767 2644 1034 2692 damnamur
1065 2662 1090 2692 a
1121 2644 1269 2702 vobis,
1303 2661 1330 2691 a
1362 2644 1452 2690 deo
1484 2643 1787 2692 absolvimur.
1882 2655 1901 2713 .Ξὶ

275 2828 583 2881 passibilem
611 2829 734 2867 fieri
774 2831 853 2867 etc.
895 2829 1027 2866 Rhen.
1058 2832 1099 2866 et
1124 2829 1220 2866 Her.
1254 2826 1664 2875 impassibilibus
1704 2826 1898 2876 flagel-

272 2883 362 2932 lis,
395 2883 489 2922 alii:
533 2884 879 2933 impassibilis
905 2885 1142 2933 flagellis
1170 2889 1249 2922 etc.
1295 2885 1397 2922 Voc.
1426 2883 1703 2921 subiectus
1731 2883 1900 2932 recepi-

274 2950 367 2977 mus
393 2951 447 2977 ex
471 2941 561 2978 cod
578 2941 696 2978 Fuld.
702 2943 865 2992 ,vulgo
897 2942 978 2992 leg.
1005 2942 1262 2979 obiectus.
