1942 3554
119 0 130 17 Α(
139 8 150 20 j
168 0 170 2 Ι

66 0 96 124 Ξ
111 25 123 42 ,ιι

99 66 107 73 2

64 128 86 140 ,ιι

63 151 87 185 ,1.

586 195 670 234 ΒΕ
693 195 1122 241 ,ΜΟΝΟΕΑΜΙΑ.
1548 190 1664 236 131

20 282 154 406 ’,ᾗς
202 310 311 374 qnia
355 310 448 358 iam
485 310 852 358 mortificata'es
883 310 1003 373 legi,
1051 325 1146 357 non
1190 315 1351 373 potest
1386 307 1472 357 tibi
1502 308 1668 368 licere,

20 404 129 446 ²2¹¹·
172 381 416 430 recessisti
446 381 505 429 ab
538 397 612 439 ea,
645 380 767 445 apud
831 398 936 429 uam
967 381 1053 429 tibi
1084 380 1276 428 licebat.

155 458 262 509 ,·14.
317 451 461 501 'Nunc
493 453 533 500 si
563 461 614 500 et
643 398 857 500 absoldle
889 453 1131 517 apostolus
1162 452 1454 517 permisisset
1490 452 1538 499 in
1576 450 1669 501 fide

75 534 78 535 ’
111 525 206 575 ’sso
235 524 533 575 matrimonio
573 524 775 582 nubere,
817 523 1016 588 proinde
1047 524 1244 572 fecisset
1283 522 1668 588 quemadmodum

18 573 298 655 *meatem
347 608 468 659 quae
499 593 726 643 adversus
757 597 957 643 formam
995 588 1192 658 regulae
1232 611 1344 642 suae
1383 594 1669 659 pro¹condi-·

32 662 160 727 sne
197 675 461 731 temporum
507 668 686 729 gessit,
742 665 1086 723 circumcidens
1130 666 1425 714 Timotheum
1471 675 1670 731 propter

56 736 513 799 “erinductitios1)
546 739 692 785 falsos
723 738 913 795 fratres,
934 747 1148 793 etvrasos
1180 736 1408 801 quosdam
1439 737 1669 785 inducens

16 815 32 836 '·
30 814 86 907 ”J
122 809 343 874 templum
388 818 586 873 propter
624 809 1002 858 observationem
1048 808 1329 856 Iudaeorum
1345 810 1417 869 2),
1464 809 1544 856 ille
1591 811 1670 874 qui

133 886 226 928 tas
255 880 304 927 in
335 880 443 943 lege
473 881 689 928 volentes
721 895 867 943 agere
901 881 1118 943 castigat.
1168 878 1266 927 Sed
1297 881 1364 926 ita
1394 895 1471 927 res
1503 882 1670 944 exige—

89 960 158 1010 ε,
190 959 244 1020 nt
274 952 487 999 omnibus
520 953 676 998 omnia
707 951 875 1008 fieret,
893 968 983 1015 quo
1017 967 1178 999 omncs
1210 951 1532 1034 lucrifaceret,
1561 968 1668 1016 par-

46 1041 82 1066 =1
108 1023 209 1071 ‘ens
236 1023 371 1090 illos,
412 1021 565 1070 donec
596 1019 893 1076 formaretur
916 1022 1129 1070 Christus
1167 1023 1215 1070 in
1246 1023 1375 1086 ipsis,
1410 1031 1459 1070 et
1490 1023 1669 1070 calefa-

74 1110 163 1142 ι·ιε
199 1102 420 1158 tanquam
465 1095 624 1141 nutrix
666 1094 886 1158 parvulos
925 1093 1146 1154 fide1³)‚
1171 1093 1390 1141 docendo
1438 1093 1669 1157 quaedam

14 1170 121 1230 m
144 1166 352 1223 veniam,
400 1181 495 1212 non
525 1181 613 1229 per
642 1166 910 1237 imperium,
960 1164 1108 1225 (aliud
1139 1173 1214 1214 est
1245 1166 1368 1212 enim
1400 1164 1667 1228 indulgere,

58 1235 158 1290 ud
187 1237 390 1297 iubere,)
423 1235 624 1301 proinde
655 1236 963 1303 temporalem
1003 1237 1243 1284 licentiam
1273 1237 1552 1300 permittens
1584 1235 1669 1283 de-

43 1324 123 1356 ειιο
168 1306 375 1356 nubendi
419 1316 642 1372 propter
668 1308 985 1355 infirmitatem
1032 1308 1217 1365 carnis,
1281 1306 1670 1371 quemadmodum

10 1380 284 1446 αγγεθςῆ
318 1375 600 1442 repudiandi
637 1387 835 1443 propter
865 1377 1084 1426 duritiam
1125 1377 1300 1426 cordis,
1362 1378 1425 1425 Et
1460 1379 1549 1437 hic,
1578 1380 1670 1426 ita-

104 1470 119 1491 ’τ
158 1448 411 1499 reddemus
447 1450 820 1514 supplementum
860 1465 1025 1497 sensus
1062 1448 1327 1501 istius..,Si
1367 1450 1491 1497 enim
1532 1449 1670 1498 Chri-

12 1520 127 1594 ᾠε
156 1521 363 1578 abstulit,
398 1519 523 1584 quod
551 1520 746 1585 Moyses
776 1522 1040 1585 praecepit,
1073 1522 1180 1585 quia
1211 1519 1269 1567 ab
1301 1521 1437 1567 initio
1463 1538 1557 1568 non
1582 1521 1672 1568 fuit

84 1592 177 1653 ⁵),
209 1603 299 1647 nec
315 1591 362 1653 ⁰)
394 1590 504 1639 ideo
536 1592 594 1639 ab
626 1593 721 1639 alia
757 1593 944 1653 venisse
974 1592 1156 1640 virtute
1195 1591 1493 1656 reputabitur
1531 1592 1669 1639 Chri-

6 1619 90 1690 μ
71 1679 143 1747 ἐ,
175 1659 261 1712 cur
291 1670 395 1710 n'on
414 1672 473 1711 et
496 1664 766 1727 paracletus
798 1663 1064 1722 abstulerit,
1095 1661 1222 1730 quod
1253 1663 1425 1711 Paulus
1455 1662 1666 1721 indulsit,

64 1780 66 1782 .
93 1735 140 1783 ’a
169 1743 219 1783 et
248 1733 519 1788 secundum
535 1735 881 1785 matrimonium
910 1734 970 1782 ab
1000 1734 1136 1782 initio
1165 1751 1263 1783 non
1290 1735 1403 1794 fuit,
1435 1750 1524 1783 nec
1555 1734 1666 1783 ideo

121 1814 299 1855 ectus
311 1804 556 1854 habendus
601 1807 690 1863 sit,
732 1806 871 1869 quasi
913 1805 1107 1869 spiritus
1142 1806 1356 1864 alienus,
1403 1812 1580 1854 tantum
1616 1813 1671 1853 ut

44 1935 47 1937 ‚
93 1893 122 1926 o
154 1885 205 1926 et
234 1876 424 1924 Christo
465 1876 655 1939 dignum
683 1877 770 1934 sit,
817 1875 944 1940 quod
980 1874 1344 1948 superducitur?
1410 1875 1463 1923 Si
1495 1875 1587 1925 deo
1617 1886 1669 1925 et

101 1948 223 1996 ἰεεο
255 1946 446 2010 dignum
474 1947 564 1995 fuit
594 1946 812 1995 duritiam
844 1945 1012 1995 'cordis
1049 1954 1264 2012 tempore
1305 1943 1496 2011 e‘xpleto
1537 1964 1667 1995 com-

4 2079 14 2088 ·
56 2031 248 2077 scere,
282 2034 368 2066 cur
396 2035 492 2069 non
522 2017 709 2082 dignius
740 2019 802 2066 sit
831 2027 881 2067 et
911 2016 1002 2066 deo
1035 2026 1085 2066 et
1114 2017 1305 2066 Christo
1343 2019 1666 2067 infirmitatem

10 2090 190 2173 Quis
233 2097 448 2154 tempore
493 2090 585 2137 iam
631 2089 911 2139 collectiore
957 2083 1228 2139 discutere?
1287 2087 1339 2137 Si
1385 2091 1554 2137 iustum
1594 2099 1668 2138 est

78 2162 376 2210 trimonium
414 2177 509 2214 non
539 2161 776 2225 separari,
817 2162 976 2225 utique
1008 2168 1058 2209 et
1083 2177 1181 2209 non
1212 2161 1378 2209 iterari
1416 2161 1665 2209 honestum

2 2202 54 2278 ῃ
86 2241 121 2281 t.
193 2231 409 2296 Denique
448 2230 572 2297 apud
609 2233 817 2286 seculum
861 2241 1107 2314 utrumque
1153 2233 1202 2280 in
1245 2232 1373 2280 bona
1416 2231 1667 2297 disciplina

1 2280 68 2325 Ἠ
66 2311 334 2386 putatur,
345 2302 485 2351 aliud·
504 2303 792 2351 concordiae
834 2305 1038 2361 nomine,
1071 2302 1198 2352 aliud
1236 2302 1509 2368 pudicitiae.
1572 2303 1666 2351 Re·-

0 2434 3 2439 ‚
108 2373 207 2434 vit
221 2373 394 2428 duritia
423 2373 584 2422 cordis
613 2391 758 2440 usque
789 2373 850 2422 ad
883 2374 1132 2433 Christum,
1152 2376 1426 2438 regnaverit
1455 2384 1505 2422 et
1533 2375 1664 2422 infir-

77 2444 93 2459 ’
128 2468 130 2473 ’
154 2466 162 2473 “
199 2447 356 2501 carnis
387 2461 532 2510 usque
562 2444 623 2493 ad
653 2446 963 2510 paracletum.
1021 2444 1162 2494 Nova
1191 2447 1270 2493 lex
1300 2445 1493 2492 abstulit
1522 2461 1664 2509 repu-

0 2519 41 2569 ξ
79 2576 81 2579 Ι
111 2539 174 2575 .ιι,
207 2505 392 2575 (habuit
420 2515 546 2580 quod
576 2518 824 2574 auferret,)
859 2531 983 2564 nova
1004 2517 1262 2584 prophetia
1286 2515 1541 2563 secundum
1565 2533 1664 2564 ma-

1 2594 6 2595 ’
69 2580 75 2584 ’
102 2587 317 2645 οιιίιιιιι,
349 2603 444 2641 non
473 2588 622 2636 minus
652 2586 898 2652 repudium
928 2586 1116 2650 prioris.
1180 2586 1277 2634 Sed
1307 2587 1494 2635 facilius
1534 2585 1662 2635 duri-

72 2655 298 2711 cordis
323 2657 514 2707 Christo
544 2660 704 2716 cessit,
739 2674 874 2722 quam
904 2657 1150 2715 infirmitas
1182 2658 1354 2705 carnis.
1415 2656 1524 2705 Plus
1540 2657 1660 2706 haec

0 2783 18 2789 -
100 2727 346 2782 'Paulum
376 2727 604 2788 defendit,
639 2746 774 2793 quam
804 2729 886 2776 illa
913 2728 1139 2792 Moysen,
1171 2729 1211 2775 si
1242 2737 1398 2776 tamen
1430 2727 1659 2787 defendit,

0 2829 4 2845 1
70 2810 76 2813 “
111 2818 158 2841 aur
201 2799 523 2863 indulgentem
554 2815 658 2848 eum
691 2807 864 2863 captat,
896 2799 1300 2864 praescribentem
1315 2793 1521 2858 recusat,
1541 2817 1659 2864 quae

0 2874 82 2908 ῗ
79 2887 246 2927 ,κιθεε
275 2872 533 2920 sententias
563 2879 614 2924 et
642 2871 895 2936 perpetuas
923 2871 1190 2918 voluntates
1220 2872 1321 2919 eius
1345 2869 1507 2930 eludit,
1541 2887 1658 2936 quae

29 3069 30 3072 ¹
84 3066 103 3090 ¹.
149 3055 344 3106 1)Rhen.
349 3055 798 3104 sapen-ductitium
886 3057 1040 3108 2)Act.
1059 3059 1125 3108 16,
1143 3059 1181 3096 3.
1200 3059 1266 3108 21,
1287 3059 1352 3097 24.
1455 3057 1657 3108 3)1Cor.

13 3087 84 3182 ⁹⁷·
151 3112 290 3155 ...eal
305 3106 432 3164 21,19.
558 3110 604 3162 4)
622 3114 744 3152 nent.
762 3115 830 3161 24,
850 3087 1658 3164 1.5)1t1’atth.’19,8.6)Rig.

14 3160 77 3217 ¹
124 3179 211 3209 ue:
239 3181 334 3208 nec
365 3169 441 3208 nic
473 3170 576 3219 etc-3
605 3171 890 3219 utrumquem
907 3171 971 3210 ed.
992 3171 1118 3211 Fran.
1135 3172 1410 3212 desideratur.

1235 3248 1265 3294 9
1282 3245 1305 3264 t
