1942 3554
266 232 345 277 ες
589 231 673 269 DE
711 229 920 268 cunru
959 227 1353 265 FEM1NARUM
1393 228 1568 266 L113.1·

265 356 418 393 terum
458 342 604 397 celat,
640 348 808 386 neuter
838 340 1035 385 alterum
1065 338 1205 394 vitat,
1244 346 1414 385 neuter
1442 339 1581 386 alteri
1611 343 1766 402 gravis
1798 353 1894 403 est3

267 416 418 462 libere
465 425 614 472 aeger
656 409 897 465 visitatur,
951 406 1168 470 indigens
1213 415 1522 468 sustentatur,
1576 410 1894 461 eleemosinae

268 485 368 530 sine
402 488 661 535 tormento,
695 479 931 525 sacrificia
961 479 1061 525 sine
1093 477 1338 541 scrupulo,
1385 478 1659 542 quotidiana
1695 479 1899 544 diligen-

267 554 335 599 tia
366 552 465 597 sine
498 547 857 612 impediment03
891 564 984 595 non
1015 549 1186 595 furtiva
1209 549 1430 611 signatio,
1462 565 1554 596 non
1579 550 1766 615 trepida
1790 552 1903 614 gra-‘⁴

267 622 460 677 tulatio,
508 635 602 666 non
647 627 773 666 muta
810 617 1110 677 benedictin,
1157 626 1327 665 sonant
1355 619 1480 666 inter
1509 618 1627 667 duos
1656 622 1822 685 psalmi
1853 630 1905 670 et

268 691 451 755 hymni,
499 698 548 736 et
578 697 735 736 mutuo
767 697 1053 752 provocant,
1103 690 1204 751 quis
1248 689 1414 736 melius
1459 687 1551 738 deo
1597 706 1682 738 suo
1722 700 1909 740 cantet:

269 762 404 808 Talia
435 759 648 807 Christus
677 758 843 806 videns
875 767 923 806 et
959 758 1154 805 audiens
1200 757 1398 820 gaudet,
1444 759 1518 806 his
1561 775 1727 824 pacem
1773 765 1903 810 suam'

270 832 436 889 mittit3
468 829 549 880 uhi
580 828 696 886 duo,
742 829 807 875 ibi
839 837 887 875 et
916 829 1040 892 ipse3
1087 829 1166 875 ubi
1199 837 1248 875 et
1277 829 1401 892 ipse,
1447 829 1514 877 ibi
1553 839 1602 878 et
1630 831 1779 879 malus
1809 847 1904 880 non

273 910 361 949 est.
439 899 570 947 Haec
616 908 722 946 sunt
761 914 878 962 quae
918 899 1122 962 apostoli
1151 915 1247 945 vox
1276 899 1358 946 illa
1388 899 1472 947 sub
1502 899 1735 949 brevitate
1753 903 1800 962 1)
1832 903 1906 949 in·

274 968 537 1033 telligenda
566 969 702 1016 nobis
733 970 947 1032 reliquit,
980 969 1099 1016 haec
1130 969 1216 1015 tihi
1247 984 1476 1032 suggere,
1517 971 1705 1034 sitopus
1734 971 1906 1029 fuerit3
1936 1029 1942 1035 ⁴

273 1041 347 1088 his
377 1049 424 1087 te
457 1040 515 1087 ab
561 1039 788 1103 exemplis
834 1037 1121 1102 quarundam
1165 1039 1378 1086 reflecte.
1452 1038 1564 1086 Non
1609 1040 1724 1092 licet
1767 1041 1910 1089 aliter

275 1109 492 1158 fidelibus
523 1109 729 1165 nubere,
762 1117 811 1155 et
840 1110 879 1154 si
911 1109 1102 1165 liceret,
1135 1123 1230 1154 non
1261 1106 1508 1171 expediret
1523 1110 1591 1171 ²).

385 1475 535 1542 DE
624 1470 1011 1544 CULTU
1097 1424 1808 1550 FEMINAR-UM

797 1596 1042 1676 ⁴LIBER
1086 1595 1372 1646 PRIMUS.

641 1706 755 1763 [DE
792 1710 1067 1747 HABITU
1103 1707 1566 1764 MULIEBR1.*)]

428 1912 474 1957 1.
537 1903 589 1952 Si
619 1912 749 1951 tanta
779 1905 826 1951 in
857 1905 1003 1959 terris*
1031 1913 1298 1951 moraretur
1335 1903 1476 1964 fides,
1523 1914 1695 1969 quanta
1731 1923 1928 1968 merces·

283 1980 387 2026 eius
418 1984 724 2040 exspectatur
753 1976 799 2021 in
833 1975 1003 2032 coeliS,
1051 1974 1179 2021 nulla
1224 1975 1410 2022 omnino
1447 1984 1678 2035 vestrum,
1726 1986 1923 2027 sorores

286 2047 647 2103 dilectissimae,
695 2061 756 2092 ex
787 2061 877 2108 quo
910 2043 1046 2092 deum
1076 2045 1229 2091 vivum
1262 2046 1586 2108 cognovisset,
1633 2055 1683 2095 et
1719 2045 1778 2095 de
1816 2063 1916 2107 sua,

283 2117 334 2166 id
366 2126 460 2174 est,
494 2116 553 2163 de
585 2116 787 2162 feminae
821 2114 1094 2162 conditione
1121 2113 1387 2173 didicisset,
1420 2116 1668 2165 laetiorem
1692 2117 1918 2175 habitum,

285 2203 346 2234 ne
379 2186 532 2233 dicam
565 2186 898 2248 gloriosiorem
930 2186 1209 2247 appetisset,
1242 2193 1293 2231 ut
1322 2201 1416 2232 non
1446 2187 1595 2249 magis
1622 2187 1671 2234 in
1702 2186 1930 2246 sordibus·

287 2265 479 2319 ageret,
513 2263 563 2302 et
593 2254 859 2317 squalorem
891 2256 1048 2316 potius
1079 2254 1351 2312 affectaret,
1399 2256 1546 2318 ipsam
1584 2272 1635 2304 se
1668 2258 1919 2322 circumfe-

287 2342 398 2374 rens
429 2325 574 2372 Evam
606 2325 845 2386 lugentem
878 2331 927 2370 et
955 2325 1301 2385 poenitentem,
1349 2339 1440 2387 quo
1486 2325 1671 2388 plenius
1715 2325 1763 2373 id
1795 2325 1927 2389 quod?

289 2395 348 2443 de
381 2395 479 2442 Eva
510 2394 656 2441 trahit
701 2394 1023 2455 (ignominiam
1070 2392 1178 2440 dico
1224 2394 1361 2455 primi
1407 2392 1571 2441 delicti
1615 2403 1665 2443 et
1699 2395 1929 2444 invidiam

287 2464 569 2530 perditionis
613 2464 871 2521 humanae)
920 2464 1046 2509 omni
1098 2463 1436 2510 satisfactionis
1480 2464 1643 2513 habitu
1687 2467 1919 2530 expiaret.

290 2535 343 2583 In
375 2534 618 2582 doloribus
664 2542 714 2581 et
757 2533 1072 2580 anxietatibus
1115 2533 1296 2596 paries,
1341 2534 1531 2592 mulier,
1577 2542 1627 2583 et
1669 2533 1730 2583 ad
1773 2537 1930 2584 virum·

293 2641 383 2649 .—

406 2687 448 2738 1)
477 2689 542 2728 Al.
573 2687 922 2736 benignitate.
1013 2686 1059 2739 2)
1078 2688 1169 2736 Rig.
1193 2688 1282 2726 fid.
1313 2690 1530 2728 nubere:
1563 2701 1664 2729 non
1690 2691 1918 2739 expedit.

409 2756 444 2808 ³)
469 2759 719 2807 „Hactenus
744 2758 952 2796 editiones
976 2758 1232 2795 Tertulliani
1255 2758 1409 2795 librum
1433 2759 1554 2798 nobis
1577 2772 1709 2799 unum
1742 2761 1800 2799 de
1830 2762 1917 2799 ha-

294 2815 406 2853 bitu
435 2814 704 2861 muliebri,
738 2814 920 2851 alterum
937 2814 994 2850 de
1019 2813 1164 2851 cultu
1195 2815 1512 2853 feminarum
1536 2817 1802 2856 exhibebant.
1833 2819 1931 2856 Nos·

292 2874 523 2918 utrumque
541 2871 598 2907 de
630 2870 780 2907 cultu
811 2870 1124 2908 feminarum
1151 2870 1462 2920 inscripsimus,
1481 2873 1758 2911 vetustissimi
1775 2884 1918 2911 exem-

294 2927 427 2975 plaris
451 2926 710 2975 Agobardini
733 2927 1032 2964 auctoritatem
1061 2926 1216 2976 secuti,
1250 2927 1293 2964 in
1326 2938 1410 2973 quo
1443 2931 1612 2967 servata
1644 2929 1796 2977 prioris
1825 2930 1918 2968 libri

293 2986 415 3031 parte
432 2986 597 3020 tantum
611 2982 780 3020 dimidia
800 2983 1010 3030 posterior
1027 2982 1191 3030 integer
1209 2982 1267 3019 sic
1285 2983 1539 3022 absolvitur:
1573 2985 1630 3023 de
1662 2986 1806 3023 cultu
1839 2983 1918 3024 fe-

294 3039 549 3076 minarum
578 3038 662 3076 lib.
694 3040 743 3076 11.
774 3038 1014 3086 explicit.
1073 3038 1189 3074 Unde
1207 3039 1476 3078 manifestum
1502 3041 1573 3090 fit,
1602 3043 1678 3080 sub
1701 3041 1846 3079 eodem
1866 3040 1918 3079 ti—

295 3094 387 3132 tulo
404 3094 688 3142 praecessisse
706 3095 897 3141 primum.
957 3096 1093 3141 Atque
1118 3094 1161 3132 in
1184 3094 1385 3132 librorum
1411 3097 1607 3146 catalogo
1631 3097 1691 3135 sic
1718 3099 1839 3136 ambo
1858 3097 1918 3136 ci-

297 3152 462 3189 tantur:
491 3150 561 3187 De
594 3150 746 3187 cultu
777 3149 1127 3189 seminarum.“
1186 3150 1408 3197 Rigaltius.
