1942 3554
537 158 625 198 An
669 157 1071 197 scaruLAM.
1529 158 1649 208 24⁷

11 298 166 360 uiaret,
200 317 294 348 non
325 301 446 347 enim
480 297 821 347 dehortationis
854 299 1069 356 consili0,
1109 296 1194 346 sed
1226 296 1497 346 dilectionis
1529 299 1647 347 reti-

8 367 139 420 nu'ere
173 379 502 428 tentaverant,
535 379 586 416 ut
614 369 894 434 Apostolum
928 367 1276 427 desiderantes,
1317 386 1410 415 non
1441 378 1491 416 ut
1520 386 1646 416 mar-

32 442 195 506 tyrium
226 439 575 488 dissuadentes.
629 439 806 499 Quodsi
836 440 926 488 iam
958 449 1067 486 tunc
1098 438 1326 487 Prodicus
1357 448 1438 486 aut
1467 439 1646 487 Valen-

31 512 148 558 tinus
184 509 459 568 adsisteret,
507 526 769 574 suggerens
807 527 898 556 non
937 511 983 556 iu
1015 511 1156 556 terris
1188 525 1294 558 esse
1327 508 1644 558 confitendum

16 579 144 645 apud
183 581 419 638 homines,
469 579 592 644 quod
630 597 720 628 nec
760 578 876 627 deus
908 581 1151 627 humanum
1191 582 1464 644 sanguinem
1497 581 1641 639 sitiat,-

17 666 110 699 mee
144 649 358 697 Christus
389 651 540 698 vicem
570 650 824 714 passionis,
880 652 1008 713 quasi
1050 659 1098 696 et
1135 651 1235 713 ipse
1268 649 1326 697 «le
1359 666 1414 697 ea
1447 651 1643 698 salutem

0 715 360 768 consecuturus
393 730 644 783 exposcat3
695 721 849 767 statim
888 719 1096 766 audisset
1126 736 1152 766 a
1185 735 1325 767 servo
1367 718 1444 767 dei
1456 757 1471 783 Ι
1519 720 1644 783 quod

15 788 239 838 {audierat
267 789 522 854 [diabolus]
558 807 586 836 a
618 790 830 836 domino:
883 789 1075 837 Recede
1115 799 1324 847 satanas,
1373 789 1642 837 scandalum

3 860 135 909 mmihi.
160 876 226 908 es.
292 858 550 923 [Scriptum
583 869 676 917 est,
725 859 956 906 dominum
990 859 1123 906 deum
1158 868 1282 906 tuum
1314 858 1559 918 adorabis,
1595 869 1645 907 et

3 923 86 991 attii
123 930 212 978 soli
249 931 449 991 servies]
471 932 535 988 1).
598 929 695 978 Sed
728 939 777 976 et
807 947 928 977 nunc
960 929 1122 977 audire
1157 929 1369 988 debebit,
1413 939 1642 994 quatenus

3 1000 162 1047 umulto
192 1009 300 1064 post
330 1017 511 1048 venena
542 1001 631 1048 ista
663 1000 875 1058 suffudit,
915 1000 1028 1047 nulli
1062 1001 1347 1047 infirmorum
1379 1001 1522 1048 facile
1556 1018 1642 1047 no-

3 1071 192 1127 =citura,
238 1071 277 1118 si
317 1071 418 1134 quis
455 1071 576 1118 hanc
616 1080 820 1119 nostram
852 1086 913 1118 ex
944 1070 1036 1118 fide
1067 1066 1363 1134 praebiberit
1392 1071 1468 1119 vel
1501 1072 1643 1118 etiam

1 1140 335 1204 *superbiberit
364 1142 621 1205 potionem.
1410 1161 1414 1165 ’

199 1550 390 1618 AD
509 1547 1462 1619 SCAPULAM.

131 1820 180 1864 1.
226 1814 327 1862 Nos
366 1813 551 1878 quidem
583 1829 735 1876 neque
776 1815 1131 1876 expavescimus
1163 1828 1314 1875 neque
1347 1816 1644 1877 pertimesci-

0 1901 118 1932 unus
149 1900 221 1942 ea,
254 1900 372 1948 quae
405 1883 462 1930 ab
494 1883 819 1945 ignorantibus
825 1884 1057 1965 ‘patimur3
1095 1899 1197 1930 cum
1230 1882 1289 1930 ad
1314 1884 1433 1930 hanc
1465 1893 1643 1932 sectam

1 1955 179 2018 -utique
220 1962 439 2017 suscepta
478 1953 750 1999 conditione
793 1955 891 2000 eius
931 1954 1056 2016 pacti
1086 1955 1374 2010 venerimus,
1420 1964 1471 2001 ut
1503 1956 1643 2002 etiam

20 2025 196 2072 animas
227 2032 412 2071 nostras
443 2024 675 2070 auctorati
708 2024 752 2069 in
785 2023 866 2070 has
891 2040 1069 2087 pugnas
1100 2022 1397 2081 accedamus,
1434 2041 1488 2072 ea
1522 2041 1642 2087 quae

22 2093 137 2141 deus
182 2094 469 2157 repromittit
515 2094 741 2156 consequi
788 2102 1027 2157 optantes,
1077 2102 1123 2140 et
1170 2109 1225 2140 ea
1266 2110 1383 2157 quae
1425 2094 1640 2142 diversae

1 2164 145 2222 *vitae
178 2165 486 2211 comminatur
515 2165 610 2227 pati
643 2165 877 2211 timentes.
939 2162 1156 2228 Denique
1196 2180 1297 2210 eum
1332 2165 1455 2211 omni
1488 2166 1643 2212 saevi-

0 2226 101 2286 *Pa
114 2243 272 2281 vestra
303 2243 649 2292 concertamus,
698 2236 835 2282 etiam
868 2235 991 2281 ultro
1026 2243 1348 2296 erumpentes,
1397 2236 1639 2298 magisque

0 2293 227 2360 ·damnati
275 2321 407 2368 quam
454 2304 654 2351 absoluti
702 2304 973 2367 gaudemus.
1052 2306 1213 2368 ltaque
1265 2305 1386 2351 hunc
1434 2305 1641 2352 libellum

0 2389 112 2421 *non
143 2374 277 2421 nobis
308 2375 527 2422 timentes
558 2377 783 2433 misimus,
832 2375 916 2422 sed
946 2375 1081 2422 vobis
1116 2384 1164 2422 et
1195 2374 1408 2421 omnibus
1439 2375 1640 2421 inimicis

0 2445 209 2502 ¹nostris,
242 2443 410 2491 nedum
443 2446 631 2504 amicis3
675 2447 740 2492 ita
774 2446 895 2492 enim
927 2445 1173 2508 disciplina
1203 2444 1419 2491 iubemur
1437 2443 1640 2507 diligere

0 2512 236 2570 *inimicos
268 2531 472 2578 quoque,
521 2524 569 2562 et
600 2531 736 2561 orare
769 2532 853 2577 pro
886 2517 943 2561 iis
977 2516 1053 2577 qui
1085 2531 1170 2561 nos
1201 2522 1560 2577 persequuntur,
1593 2523 1643 2560 ut

0 2582 141 2644 {baec
172 2585 233 2631 sit
261 2585 477 2647 perfecta
509 2594 557 2632 et
587 2587 775 2648 propria
806 2585 990 2631 bonitas
1022 2593 1198 2640 nostra,
1240 2600 1332 2629 non
1367 2585 1639 2631 communis.

20 2650 214 2700 Amicos
246 2654 366 2701 enim
400 2654 602 2718 diligere
635 2656 834 2700 omnium
869 2663 961 2710 est,
1003 2655 1217 2700 inimicos
1250 2662 1401 2700 autem
1434 2654 1640 2701 solorum

25 2720 407 2770 Christianorum.
470 2725 557 2783 Qui
589 2740 707 2788 ergo
742 2724 950 2788 dolemus
984 2723 1040 2770 de
1074 2724 1341 2786 ignorantia
1371 2732 1552 2782 vestra,
1594 2733 1639 2771 et

22 2791 299 2840 miseremur
330 2795 507 2840 erroris
538 2795 748 2851 humani,
797 2804 845 2841 et
885 2795 1039 2841 futura
1078 2795 1385 2856 prospicimus
1425 2803 1473 2840 et
1503 2795 1641 2858 signa

32 2987 41 2989 ⁷,
80 2991 82 2993 ‚
137 2947 182 2995 1)
211 2947 362 2984 Matth.
395 2950 470 2996 16,
516 2949 582 2984 23.
613 2950 660 2994 4,
707 2950 773 2985 10.
832 2950 907 2985 Vv.
939 2948 1060 2985 uncis
1091 2947 1276 2986 inclusa:
1318 2948 1559 2986 diabolus
1599 2951 1642 2986 et

24 3005 281 3050 seriptum
311 3023 368 3031 —
400 3004 602 3041 servies
645 3006 695 3041 ab
738 3004 877 3041 aliena
922 3016 1048 3041 manu
1090 3004 1229 3042 addita
1273 3016 1367 3042 esse
1400 3005 1641 3051 suspicatus

23 3061 86 3101 ut
111 3059 331 3108 Rigaltius.
391 3060 472 3098 Sed
499 3062 546 3097 A.
577 3060 774 3098 Neander
799 3061 1110 3098 Tertullianum
1142 3061 1251 3099 duos
1282 3061 1423 3109 potius
1455 3061 1642 3107 scriptu-

23 3123 95 3153 me
123 3127 155 3153 s.
185 3115 303 3153 locos
337 3116 576 3154 confudisse
608 3119 740 3164 putat.

22 3425 57 3454 s<
