1942 3554
647 198 735 237 'DE
763 193 1105 236 Pumcl‘rlA.
1557 190 1685 237 159

11 309 366 362 ”θῒικ1ἰιιοίιι
397 327 490 359 ιιοιι
526 311 770 369 habemus,
815 326 965 393 neque
1011 309 1216 358 ecclesia
1261 306 1511 368 dominil).
1582 307 1686 355 Tali

129 382 285 431 usnla
313 381 564 429 maledicto
598 382 811 430 detexta:
859 383 898 428 si
937 381 1036 445 quis
1073 396 1166 427 non
1197 388 1320 426 amat
1350 377 1580 427 dominum
1611 378 1685 428 Ie-

114 469 198 510 m,
229 453 305 502 sit.
316 453 563 501 anathema
594 452 864 500 maranatha
880 452 925 509 2)
945 486 958 508 ,
1012 451 1218 532 aliquem
1248 451 1407 513 utique
1438 451 1683 513 percussit.

0 524 26 592 '⁷
55 507 188 587 Βει1
202 523 299 571 illic
330 524 476 586 magis
507 524 664 581 stabo,
695 523 774 570 ubi
804 522 1043 586 apostolus
1073 522 1220 584 magis
1250 522 1423 577 fervet,
1469 520 1547 567 ubi
1584 521 1684 585 ipse

52 591 336 646 {ferni-sator
362 595 480 641 aliis
498 610 678 658 quoque
710 594 948 656 negotium
979 593 1108 639 fecit.
1164 591 1304 650 Quasi
1336 607 1428 638 non
1459 593 1542 638 sim
1571 607 1685 639 ven-

0 703 5 723 .-
54 717 61 722 μ
92 680 201 712 urus
229 663 290 712 ad
319 672 427 722 vos',
459 666 605 712 inflati
635 673 741 711 sunt
771 663 970 727 quidam.
1030 662 1227 710 Veniam
1259 670 1412 708 autem
1445 663 1605 720 citius,
1643 664 1683 710 si

59 735 336 787 ermiserit
365 734 599 792 dominus,
646 744 695 782 et
739 750 1021 796 cognoscam
1066 750 1158 779 non
1204 748 1465 780 sermonem
1503 748 1682 791 eorum,

0 805 11 824 ⁷
37 806 148 871 ‚qui
178 807 324 854 inflati
355 814 482 863 sunt,
516 805 598 853 sed
630 807 861 852 virtutem.
936 804 1044 850 Non
1091 805 1212 851 enim
1257 804 1304 849 in
1349 818 1564 850 sermone
1610 811 1684 851 est

39 882 263 941 ‚regnum
294 875 395 933 dei,
427 875 510 923 sed
540 878 586 922 in
616 877 801 922 virtute.
862 874 923 920 Et
954 873 1060 938 quid
1090 874 1259 920 vultis?
1301 875 1484 922 veniam
1515 871 1574 920 ad
1597 890 1683 921 vos

143 947 299 1010 virga,
332 963 391 995 an
421 947 468 993 in
499 947 661 1010 spiritu
693 946 895 993 lenitatis
911 946 989 1003 3)?
1028 943 1146 1003 Quid
1178 946 1298 993 enim
1330 944 1549 991 suberat?
1583 943 1682 991 Au-

31 1011 237 1069 ditur
223 1034 271 1064 ιιι
301 1016 432 1065 vobis
462 1018 509 1064 in
539 1025 686 1064 totum
717 1017 992 1073 fornicatio,
1025 1024 1073 1062 et
1102 1016 1208 1062 talis
1231 1016 1500 1073 fornicatio,
1534 1016 1682 1078 qualis

47 1102 158 1139 nec
187 1088 235 1135 in
265 1087 501 1151 gentibus,
533 1096 585 1137 ut
613 1103 805 1134 uxorem
836 1087 982 1149 patris
1013 1087 1081 1133 sui
1115 1087 1214 1150 quis
1245 1082 1432 1133 habeat.
1506 1084 1568 1132 Et
1596 1097 1685 1134 vos'

29 1159 217 1206 inflati
247 1159 382 1216 estis,
429 1166 477 1206 et
507 1170 599 1205 non
630 1158 811 1205 luxistis
840 1159 1016 1220 potius,
1063 1165 1114 1203 ut
1158 1157 1399 1204 auferatur
1436 1155 1493 1203 de
1525 1156 1680 1204 medio

66 1237 296 1286 vestrum,
342 1229 421 1293 qui
463 1229 556 1276 tale
586 1229 767 1275 facinus
813 1226 1090 1286 admisit4)?
1161 1226 1253 1275 Pro
1301 1243 1390 1290 quo
1437 1227 1682 1289 lugerent?

68 1300 226 1362 utique
257 1315 343 1363 pro
373 1307 573 1346 mortuo.
646 1297 722 1345 Ad
768 1314 901 1362 quem
940 1299 1184 1360 lugerent?
1254 1299 1411 1360 utique
1443 1296 1502 1344 ad
1534 1296 1682 1344 domi-

69 1385 199 1426 num,
230 1377 281 1417 ut
311 1385 401 1433 quo
433 1369 571 1417 modo
603 1370 843 1417 auferatur
873 1368 931 1415 de
963 1367 1118 1415 medio
1158 1384 1317 1415 eorum
1335 1370 1405 1427 ⁵):
1453 1384 1545 1415 non
1589 1370 1681 1415 uti-

18 1449 156 1503 tque
187 1448 237 1487 et
266 1448 402 1487 extra
431 1441 680 1487 ecclesiam
712 1439 870 1498 detur,
919 1439 1008 1486 hoc
1056 1439 1176 1485 enim
1216 1455 1308 1484 non
1339 1454 1367 1485 a
1398 1437 1488 1485 deo
1520 1447 1681 1502 postu-

66 1509 266 1567 latetur,
300 1508 423 1573 quod
453 1520 557 1557 erat
579 1512 625 1557 in
649 1510 958 1573 praesidentis
983 1509 1164 1566 officio,
1196 1508 1279 1556 sed
1303 1517 1353 1555 ut
1375 1525 1461 1573 per
1483 1519 1680 1557 mortem

14 1563 186 1628 &hanc
231 1595 413 1644 quoque
460 1597 744 1627 communem
792 1590 841 1627 et
883 1581 1117 1643 propriam
1163 1580 1316 1626 carnis
1347 1581 1514 1643 ipsius,
1561 1596 1678 1644 quae

65 1651 157 1698 iam
187 1650 410 1709 cadaver,
443 1667 559 1714 quae
593 1653 802 1715 capulum
819 1651 864 1710 6)
906 1659 1032 1698 esset
1059 1649 1346 1697 immunditia
1383 1652 1680 1715 irrecupera-

65 1721 148 1773 hili
177 1721 428 1778 tabiosum,
460 1723 641 1785 plenius
673 1722 730 1769 de
762 1723 968 1769 ecelesia
999 1720 1196 1768 deberet
1224 1722 1415 1768 auferri.
1461 1721 1524 1769 Et
1552 1721 1678 1779 ideo,

66 1791 298 1856 quomodo
329 1793 514 1839 interim
545 1794 697 1855 potuit
733 1794 932 1849 auferri,
981 1791 1213 1838 iudicavit·
1249 1790 1510 1838 dedendum
1555 1794 1679 1840 eius-

29 1859 34 1865 ’
65 1861 192 1910 modi
221 1871 411 1910 satanae
442 1863 489 1910 in
519 1864 754 1910 interitum
786 1864 954 1910 carnis.
1027 1861 1250 1909 Maledici
1297 1864 1418 1909 enim
1463 1879 1565 1909 eam
1603 1878 1677 1910 se·-

11 1926 19 1934 ”
68 1933 319 1996 quebatur‚
352 1949 470 1996 quae
503 1932 692 1980 diabolo
723 1933 1081 1997 proiiciebatur,
1128 1941 1178 1979 ut
1207 1941 1499 1979 sacramento
1531 1933 1677 1980 bene-

68 2002 288 2051 dictionis
345 2012 756 2062 exauctoraretur,
830 2019 1058 2066 nunquam
1117 2004 1164 2050 in
1224 2011 1378 2050 castra
1443 2004 1676 2051 ecclesiae

20 2134 22 2137 ι
67 2088 328 2122 reversura.
401 2072 624 2122 Videmus
668 2076 822 2138 itaque
868 2075 958 2121 hoc
1003 2075 1050 2120 in
1094 2073 1201 2121 loco
1241 2073 1430 2120 divisam
1476 2075 1678 2138 apostoli

66 2145 363 2192 severitatem
393 2144 439 2191 in
471 2145 697 2208 quendam
728 2146 932 2192 inflatum
977 2153 1026 2191 et
1068 2145 1114 2191 in
1161 2143 1387 2207 quendam
1432 2144 1676 2203 incestum,

17 2223 27 2258 ἰ
66 2214 113 2263 in
157 2214 352 2262 alterum
394 2215 550 2278 virga,
597 2217 643 2262 in
687 2217 883 2263 alterum
929 2215 1161 2262 sententia
1204 2223 1444 2262 armatum.
1510 2215 1677 2279 Virga,

68 2300 204 2348 quam
233 2283 516 2343 minabatur,
563 2288 816 2343 sententia,
863 2302 996 2350 quam
1028 2286 1393 2349 exsequebatur3
1440 2286 1563 2333 illam
1594 2285 1678 2333 ad-

26 2381 30 2384 ·
66 2354 157 2405 hnc
189 2364 535 2414 coruscantem,
567 2357 687 2404 hanc
718 2359 870 2406 statim
900 2356 1241 2414 fulminantem,
1275 2373 1364 2420 qua
1385 2357 1676 2420 increpabat,

30 2482 33 2483 ⁷
68 2440 248 2490 quaque
279 2425 541 2491 damnabat.
618 2428 897 2491 Certumque
943 2435 1016 2474 est
1059 2426 1230 2474 exinde
1267 2428 1544 2489 increpitum
1577 2429 1678 2490 qui-

67 2494 174 2544 dem
196 2495 286 2543 sub
317 2497 625 2544 intentatione
655 2499 818 2560 virgae
849 2499 1117 2554 tremuisse,
1157 2496 1418 2543 damnatum
1446 2513 1561 2543 vero
1592 2497 1676 2544 sub

28 2579 30 2581 ·
66 2565 500 2630 repraesentatione
529 2583 713 2631 poenae
744 2568 939 2630 perisse.
988 2565 1153 2612 Statim
1185 2567 1264 2614 ille
1295 2568 1461 2614 timens
1491 2567 1675 2630 plagam

28 2634 203 2694 abiit,
236 2637 315 2684 ille
347 2637 477 2684 luens
506 2654 719 2700 poenam.
781 2637 894 2689 Cum
925 2634 984 2683 ad
1017 2636 1285 2684 Corinthios
1324 2636 1530 2685 eiusdem
1561 2654 1677 2702 apo-

37 2750 41 2755 ,
66 2707 178 2756 stoli
207 2706 373 2755 literae
403 2707 578 2754 iterant
604 2708 807 2764 veniam,
854 2709 914 2754 sit
956 2707 1117 2770 plane,
1163 2706 1246 2754 sed
1284 2708 1536 2766 incertum,
1584 2709 1677 2766 cui,
1745 2715 1754 2722 ⁰

15 2779 43 2843 ἦ.
68 2779 176 2842 qnia
204 2784 293 2825 nec
323 2793 524 2840 persona
554 2793 641 2824 nec
674 2793 837 2825 caussa
866 2777 1189 2841 proscribitur.
1257 2777 1349 2825 Res
1388 2795 1490 2825 cum
1528 2779 1676 2826 sensi-

30 2846 153 2917 jjBus
184 2848 440 2895 conferam.
501 2845 552 2894 Si
582 2849 788 2895 incestus
818 2849 1091 2912 opponitur,
1137 2847 1308 2895 ibidem
1347 2850 1437 2896 erit
1466 2857 1515 2897 et
1543 2850 1676 2900 infla-

11 2998 14 3000 -
37 3019 43 3025 ἒ
179 2975 224 3025 1)
242 2977 265 3012 1
284 2976 377 3014 cm·
395 2976 462 3022 11,
482 2977 547 3014 16
683 2973 728 3028 2)
748 2978 770 3012 1
790 2977 882 3014 eor.
900 2978 965 3025 16,
984 2978 1050 3013 22.
1178 2973 1223 3028 3)
1250 2978 1273 3013 ι
1293 2978 1386 3015 cor.
1410 2978 1457 3026 4,
1483 2980 1675 3029 18—21.

67 3028 114 3081 4)
137 3032 160 3068 1
179 3032 272 3069 Cor.
292 3033 385 3079 5,1
407 3043 467 3078 sq.
611 3028 653 3078 5)
672 3035 733 3070 lta
749 3032 891 3070 Gelen.
916 3036 957 3069 et
981 3033 1144 3080 [unius3
1189 3033 1344 3072 Latin.:
1387 3036 1443 3071 ut
1474 3046 1675 3083 quoquo

24 3094 44 3140 J
66 3087 212 3126 modo
243 3089 323 3125 etc.
368 3088 586 3126 Wouweri
607 3100 682 3127 ms.
714 3091 775 3126 Ut
805 3090 1054 3136 quomodo
1085 3090 1183 3127 auf.
1213 3093 1294 3130 etc.
1409 3088 1452 3139 6)
1480 3092 1563 3129 Alii
1594 3103 1674 3130 ca·

22 3143 282 3201 ⁸flotivum;
312 3143 449 3182 Latin.
481 3145 837 3194 corruptivum
873 3150 1013 3185 esset
1041 3149 1090 3184 et
1118 3146 1353 3186 immund.
1383 3149 1464 3185 etc.
