<?xml version="1.0" encoding="UTF-8"?>
<!DOCTYPE html PUBLIC "-//W3C//DTD XHTML 1.0 Transitional//EN"
    "http://www.w3.org/TR/xhtml1/DTD/xhtml1-transitional.dtd">
<html xmlns="http://www.w3.org/1999/xhtml" xml:lang="en" lang="en">
 <head>
  <title>
</title>
<meta http-equiv="Content-Type" content="text/html;charset=utf-8" />
  <meta name='ocr-system' content='tesseract 3.04.00' />
  <meta name='ocr-capabilities' content='ocr_page ocr_carea ocr_par ocr_line ocrx_word'/>
</head>
<body>
  <div class='ocr_page' id='page_1' title='image "./operatert12tertuoft_0319.png"; bbox 0 0 1942 3554; ppageno 0'>
   <div class='ocr_carea' id='block_1_1' title="bbox 514 211 1618 257">
    <p class='ocr_par' dir='ltr' id='par_1_1' title="bbox 514 211 1618 257">
     <span class='ocr_line' id='line_1_1' title="bbox 514 211 1618 257; baseline 0.005 -6"><span class='ocrx_word' id='word_1_1' title='bbox 514 211 597 251; x_wconf 88' lang='lat' dir='ltr'><strong>DE</strong></span> <span class='ocrx_word' id='word_1_2' title='bbox 633 212 1096 251; x_wconf 86' lang='lat' dir='ltr'><strong>POENITENTIA.</strong></span> <span class='ocrx_word' id='word_1_3' title='bbox 1537 212 1618 257; x_wconf 62' lang='lat'><strong>42</strong></span> 
     </span>
    </p>
   </div>
   <div class='ocr_carea' id='block_1_2' title="bbox 0 324 1640 2012">
    <p class='ocr_par' dir='ltr' id='par_1_2' title="bbox 0 324 1640 2012">
     <span class='ocr_line' id='line_1_2' title="bbox 0 324 1621 392; baseline -0.002 -14"><span class='ocrx_word' id='word_1_4' title='bbox 0 326 164 385; x_wconf 80' lang='lat' dir='ltr'><strong>credo,</strong></span> <span class='ocrx_word' id='word_1_5' title='bbox 197 327 364 375; x_wconf 90' lang='lat' dir='ltr'><strong>tentati</strong></span> <span class='ocrx_word' id='word_1_6' title='bbox 396 334 522 383; x_wconf 86' lang='lat' dir='ltr'><strong>sunt,</strong></span> <span class='ocrx_word' id='word_1_7' title='bbox 570 326 788 390; x_wconf 85' lang='lat' dir='ltr'><strong>quoniam</strong></span> <span class='ocrx_word' id='word_1_8' title='bbox 836 326 1213 384; x_wconf 91' lang='lat' dir='ltr'><strong>obdormierunt,</strong></span> <span class='ocrx_word' id='word_1_9' title='bbox 1260 334 1312 374; x_wconf 91' lang='lat' dir='ltr'><strong>ut</strong></span> <span class='ocrx_word' id='word_1_10' title='bbox 1356 324 1621 392; x_wconf 85' lang='lat' dir='ltr'><strong>adprehen-</strong></span> 
     </span>
     <span class='ocr_line' id='line_1_3' title="bbox 0 396 1622 463; baseline -0.001 -15"><span class='ocrx_word' id='word_1_11' title='bbox 0 415 92 448; x_wconf 84' lang='lat' dir='ltr'><strong>sum</strong></span> <span class='ocrx_word' id='word_1_12' title='bbox 123 397 358 446; x_wconf 89' lang='lat' dir='ltr'><strong>dominum</strong></span> <span class='ocrx_word' id='word_1_13' title='bbox 389 396 711 454; x_wconf 80' lang='lat' dir='ltr'>destituerint,</span> <span class='ocrx_word' id='word_1_14' title='bbox 746 406 794 444; x_wconf 92' lang='lat' dir='ltr'><strong>et</strong></span> <span class='ocrx_word' id='word_1_15' title='bbox 825 399 902 462; x_wconf 91' lang='lat' dir='ltr'><strong>qui</strong></span> <span class='ocrx_word' id='word_1_16' title='bbox 935 415 1038 446; x_wconf 90' lang='lat' dir='ltr'><strong>cum</strong></span> <span class='ocrx_word' id='word_1_17' title='bbox 1069 414 1128 446; x_wconf 91' lang='lat' dir='ltr'><strong>eo</strong></span> <span class='ocrx_word' id='word_1_18' title='bbox 1159 399 1423 462; x_wconf 80' lang='lat' dir='ltr'><strong>perstiterit</strong></span> <span class='ocrx_word' id='word_1_19' title='bbox 1455 408 1504 447; x_wconf 90' lang='lat' dir='ltr'><strong>et</strong></span> <span class='ocrx_word' id='word_1_20' title='bbox 1521 400 1622 463; x_wconf 89' lang='lat' dir='ltr'><strong>gla-</strong></span> 
     </span>
     <span class='ocr_line' id='line_1_4' title="bbox 0 469 1624 534; baseline -0.001 -15"><span class='ocrx_word' id='word_1_21' title='bbox 0 469 73 519; x_wconf 87' lang='lat' dir='ltr'><strong>dio</strong></span> <span class='ocrx_word' id='word_1_22' title='bbox 105 470 166 518; x_wconf 91' lang='lat' dir='ltr'><strong>sit</strong></span> <span class='ocrx_word' id='word_1_23' title='bbox 194 486 326 528; x_wconf 92' lang='lat' dir='ltr'><strong>usus,</strong></span> <span class='ocrx_word' id='word_1_24' title='bbox 358 478 433 517; x_wconf 92' lang='lat' dir='ltr'><strong>ter</strong></span> <span class='ocrx_word' id='word_1_25' title='bbox 464 470 603 516; x_wconf 87' lang='lat' dir='ltr'><strong>etiam</strong></span> <span class='ocrx_word' id='word_1_26' title='bbox 635 470 905 531; x_wconf 83' lang='lat' dir='ltr'><strong>negaverit3</strong></span> <span class='ocrx_word' id='word_1_27' title='bbox 953 486 1058 517; x_wconf 91' lang='lat' dir='ltr'><strong>nam</strong></span> <span class='ocrx_word' id='word_1_28' title='bbox 1105 478 1154 517; x_wconf 86' lang='lat' dir='ltr'><strong>et</strong></span> <span class='ocrx_word' id='word_1_29' title='bbox 1190 479 1523 534; x_wconf 82' lang='lat' dir='ltr'><strong>praecesserat</strong></span> <span class='ocrx_word' id='word_1_30' title='bbox 1553 469 1624 519; x_wconf 91' lang='lat' dir='ltr'><strong>di-</strong></span> 
     </span>
     <span class='ocr_line' id='line_1_5' title="bbox 0 540 1622 603; baseline -0.001 -13"><span class='ocrx_word' id='word_1_31' title='bbox 0 549 144 600; x_wconf 80' lang='lat' dir='ltr'><strong>ctum,</strong></span> <span class='ocrx_word' id='word_1_32' title='bbox 177 542 408 589; x_wconf 89' lang='lat' dir='ltr'><strong>neminem</strong></span> <span class='ocrx_word' id='word_1_33' title='bbox 439 540 718 587; x_wconf 90' lang='lat' dir='ltr'><strong>intentatum</strong></span> <span class='ocrx_word' id='word_1_34' title='bbox 748 556 898 603; x_wconf 88' lang='lat' dir='ltr'><strong>regna</strong></span> <span class='ocrx_word' id='word_1_35' title='bbox 924 540 1152 588; x_wconf 82' lang='lat' dir='ltr'><strong>coelestia</strong></span> <span class='ocrx_word' id='word_1_36' title='bbox 1179 550 1540 594; x_wconf 86' lang='lat' dir='ltr'><strong>consecuturum</strong></span> <span class='ocrx_word' id='word_1_37' title='bbox 1557 543 1622 602; x_wconf 87' lang='grc'><strong>1).</strong></span> 
     </span>
     <span class='ocr_line' id='line_1_6' title="bbox 0 610 1626 678; baseline 0.001 -18"><span class='ocrx_word' id='word_1_38' title='bbox 0 611 148 678; x_wconf 81' lang='lat' dir='ltr'><strong>[psum</strong></span> <span class='ocrx_word' id='word_1_39' title='bbox 180 610 415 659; x_wconf 92' lang='lat' dir='ltr'><strong>dominum</strong></span> <span class='ocrx_word' id='word_1_40' title='bbox 451 620 561 674; x_wconf 92' lang='lat' dir='ltr'><strong>post</strong></span> <span class='ocrx_word' id='word_1_41' title='bbox 606 612 842 658; x_wconf 83' lang='lat' dir='ltr'>lavacrum</span> <span class='ocrx_word' id='word_1_42' title='bbox 891 613 1045 658; x_wconf 90' lang='lat' dir='ltr'><strong>statim</strong></span> <span class='ocrx_word' id='word_1_43' title='bbox 1091 613 1379 659; x_wconf 85' lang='lat' dir='ltr'><strong>tentationes</strong></span> <span class='ocrx_word' id='word_1_44' title='bbox 1426 613 1626 661; x_wconf 88' lang='lat' dir='ltr'><strong>circum-</strong></span> 
     </span>
     <span class='ocr_line' id='line_1_7' title="bbox 0 681 1625 747; baseline -0.001 -15"><span class='ocrx_word' id='word_1_45' title='bbox 0 691 227 732; x_wconf 82' lang='lat' dir='ltr'><strong>steterunt</strong></span> <span class='ocrx_word' id='word_1_46' title='bbox 258 681 570 747; x_wconf 85' lang='lat' dir='ltr'><strong>quadraginta</strong></span> <span class='ocrx_word' id='word_1_47' title='bbox 601 681 765 729; x_wconf 88' lang='lat' dir='ltr'><strong>diebus</strong></span> <span class='ocrx_word' id='word_1_48' title='bbox 795 682 981 729; x_wconf 91' lang='lat' dir='ltr'><strong>ieiuniis</strong></span> <span class='ocrx_word' id='word_1_49' title='bbox 1011 683 1234 729; x_wconf 90' lang='lat' dir='ltr'><strong>functum.</strong></span> <span class='ocrx_word' id='word_1_50' title='bbox 1290 682 1420 746; x_wconf 88' lang='lat' dir='ltr'><strong>Ergo</strong></span> <span class='ocrx_word' id='word_1_51' title='bbox 1449 692 1498 731; x_wconf 90' lang='lat' dir='ltr'><strong>et</strong></span> <span class='ocrx_word' id='word_1_52' title='bbox 1522 701 1625 742; x_wconf 87' lang='lat' dir='ltr'><strong>nos,</strong></span> 
     </span>
     <span class='ocr_line' id='line_1_8' title="bbox 0 752 1628 819; baseline 0 -17"><span class='ocrx_word' id='word_1_53' title='bbox 0 752 125 803; x_wconf 87' lang='lat' dir='ltr'><strong>dicet</strong></span> <span class='ocrx_word' id='word_1_54' title='bbox 154 753 346 818; x_wconf 87' lang='lat' dir='ltr'><strong>aliquis,</strong></span> <span class='ocrx_word' id='word_1_55' title='bbox 393 770 422 800; x_wconf 92' lang='lat' dir='ltr'><strong>a</strong></span> <span class='ocrx_word' id='word_1_56' title='bbox 453 754 644 800; x_wconf 84' lang='lat' dir='ltr'><strong>lavacro</strong></span> <span class='ocrx_word' id='word_1_57' title='bbox 676 752 832 816; x_wconf 91' lang='lat' dir='ltr'><strong>potius</strong></span> <span class='ocrx_word' id='word_1_58' title='bbox 877 753 1088 800; x_wconf 89' lang='lat' dir='ltr'><strong>ieiunare</strong></span> <span class='ocrx_word' id='word_1_59' title='bbox 1137 762 1342 816; x_wconf 84' lang='lat' dir='ltr'><strong>oportet.</strong></span> <span class='ocrx_word' id='word_1_60' title='bbox 1418 754 1480 801; x_wconf 88' lang='lat' dir='ltr'><strong>Et</strong></span> <span class='ocrx_word' id='word_1_61' title='bbox 1526 756 1628 819; x_wconf 92' lang='lat' dir='ltr'><strong>quis</strong></span> 
     </span>
     <span class='ocr_line' id='line_1_9' title="bbox 0 822 1629 889; baseline -0.001 -16"><span class='ocrx_word' id='word_1_62' title='bbox 0 826 119 874; x_wconf 88' lang='lat' dir='ltr'><strong>enim</strong></span> <span class='ocrx_word' id='word_1_63' title='bbox 149 825 393 889; x_wconf 87' lang='lat' dir='ltr'><strong>prohibet,</strong></span> <span class='ocrx_word' id='word_1_64' title='bbox 426 824 514 870; x_wconf 92' lang='lat' dir='ltr'><strong>nisi</strong></span> <span class='ocrx_word' id='word_1_65' title='bbox 546 824 804 870; x_wconf 82' lang='lat' dir='ltr'><strong>necessitas</strong></span> <span class='ocrx_word' id='word_1_66' title='bbox 844 822 1002 886; x_wconf 87' lang='lat' dir='ltr'><strong>gaudii</strong></span> <span class='ocrx_word' id='word_1_67' title='bbox 1041 831 1089 870; x_wconf 92' lang='lat' dir='ltr'><strong>et</strong></span> <span class='ocrx_word' id='word_1_68' title='bbox 1134 825 1389 886; x_wconf 85' lang='lat' dir='ltr'><strong>gratulatio</strong></span> <span class='ocrx_word' id='word_1_69' title='bbox 1436 825 1629 873; x_wconf 80' lang='lat' dir='ltr'><strong>salutis?</strong></span> 
     </span>
     <span class='ocr_line' id='line_1_10' title="bbox 0 892 1629 960; baseline -0.001 -16"><span class='ocrx_word' id='word_1_70' title='bbox 0 894 95 944; x_wconf 86' lang='lat' dir='ltr'><strong>Sed</strong></span> <span class='ocrx_word' id='word_1_71' title='bbox 126 894 361 951; x_wconf 90' lang='lat' dir='ltr'><strong>dominus,</strong></span> <span class='ocrx_word' id='word_1_72' title='bbox 396 902 615 957; x_wconf 89' lang='lat' dir='ltr'><strong>quantum</strong></span> <span class='ocrx_word' id='word_1_73' title='bbox 647 894 886 950; x_wconf 81' lang='lat' dir='ltr'><strong>existimo,</strong></span> <span class='ocrx_word' id='word_1_74' title='bbox 928 892 986 941; x_wconf 91' lang='lat' dir='ltr'><strong>de</strong></span> <span class='ocrx_word' id='word_1_75' title='bbox 1026 894 1178 956; x_wconf 85' lang='lat' dir='ltr'><strong>figura</strong></span> <span class='ocrx_word' id='word_1_76' title='bbox 1216 894 1409 942; x_wconf 81' lang='lat' dir='ltr'><strong>Israe‘lis</strong></span> <span class='ocrx_word' id='word_1_77' title='bbox 1455 911 1629 960; x_wconf 83' lang='lat' dir='ltr'><strong>expro-</strong></span> 
     </span>
     <span class='ocr_line' id='line_1_11' title="bbox 0 964 1630 1029; baseline -0.001 -13"><span class='ocrx_word' id='word_1_78' title='bbox 0 966 259 1016; x_wconf 73' lang='lat' dir='ltr'><strong>brationem</strong></span> <span class='ocrx_word' id='word_1_79' title='bbox 290 966 338 1012; x_wconf 88' lang='lat' dir='ltr'><strong>in</strong></span> <span class='ocrx_word' id='word_1_80' title='bbox 368 965 515 1028; x_wconf 86' lang='lat' dir='ltr'><strong>ipsum</strong></span> <span class='ocrx_word' id='word_1_81' title='bbox 547 964 756 1011; x_wconf 86' lang='lat' dir='ltr'><strong>retorsit.</strong></span> <span class='ocrx_word' id='word_1_82' title='bbox 818 964 1032 1028; x_wconf 86' lang='lat' dir='ltr'><strong>Namque</strong></span> <span class='ocrx_word' id='word_1_83' title='bbox 1078 966 1276 1029; x_wconf 86' lang='lat' dir='ltr'><strong>populus</strong></span> <span class='ocrx_word' id='word_1_84' title='bbox 1315 981 1444 1014; x_wconf 87' lang='lat' dir='ltr'><strong>mare</strong></span> <span class='ocrx_word' id='word_1_85' title='bbox 1476 975 1630 1015; x_wconf 88' lang='lat' dir='ltr'><strong>trans-</strong></span> 
     </span>
     <span class='ocr_line' id='line_1_12' title="bbox 0 1034 1629 1102; baseline 0 -16"><span class='ocrx_word' id='word_1_86' title='bbox 0 1054 187 1102; x_wconf 82' lang='lat' dir='ltr'><strong>gressus</strong></span> <span class='ocrx_word' id='word_1_87' title='bbox 218 1046 267 1085; x_wconf 91' lang='lat' dir='ltr'><strong>et</strong></span> <span class='ocrx_word' id='word_1_88' title='bbox 296 1037 344 1083; x_wconf 81' lang='lat' dir='ltr'><strong>in</strong></span> <span class='ocrx_word' id='word_1_89' title='bbox 375 1034 628 1083; x_wconf 84' lang='lat' dir='ltr'><strong>solitudine</strong></span> <span class='ocrx_word' id='word_1_90' title='bbox 654 1036 928 1083; x_wconf 71' lang='lat' dir='ltr'><strong>‘translatus</strong></span> <span class='ocrx_word' id='word_1_91' title='bbox 973 1052 1060 1100; x_wconf 91' lang='lat' dir='ltr'><strong>per</strong></span> <span class='ocrx_word' id='word_1_92' title='bbox 1107 1035 1419 1100; x_wconf 81' lang='lat' dir='ltr'><strong>quadraginta</strong></span> <span class='ocrx_word' id='word_1_93' title='bbox 1464 1055 1629 1096; x_wconf 83' lang='lat' dir='ltr'><strong>annos,</strong></span> 
     </span>
     <span class='ocr_line' id='line_1_13' title="bbox 0 1106 1632 1173; baseline -0.001 -15"><span class='ocrx_word' id='word_1_94' title='bbox 0 1109 94 1158; x_wconf 86' lang='lat' dir='ltr'><strong>illic</strong></span> <span class='ocrx_word' id='word_1_95' title='bbox 126 1125 230 1156; x_wconf 91' lang='lat' dir='ltr'><strong>cum</strong></span> <span class='ocrx_word' id='word_1_96' title='bbox 261 1106 429 1155; x_wconf 89' lang='lat' dir='ltr'><strong>divinis</strong></span> <span class='ocrx_word' id='word_1_97' title='bbox 461 1107 611 1170; x_wconf 91' lang='lat' dir='ltr'><strong>copiis</strong></span> <span class='ocrx_word' id='word_1_98' title='bbox 642 1107 873 1164; x_wconf 79' lang='lat' dir='ltr'><strong>aleretur,</strong></span> <span class='ocrx_word' id='word_1_99' title='bbox 921 1107 1219 1155; x_wconf 92' lang='lat' dir='ltr'><strong>nihilominus</strong></span> <span class='ocrx_word' id='word_1_100' title='bbox 1255 1109 1435 1156; x_wconf 83' lang='lat' dir='ltr'><strong>ventris</strong></span> <span class='ocrx_word' id='word_1_101' title='bbox 1467 1118 1515 1157; x_wconf 90' lang='lat' dir='ltr'><strong>et</strong></span> <span class='ocrx_word' id='word_1_102' title='bbox 1546 1126 1632 1173; x_wconf 89' lang='lat' dir='ltr'><strong>gu-</strong></span> 
     </span>
     <span class='ocr_line' id='line_1_14' title="bbox 0 1177 1633 1244; baseline -0.001 -15"><span class='ocrx_word' id='word_1_103' title='bbox 0 1180 72 1230; x_wconf 83' lang='lat' dir='ltr'><strong>lae</strong></span> <span class='ocrx_word' id='word_1_104' title='bbox 118 1179 417 1236; x_wconf 83' lang='lat' dir='ltr'><strong>meminerat,</strong></span> <span class='ocrx_word' id='word_1_105' title='bbox 480 1195 614 1242; x_wconf 91' lang='lat' dir='ltr'><strong>quam</strong></span> <span class='ocrx_word' id='word_1_106' title='bbox 663 1177 755 1225; x_wconf 93' lang='lat' dir='ltr'><strong>dei.</strong></span> <span class='ocrx_word' id='word_1_107' title='bbox 831 1177 1013 1226; x_wconf 75' lang='lat' dir='ltr'><strong>Deinde</strong></span> <span class='ocrx_word' id='word_1_108' title='bbox 1061 1178 1273 1226; x_wconf 92' lang='lat' dir='ltr'><strong>dominus</strong></span> <span class='ocrx_word' id='word_1_109' title='bbox 1319 1188 1427 1244; x_wconf 90' lang='lat' dir='ltr'><strong>post</strong></span> <span class='ocrx_word' id='word_1_110' title='bbox 1466 1197 1633 1244; x_wconf 89' lang='lat' dir='ltr'><strong>aquam</strong></span> 
     </span>
     <span class='ocr_line' id='line_1_15' title="bbox 0 1248 1633 1316; baseline -0.004 -15"><span class='ocrx_word' id='word_1_111' title='bbox 0 1259 278 1316; x_wconf 86' lang='lat' dir='ltr'><strong>segregatus</strong></span> <span class='ocrx_word' id='word_1_112' title='bbox 309 1251 356 1297; x_wconf 92' lang='lat' dir='ltr'><strong>in</strong></span> <span class='ocrx_word' id='word_1_113' title='bbox 388 1249 604 1306; x_wconf 80' lang='lat' dir='ltr'><strong>deserte,</strong></span> <span class='ocrx_word' id='word_1_114' title='bbox 639 1248 950 1313; x_wconf 88' lang='lat' dir='ltr'><strong>quadraginta</strong></span> <span class='ocrx_word' id='word_1_115' title='bbox 982 1248 1162 1299; x_wconf 92' lang='lat' dir='ltr'><strong>dierum</strong></span> <span class='ocrx_word' id='word_1_116' title='bbox 1193 1250 1368 1298; x_wconf 88' lang='lat' dir='ltr'><strong>ieiunia</strong></span> <span class='ocrx_word' id='word_1_117' title='bbox 1399 1266 1633 1299; x_wconf 76' lang='lat' dir='ltr'><strong>emensus.</strong></span> 
     </span>
     <span class='ocr_line' id='line_1_16' title="bbox 0 1319 1634 1385; baseline -0.001 -14"><span class='ocrx_word' id='word_1_118' title='bbox 0 1321 208 1371; x_wconf 86' lang='lat' dir='ltr'><strong>ostendit</strong></span> <span class='ocrx_word' id='word_1_119' title='bbox 237 1338 333 1369; x_wconf 91' lang='lat' dir='ltr'><strong>non</strong></span> <span class='ocrx_word' id='word_1_120' title='bbox 362 1337 484 1385; x_wconf 88' lang='lat' dir='ltr'><strong>pane</strong></span> <span class='ocrx_word' id='word_1_121' title='bbox 514 1321 675 1368; x_wconf 84' lang='lat' dir='ltr'><strong>vivere</strong></span> <span class='ocrx_word' id='word_1_122' title='bbox 707 1320 942 1368; x_wconf 91' lang='lat' dir='ltr'><strong>hominem</strong></span> <span class='ocrx_word' id='word_1_123' title='bbox 975 1319 1075 1379; x_wconf 86' lang='lat' dir='ltr'><strong>dei,</strong></span> <span class='ocrx_word' id='word_1_124' title='bbox 1109 1320 1192 1368; x_wconf 91' lang='lat' dir='ltr'><strong>sed</strong></span> <span class='ocrx_word' id='word_1_125' title='bbox 1224 1320 1301 1369; x_wconf 92' lang='lat' dir='ltr'><strong>dei</strong></span> <span class='ocrx_word' id='word_1_126' title='bbox 1330 1322 1496 1380; x_wconf 88' lang='lat' dir='ltr'><strong>verbo,</strong></span> <span class='ocrx_word' id='word_1_127' title='bbox 1530 1332 1634 1370; x_wconf 91' lang='lat' dir='ltr'><strong>ten-</strong></span> 
     </span>
     <span class='ocr_line' id='line_1_17' title="bbox 0 1387 1636 1458; baseline -0.001 -16"><span class='ocrx_word' id='word_1_128' title='bbox 0 1394 298 1456; x_wconf 86' lang='lat' dir='ltr'><strong>tationesque</strong></span> <span class='ocrx_word' id='word_1_129' title='bbox 344 1387 624 1456; x_wconf 81' lang='lat' dir='ltr'><strong>plenitudini</strong></span> <span class='ocrx_word' id='word_1_130' title='bbox 671 1400 719 1438; x_wconf 89' lang='lat' dir='ltr'><strong>et</strong></span> <span class='ocrx_word' id='word_1_131' title='bbox 763 1390 1152 1439; x_wconf 87' lang='lat' dir='ltr'><strong>immoderantiae</strong></span> <span class='ocrx_word' id='word_1_132' title='bbox 1183 1394 1362 1440; x_wconf 91' lang='lat' dir='ltr'><strong>ventris</strong></span> <span class='ocrx_word' id='word_1_133' title='bbox 1394 1395 1636 1458; x_wconf 88' lang='lat' dir='ltr'><strong>appositas</strong></span> 
     </span>
     <span class='ocr_line' id='line_1_18' title="bbox 0 1461 1636 1530; baseline 0 -17"><span class='ocrx_word' id='word_1_134' title='bbox 0 1464 286 1514; x_wconf 85' lang='lat' dir='ltr'><strong>abstinentia</strong></span> <span class='ocrx_word' id='word_1_135' title='bbox 316 1461 444 1510; x_wconf 90' lang='lat' dir='ltr'><strong>elidi.</strong></span> <span class='ocrx_word' id='word_1_136' title='bbox 508 1462 656 1525; x_wconf 87' lang='lat' dir='ltr'><strong>Igitur</strong></span> <span class='ocrx_word' id='word_1_137' title='bbox 685 1461 949 1520; x_wconf 86' lang='lat' dir='ltr'><strong>benedicti,</strong></span> <span class='ocrx_word' id='word_1_138' title='bbox 1002 1479 1117 1526; x_wconf 92' lang='lat' dir='ltr'><strong>quos</strong></span> <span class='ocrx_word' id='word_1_139' title='bbox 1163 1465 1318 1526; x_wconf 87' lang='lat' dir='ltr'><strong>gratia</strong></span> <span class='ocrx_word' id='word_1_140' title='bbox 1356 1463 1433 1511; x_wconf 91' lang='lat' dir='ltr'><strong>dei</strong></span> <span class='ocrx_word' id='word_1_141' title='bbox 1466 1481 1636 1530; x_wconf 89' lang='lat' dir='ltr'><strong>exspe-</strong></span> 
     </span>
     <span class='ocr_line' id='line_1_19' title="bbox 0 1531 1638 1593; baseline -0.001 -8"><span class='ocrx_word' id='word_1_142' title='bbox 0 1543 122 1593; x_wconf 83' lang='lat' dir='ltr'><strong>ctat,</strong></span> <span class='ocrx_word' id='word_1_143' title='bbox 155 1550 259 1582; x_wconf 90' lang='lat' dir='ltr'><strong>cum</strong></span> <span class='ocrx_word' id='word_1_144' title='bbox 291 1531 350 1588; x_wconf 87' lang='lat' dir='ltr'><strong>de</strong></span> <span class='ocrx_word' id='word_1_145' title='bbox 381 1533 463 1580; x_wconf 91' lang='lat' dir='ltr'><strong>illo</strong></span> <span class='ocrx_word' id='word_1_146' title='bbox 496 1533 793 1580; x_wconf 88' lang='lat' dir='ltr'><strong>sanctissimo</strong></span> <span class='ocrx_word' id='word_1_147' title='bbox 825 1534 1019 1580; x_wconf 84' lang='lat' dir='ltr'><strong>lavacro</strong></span> <span class='ocrx_word' id='word_1_148' title='bbox 1051 1535 1158 1580; x_wconf 90' lang='lat' dir='ltr'><strong>novi</strong></span> <span class='ocrx_word' id='word_1_149' title='bbox 1184 1535 1354 1582; x_wconf 86' lang='lat' dir='ltr'><strong>natalis</strong></span> <span class='ocrx_word' id='word_1_150' title='bbox 1380 1535 1638 1583; x_wconf 86' lang='lat' dir='ltr'><strong>ascenditis</strong></span> 
     </span>
     <span class='ocr_line' id='line_1_20' title="bbox 0 1603 1637 1671; baseline -0.001 -16"><span class='ocrx_word' id='word_1_151' title='bbox 0 1615 51 1656; x_wconf 87' lang='lat' dir='ltr'><strong>et</strong></span> <span class='ocrx_word' id='word_1_152' title='bbox 79 1606 253 1671; x_wconf 88' lang='lat' dir='ltr'><strong>primas</strong></span> <span class='ocrx_word' id='word_1_153' title='bbox 283 1620 444 1652; x_wconf 90' lang='lat' dir='ltr'><strong>manus</strong></span> <span class='ocrx_word' id='word_1_154' title='bbox 475 1603 599 1668; x_wconf 91' lang='lat' dir='ltr'><strong>apud</strong></span> <span class='ocrx_word' id='word_1_155' title='bbox 630 1612 826 1652; x_wconf 90' lang='lat' dir='ltr'><strong>matrem</strong></span> <span class='ocrx_word' id='word_1_156' title='bbox 859 1621 962 1652; x_wconf 89' lang='lat' dir='ltr'><strong>cum</strong></span> <span class='ocrx_word' id='word_1_157' title='bbox 987 1605 1218 1664; x_wconf 85' lang='lat' dir='ltr'><strong>fratribus</strong></span> <span class='ocrx_word' id='word_1_158' title='bbox 1237 1607 1455 1670; x_wconf 89' lang='lat' dir='ltr'><strong>aperitis,</strong></span> <span class='ocrx_word' id='word_1_159' title='bbox 1487 1608 1637 1671; x_wconf 87' lang='lat' dir='ltr'><strong>petite</strong></span> 
     </span>
     <span class='ocr_line' id='line_1_21' title="bbox 0 1674 1639 1743; baseline -0.001 -16"><span class='ocrx_word' id='word_1_160' title='bbox 0 1676 60 1727; x_wconf 91' lang='lat' dir='ltr'><strong>de</strong></span> <span class='ocrx_word' id='word_1_161' title='bbox 91 1686 251 1743; x_wconf 88' lang='lat' dir='ltr'><strong>patre,</strong></span> <span class='ocrx_word' id='word_1_162' title='bbox 283 1675 431 1742; x_wconf 85' lang='lat' dir='ltr'><strong>petite</strong></span> <span class='ocrx_word' id='word_1_163' title='bbox 464 1674 522 1724; x_wconf 91' lang='lat' dir='ltr'><strong>de</strong></span> <span class='ocrx_word' id='word_1_164' title='bbox 555 1675 770 1733; x_wconf 87' lang='lat' dir='ltr'><strong>domino,</strong></span> <span class='ocrx_word' id='word_1_165' title='bbox 803 1676 1017 1740; x_wconf 88' lang='lat' dir='ltr'><strong>peculia,</strong></span> <span class='ocrx_word' id='word_1_166' title='bbox 1051 1678 1246 1740; x_wconf 87' lang='lat' dir='ltr'><strong>gratias,</strong></span> <span class='ocrx_word' id='word_1_167' title='bbox 1281 1676 1639 1726; x_wconf 85' lang='lat' dir='ltr'><strong>distributiones</strong></span> 
     </span>
     <span class='ocr_line' id='line_1_22' title="bbox 0 1746 1638 1814; baseline -0.002 -14"><span class='ocrx_word' id='word_1_168' title='bbox 0 1749 333 1804; x_wconf 84' lang='lat' dir='ltr'><strong>,charismatum</strong></span> <span class='ocrx_word' id='word_1_169' title='bbox 379 1747 675 1796; x_wconf 86' lang='lat' dir='ltr'><strong>subiiciente.</strong></span> <span class='ocrx_word' id='word_1_170' title='bbox 753 1746 931 1805; x_wconf 83' lang='lat' dir='ltr'><strong>Petite,</strong></span> <span class='ocrx_word' id='word_1_171' title='bbox 979 1757 1028 1795; x_wconf 91' lang='lat' dir='ltr'><strong>et</strong></span> <span class='ocrx_word' id='word_1_172' title='bbox 1072 1749 1344 1812; x_wconf 84' lang='lat' dir='ltr'><strong>accipietis,</strong></span> <span class='ocrx_word' id='word_1_173' title='bbox 1399 1750 1549 1814; x_wconf 91' lang='lat' dir='ltr'><strong>inquit</strong></span> <span class='ocrx_word' id='word_1_174' title='bbox 1572 1751 1638 1810; x_wconf 87' lang='lat'><strong>2).</strong></span> 
     </span>
     <span class='ocr_line' id='line_1_23' title="bbox 2 1818 1640 1883; baseline -0.001 -14"><span class='ocrx_word' id='word_1_175' title='bbox 2 1820 263 1881; x_wconf 78' lang='lat' dir='ltr'><strong>Quaesistis</strong></span> <span class='ocrx_word' id='word_1_176' title='bbox 294 1819 441 1877; x_wconf 88' lang='lat' dir='ltr'><strong>enim,</strong></span> <span class='ocrx_word' id='word_1_177' title='bbox 475 1828 524 1867; x_wconf 91' lang='lat' dir='ltr'><strong>et</strong></span> <span class='ocrx_word' id='word_1_178' title='bbox 553 1819 819 1878; x_wconf 81' lang='lat' dir='ltr'><strong>invenistis3</strong></span> <span class='ocrx_word' id='word_1_179' title='bbox 851 1818 1095 1883; x_wconf 84' lang='lat' dir='ltr'><strong>pulsastis,</strong></span> <span class='ocrx_word' id='word_1_180' title='bbox 1129 1828 1178 1867; x_wconf 92' lang='lat' dir='ltr'><strong>et</strong></span> <span class='ocrx_word' id='word_1_181' title='bbox 1209 1828 1420 1883; x_wconf 91' lang='lat' dir='ltr'><strong>apertum</strong></span> <span class='ocrx_word' id='word_1_182' title='bbox 1453 1830 1527 1868; x_wconf 89' lang='lat' dir='ltr'><strong>est</strong></span> <span class='ocrx_word' id='word_1_183' title='bbox 1554 1837 1640 1868; x_wconf 90' lang='lat' dir='ltr'><strong>vo·</strong></span> 
     </span>
     <span class='ocr_line' id='line_1_24' title="bbox 1 1890 1640 1955; baseline 0 -15"><span class='ocrx_word' id='word_1_184' title='bbox 1 1891 90 1949; x_wconf 73' lang='lat' dir='ltr'><strong>his.</strong></span> <span class='ocrx_word' id='word_1_185' title='bbox 149 1892 348 1940; x_wconf 88' lang='lat' dir='ltr'><strong>Tantum</strong></span> <span class='ocrx_word' id='word_1_186' title='bbox 381 1907 491 1948; x_wconf 86' lang='lat' dir='ltr'><strong>oro,</strong></span> <span class='ocrx_word' id='word_1_187' title='bbox 524 1899 597 1948; x_wconf 87' lang='lat' dir='ltr'><strong>ut,</strong></span> <span class='ocrx_word' id='word_1_188' title='bbox 631 1907 735 1938; x_wconf 88' lang='lat' dir='ltr'><strong>cum</strong></span> <span class='ocrx_word' id='word_1_189' title='bbox 765 1891 948 1953; x_wconf 87' lang='lat' dir='ltr'><strong>petitis,</strong></span> <span class='ocrx_word' id='word_1_190' title='bbox 983 1890 1124 1938; x_wconf 89' lang='lat' dir='ltr'><strong>etiam</strong></span> <span class='ocrx_word' id='word_1_191' title='bbox 1155 1890 1434 1938; x_wconf 88' lang='lat' dir='ltr'><strong>Tertulliani</strong></span> <span class='ocrx_word' id='word_1_192' title='bbox 1465 1908 1640 1955; x_wconf 88' lang='lat' dir='ltr'><strong>pecca-</strong></span> 
     </span>
     <span class='ocr_line' id='line_1_25' title="bbox 3 1962 475 2012; baseline -0.011 0"><span class='ocrx_word' id='word_1_193' title='bbox 3 1964 122 2012; x_wconf 86' lang='lat' dir='ltr'><strong>toris</strong></span> <span class='ocrx_word' id='word_1_194' title='bbox 153 1962 475 2011; x_wconf 90' lang='lat' dir='ltr'><strong>memineritis.</strong></span> 
     </span>
    </p>
   </div>
   <div class='ocr_carea' id='block_1_3' title="bbox 551 2152 1091 2175">
    <p class='ocr_par' dir='ltr' id='par_1_3' title="bbox 551 2152 1091 2175">
     <span class='ocr_line' id='line_1_26' title="bbox 551 2152 1091 2175; baseline 0.007 -3"><span class='ocrx_word' id='word_1_195' title='bbox 551 2152 1091 2175; x_wconf 51' lang='lat'><strong>*—</strong></span> 
     </span>
    </p>
   </div>
   <div class='ocr_carea' id='block_1_4' title="bbox 184 2332 1451 2535">
    <p class='ocr_par' dir='ltr' id='par_1_4' title="bbox 184 2332 1451 2535">
     <span class='ocr_line' id='line_1_27' title="bbox 767 2332 872 2381; baseline 0 0"><span class='ocrx_word' id='word_1_196' title='bbox 767 2332 872 2381; x_wconf 87' lang='lat' dir='ltr'><strong>DE</strong></span> 
     </span>
     <span class='ocr_line' id='line_1_28' title="bbox 184 2459 1451 2535; baseline 0.003 -4"><span class='ocrx_word' id='word_1_197' title='bbox 184 2459 1451 2535; x_wconf 70' lang='lat' dir='ltr'><strong>&#39;‘POENITENTIA.</strong></span> 
     </span>
    </p>
   </div>
   <div class='ocr_carea' id='block_1_5' title="bbox 694 2626 976 2633">
    <p class='ocr_par' dir='ltr' id='par_1_5' title="bbox 694 2626 976 2633">
     <span class='ocr_line' id='line_1_29' title="bbox 694 2626 976 2633; baseline 0 921"><span class='ocrx_word' id='word_1_198' title='bbox 694 2626 976 2633; x_wconf 95' lang='lat' dir='ltr'><strong> </strong></span> 
     </span>
    </p>
   </div>
   <div class='ocr_carea' id='block_1_6' title="bbox 0 2708 1645 2995">
    <p class='ocr_par' dir='ltr' id='par_1_6' title="bbox 0 2708 1645 2995">
     <span class='ocr_line' id='line_1_30' title="bbox 31 2708 1645 2787; baseline 0.001 -19"><span class='ocrx_word' id='word_1_199' title='bbox 31 2708 113 2760; x_wconf 44' lang='grc' dir='ltr'><strong>’ξῖ</strong></span> <span class='ocrx_word' id='word_1_200' title='bbox 159 2722 204 2770; x_wconf 90' lang='grc'><strong>1.</strong></span> <span class='ocrx_word' id='word_1_201' title='bbox 265 2717 610 2768; x_wconf 88' lang='lat' dir='ltr'><strong>Poenitentiam</strong></span> <span class='ocrx_word' id='word_1_202' title='bbox 655 2719 747 2767; x_wconf 89' lang='lat' dir='ltr'><strong>hoc</strong></span> <span class='ocrx_word' id='word_1_203' title='bbox 793 2735 941 2783; x_wconf 85' lang='lat' dir='ltr'><strong>genus</strong></span> <span class='ocrx_word' id='word_1_204' title='bbox 985 2719 1245 2779; x_wconf 86' lang='lat' dir='ltr'><strong>hominum,</strong></span> <span class='ocrx_word' id='word_1_205' title='bbox 1294 2718 1418 2785; x_wconf 84' lang='lat' dir='ltr'><strong>quod</strong></span> <span class='ocrx_word' id='word_1_206' title='bbox 1464 2729 1513 2769; x_wconf 90' lang='lat' dir='ltr'><strong>et</strong></span> <span class='ocrx_word' id='word_1_207' title='bbox 1556 2722 1645 2787; x_wconf 90' lang='lat' dir='ltr'><strong>ipsi</strong></span> 
     </span>
     <span class='ocr_line' id='line_1_31' title="bbox 0 2785 1645 2849; baseline 0.005 -15"><span class='ocrx_word' id='word_1_208' title='bbox 0 2785 147 2837; x_wconf 64' lang='lat' dir='ltr'><strong>nfetro</strong></span> <span class='ocrx_word' id='word_1_209' title='bbox 178 2789 368 2848; x_wconf 86' lang='lat' dir='ltr'><strong>fuimus,</strong></span> <span class='ocrx_word' id='word_1_210' title='bbox 403 2792 559 2848; x_wconf 85' lang='lat' dir='ltr'><strong>caeci,</strong></span> <span class='ocrx_word' id='word_1_211' title='bbox 594 2791 693 2838; x_wconf 92' lang='lat' dir='ltr'><strong>sine</strong></span> <span class='ocrx_word' id='word_1_212' title='bbox 726 2788 900 2838; x_wconf 91' lang='lat' dir='ltr'><strong>domini</strong></span> <span class='ocrx_word' id='word_1_213' title='bbox 932 2791 1127 2849; x_wconf 88' lang='lat' dir='ltr'><strong>lumine,</strong></span> <span class='ocrx_word' id='word_1_214' title='bbox 1174 2801 1343 2841; x_wconf 85' lang='lat' dir='ltr'><strong>natura</strong></span> <span class='ocrx_word' id='word_1_215' title='bbox 1387 2801 1521 2842; x_wconf 90' lang='lat' dir='ltr'><strong>tenus</strong></span> <span class='ocrx_word' id='word_1_216' title='bbox 1559 2810 1645 2842; x_wconf 90' lang='lat' dir='ltr'><strong>no-</strong></span> 
     </span>
     <span class='ocr_line' id='line_1_32' title="bbox 1 2860 1645 2927; baseline 0.004 -21"><span class='ocrx_word' id='word_1_217' title='bbox 1 2865 126 2908; x_wconf 70' lang='lat' dir='ltr'><strong>nrunt</strong></span> <span class='ocrx_word' id='word_1_218' title='bbox 153 2861 419 2924; x_wconf 87' lang='lat' dir='ltr'><strong>passionem</strong></span> <span class='ocrx_word' id='word_1_219' title='bbox 450 2862 591 2909; x_wconf 87' lang='lat' dir='ltr'><strong>animi</strong></span> <span class='ocrx_word' id='word_1_220' title='bbox 624 2860 853 2925; x_wconf 90' lang='lat' dir='ltr'><strong>quandam</strong></span> <span class='ocrx_word' id='word_1_221' title='bbox 885 2878 1013 2920; x_wconf 88' lang='lat' dir='ltr'><strong>esse,</strong></span> <span class='ocrx_word' id='word_1_222' title='bbox 1048 2879 1166 2927; x_wconf 87' lang='lat' dir='ltr'><strong>quae</strong></span> <span class='ocrx_word' id='word_1_223' title='bbox 1196 2865 1356 2911; x_wconf 88' lang='lat' dir='ltr'><strong>veniat</strong></span> <span class='ocrx_word' id='word_1_224' title='bbox 1379 2863 1438 2912; x_wconf 92' lang='lat' dir='ltr'><strong>de</strong></span> <span class='ocrx_word' id='word_1_225' title='bbox 1464 2864 1645 2914; x_wconf 86' lang='lat' dir='ltr'><strong>offensa</strong></span> 
     </span>
     <span class='ocr_line' id='line_1_33' title="bbox 2 2931 1645 2995; baseline 0.005 -19"><span class='ocrx_word' id='word_1_226' title='bbox 2 2931 281 2980; x_wconf 57' lang='lat' dir='ltr'><strong>‚sententiae</strong></span> <span class='ocrx_word' id='word_1_227' title='bbox 312 2933 484 2995; x_wconf 89' lang='lat' dir='ltr'><strong>prioris</strong></span> <span class='ocrx_word' id='word_1_228' title='bbox 501 2935 564 2994; x_wconf 84' lang='lat'><strong>³).</strong></span> <span class='ocrx_word' id='word_1_229' title='bbox 627 2932 847 2980; x_wconf 91' lang='lat' dir='ltr'><strong>Ceterum</strong></span> <span class='ocrx_word' id='word_1_230' title='bbox 893 2950 920 2980; x_wconf 93' lang='lat' dir='ltr'><strong>a</strong></span> <span class='ocrx_word' id='word_1_231' title='bbox 965 2934 1149 2983; x_wconf 90' lang='lat' dir='ltr'><strong>ratione</strong></span> <span class='ocrx_word' id='word_1_232' title='bbox 1195 2935 1295 2983; x_wconf 87' lang='lat' dir='ltr'><strong>eius</strong></span> <span class='ocrx_word' id='word_1_233' title='bbox 1339 2943 1515 2984; x_wconf 88' lang='lat' dir='ltr'><strong>tantum</strong></span> <span class='ocrx_word' id='word_1_234' title='bbox 1561 2937 1645 2985; x_wconf 87' lang='lat' dir='ltr'><strong>ab·</strong></span> 
     </span>
    </p>
   </div>
   <div class='ocr_carea' id='block_1_7' title="bbox 6 3131 1641 3238">
    <p class='ocr_par' dir='ltr' id='par_1_7' title="bbox 6 3131 1641 3238">
     <span class='ocr_line' id='line_1_34' title="bbox 135 3131 1641 3192; baseline 0.006 -24"><span class='ocrx_word' id='word_1_235' title='bbox 135 3131 180 3181; x_wconf 87' lang='lat'><strong>1)</strong></span> <span class='ocrx_word' id='word_1_236' title='bbox 213 3131 316 3170; x_wconf 84' lang='lat' dir='ltr'><strong>Luc.</strong></span> <span class='ocrx_word' id='word_1_237' title='bbox 335 3132 404 3182; x_wconf 80' lang='lat'><strong>22,</strong></span> <span class='ocrx_word' id='word_1_238' title='bbox 425 3132 491 3173; x_wconf 81' lang='lat'><strong>28.</strong></span> <span class='ocrx_word' id='word_1_239' title='bbox 510 3133 575 3171; x_wconf 84' lang='lat'><strong>29.</strong></span> <span class='ocrx_word' id='word_1_240' title='bbox 695 3134 739 3183; x_wconf 85' lang='lat'><strong>2)</strong></span> <span class='ocrx_word' id='word_1_241' title='bbox 771 3135 1032 3187; x_wconf 76' lang='lat' dir='ltr'><strong>Matth.7‚7.</strong></span> <span class='ocrx_word' id='word_1_242' title='bbox 1150 3134 1197 3192; x_wconf 81' lang='grc'><strong>3)</strong></span> <span class='ocrx_word' id='word_1_243' title='bbox 1231 3138 1382 3179; x_wconf 83' lang='lat' dir='ltr'><strong>Seml.:</strong></span> <span class='ocrx_word' id='word_1_244' title='bbox 1423 3140 1641 3178; x_wconf 71' lang='lat' dir='ltr'><strong>senten·</strong></span> 
     </span>
     <span class='ocr_line' id='line_1_35' title="bbox 6 3165 376 3238; baseline 0.008 -13"><span class='ocrx_word' id='word_1_245' title='bbox 6 3165 131 3227; x_wconf 46' lang='lat' dir='ltr'><strong>uffae</strong></span> <span class='ocrx_word' id='word_1_246' title='bbox 160 3188 376 3238; x_wconf 68' lang='lat' dir='ltr'><strong>peioris.</strong></span> 
     </span>
    </p>
   </div>
  </div>
 </body>
</html>
