1942 3554
148 0 215 19 „lv-K
247 18 251 23 ,
295 8 325 21 s·
358 13 361 16 .

128 23 225 59 ἐφ’

85 70 97 89 ι“
119 66 127 82 3¹
186 77 195 82 ⁴
235 96 239 99 ⁴

69 111 113 137 -‚'

77 140 96 159 T!
160 144 162 146 .

55 166 65 173 m
92 167 97 176 τ

61 183 80 209 3¹
98 196 107 198 a

62 234 71 242 η

461 173 464 181 ’
545 199 1127 242 APo‘LooE'rlcus.
1577 199 1662 250 37

44 342 340 405 dumntur,
389 343 583 393 caedem
627 344 732 391 fere
779 359 970 407 semper
1017 358 1176 390 omncs
1222 342 1504 406 ingerebant
1536 343 1658 401 fore,

35 419 95 466 suti
127 417 220 470 sub
251 416 438 464 extimis
467 414 715 473 curriculis
745 414 896 462 seculi
930 430 991 461 ex
1020 414 1146 462 omni
1179 413 1268 460 iam
1303 422 1445 477 gente
1487 422 1536 460 et
1573 430 1660 477 po-

32 487 142 537 ..nlo
174 496 224 536 et
253 487 363 535 loco
400 485 609 534 cultores
646 483 735 531 sibi
775 485 1012 548 allegeret
1044 483 1159 531 deus
1205 485 1349 543 multo
1399 483 1658 543 fideliores,

24 575 75 606 Ἰἰι
107 573 228 624 quos
260 558 455 622 gratiam
483 555 789 614 transferret,
824 564 873 603 et
902 555 1165 620 pleniorem
1199 554 1386 619 quidem
1420 555 1479 602 ob
1513 554 1658 603 disci-

34 629 184 678 »unae
213 628 444 677 auctioris
475 627 807 690 capacitatem.
828 627 874 686 1)
937 626 1278 690 [Venitigitur,
1314 627 1390 690 qui
1415 625 1474 673 ad
1500 627 1658 674 refor-

32 697 242 760 nandum
270 707 324 755 ct
350 696 697 746 illuminandam
745 713 847 746 eam
892 705 1116 744 venturus
1155 714 1182 744 a
1225 695 1315 743 deo
1355 698 1660 759 praenuntia-

42 759 436 828 mtursChristu‘s
467 767 547 816 ille
579 767 703 815 filius
735 767 850 833 dei.]
865 768 912 827 2)
991 767 1137 815 Huius
1170 768 1317 831 igitur
1347 768 1529 831 gratiae
1565 767 1659 815 dis-

32 839 326 905 ·:iplinacque
356 838 537 887 arbiter
566 847 615 886 et
644 840 891 903 magister,
927 838 1218 885 illuminator
1249 847 1390 902 atque
1425 837 1660 885 deductor

33 910 220 975 genet-is
247 910 456 968 humani,
506 909 627 958 filius
669 908 745 957 dei
783 908 1176 968 annunciabatur,
1225 924 1318 956 non
1359 908 1548 972 quidem
1596 911 1660 957 ita

35 981 238 1045 genitus,
270 989 322 1028 ut
351 979 605 1028 crubescat
635 979 694 1028 de
727 980 811 1028 filii
842 981 1030 1029 nomine
1065 988 1145 1028 aut
1177 978 1236 1028 de
1266 981 1413 1044 patris
1445 981 1653 1036 semine3

32 1066 121 1118 aaa
165 1050 225 1100 de
263 1052 443 1101 sororis
481 1052 690 1110 incest0,
738 1067 828 1099 nec
868 1051 927 1100 de
966 1060 1130 1116 stupro
1171 1051 1297 1098 filiae
1330 1060 1410 1099 aut
1442 1052 1660 1115 coniugis

30 1122 211 1172 atienae
242 1120 381 1170 deum
411 1131 593 1187 patrem
625 1139 788 1186 passus
822 1131 923 1180 est,
972 1131 1264 1187 squamatum
1297 1131 1377 1169 aut
1411 1132 1659 1170 cornutum

30 1201 109 1241 aut
136 1193 386 1257 plumatum
417 1202 697 1252 amatorem,
749 1202 829 1241 aut
866 1196 912 1241 in
953 1209 1116 1241 aurum
1164 1209 1472 1240 conversum:
1532 1193 1659 1240 Iovis

31 1262 154 1311 enim
185 1263 275 1311 ista
312 1272 420 1311 sunt
457 1265 644 1311 numina
681 1265 845 1312 vestri.
928 1264 1149 1312 Ceterum
1197 1262 1275 1310 dei
1321 1264 1442 1311 filius
1488 1264 1659 1311 nullam

31 1333 91 1382 dc
117 1332 413 1399 impudicitia
427 1336 474 1394 ³)
508 1334 652 1382 habet
681 1344 891 1393 matrem,
925 1337 1065 1382 etiam
1099 1351 1233 1399 quam
1265 1333 1456 1381 videtur
1480 1334 1659 1382 habere

18 1418 123 1452 ⁴oon
167 1414 411 1469 nupserat.
490 1403 587 1453 Sed
630 1407 760 1468 prius
806 1406 1112 1453 substantiam
1159 1404 1440 1462 edisseram,
1503 1414 1551 1453 et
1596 1407 1662 1452 ita

20 1474 286 1523 nativitatis
331 1475 531 1540 qualitas
575 1476 884 1539 intelligetur.
963 1476 1058 1523 Iam
1105 1475 1336 1523 ediximus
1383 1475 1520 1523 deum
1555 1478 1656 1524 uni-

28 1545 297 1601 versitatem
330 1545 453 1593 hanc
484 1545 643 1593 mundi
673 1546 820 1594 verbo
855 1556 904 1595 et
940 1547 1126 1594 ratione
1159 1554 1206 1595 et
1240 1547 1412 1594 virtute
1430 1547 1657 1595 molitum.

21 1614 169 1681 *Apud
195 1624 381 1665 vestros
412 1633 601 1682 quoquc
643 1618 882 1681 sapientes
928 1612 1123 1681 λόγον,
1179 1615 1228 1664 id
1273 1625 1348 1664 est
1392 1632 1660 1666 sermonem

28 1693 173 1752 aquo
199 1687 447 1746 rationem,
481 1696 667 1736 constat
697 1689 928 1737 artificem
954 1687 1107 1736 videri
1133 1688 1473 1737 universitatis.
1526 1689 1661 1737 Hunc

30 1757 152 1806 enin
178 1757 315 1806 ‘Zeno
349 1757 630 1807 determinat
668 1759 1012 1817 factitatorem,
1063 1760 1140 1823 qui
1173 1767 1345 1807 cuncta
1375 1759 1423 1806 in
1456 1758 1664 1823 disposi-

21 1827 162 1876 {tione
191 1828 493 1887 formaverit,
528 1828 728 1877 eundem
762 1839 810 1877 et
840 1831 984 1877 fatum
1016 1832 1196 1888 vocari,
1233 1838 1281 1876 et
1313 1827 1450 1877 deum
1483 1839 1532 1878 et
1562 1833 1664 1878 ani-

19 1913 151 1946 num
183 1897 333 1958 Iovis,
382 1908 431 1948 et
462 1901 796 1947 necessitatem
838 1901 1040 1947 omnium
1070 1916 1247 1948 rerum.
1328 1899 1457 1948 Haec
1493 1900 1664 1948 Clean-

22 1969 136 2017 thes
165 1969 214 2015 in
245 1969 458 2034 spiritum
491 1971 736 2034 congerit,
795 1987 930 2035 quem
961 1980 1310 2034 permeatorem
1341 1972 1664 2021 universitatis

28 2037 246 2088 affimat.
322 2039 384 2087 Et
413 2055 499 2097 nos
531 2042 671 2089 etiam
703 2043 910 2088 sermoni
950 2050 1090 2105 atque
1122 2043 1297 2089 rationi
1328 2043 1534 2106 itemque
1567 2044 1665 2090 vir-

33 2110 141 2168 tuti,
191 2124 282 2182 per
323 2126 444 2175 quae
491 2112 644 2159 omnia
690 2112 900 2161 molitum
941 2111 1077 2159 deum
1119 2111 1373 2171 ediximus,
1421 2115 1664 2178 propriam

14 2177 339 2228 >aubstautian
384 2182 599 2246 spiritum
645 2182 968 2241 inscribimus,
1018 2183 1094 2230 cui
1135 2192 1185 2231 et
1223 2200 1379 2231 sermo
1412 2185 1522 2232 insit
1552 2201 1663 2249 pro-

18 2251 285 2310 «mussanti,
334 2261 385 2300 et
413 2253 534 2300 ratio
567 2251 693 2300 adsit
726 2251 1019 2317 disponenti,
1069 2263 1116 2300 et
1155 2256 1303 2302 virtus
1343 2256 1524 2319 praesit
1554 2271 1664 2320 per-

19 2319 228 2370 ‹flcio-tt
308 2321 442 2371 Hunc
472 2339 536 2371 ex
567 2322 656 2372 deo
696 2324 930 2388 prolatum
979 2324 1249 2382 didicimus,
1300 2335 1349 2374 et
1393 2327 1662 2390 prolatione

17 2401 323 2457 figmeatum,
356 2403 406 2442 et
434 2395 616 2442 iccirco
649 2395 793 2442 filium
827 2394 903 2443 dei
936 2405 984 2444 et
1016 2394 1152 2444 deum
1185 2395 1359 2444 dictum
1393 2412 1453 2444 ex
1485 2398 1663 2444 unitate

18 2459 338 2529 *substantiam
413 2464 534 2514 Nam
582 2475 630 2514 ct
675 2466 790 2514 deus
836 2468 1047 2530 spiritus.
1129 2468 1189 2514 Et
1238 2484 1341 2514 eum
1395 2467 1554 2514 radius
1603 2484 1664 2516 ex

34 2531 137 2581 snb
179 2535 461 2600 porrigitur,
515 2538 671 2600 portio
712 2554 773 2585 ex
818 2555 1019 2598 summa3
1067 2537 1151 2585 sed
1192 2539 1263 2584 sol
1303 2538 1395 2584 erit
1425 2538 1471 2584 in
1510 2537 1660 2597 radio,

17 2603 142 2667 {quin
172 2604 288 2652 solis
311 2615 394 2654 'est
423 2606 607 2667 radius,
650 2623 738 2655 nec
771 2617 1019 2672 separatur
1049 2608 1328 2666 substantia,
1378 2607 1462 2655 sed
1495 2618 1664 2656 exten-

19 2670 173 2722 sditur.
247 2674 318 2723 Ita
348 2675 407 2726 de
439 2679 605 2742 spiritu
637 2680 849 2742 spiritus,
885 2688 934 2726 et
967 2678 1023 2726 de
1058 2679 1147 2727 deo
1183 2679 1298 2727 deus
1316 2680 1383 2740 4),
1419 2689 1469 2726 ut
1507 2680 1659 2728 lumen

76 2922 83 2926 -
156 2899 204 2948 1)
233 2900 350 2938 Itali.
367 2902 768 2943 locumemend.F1-.
786 2905 945 2951 Iunius,
981 2905 1107 2954 vulgo
1125 2906 1353 2955 scriptum:
1385 2910 1664 2947 transfer-

10 2957 135 3006 τρε,
164 2955 232 3006 pl.
265 2968 345 3004 qu.
377 2961 579 2998 obdisc.
602 2961 1138 3010 auctoris(cod.Gorz.:
1170 2964 1423 3013 altioris,
1458 2965 1548 3005 cod.
1569 2967 1663 3004 Put.

17 3003 344 3062 :thetim-is)
373 3018 763 3062 capacitatem.
884 3016 925 3066 2)
956 3019 1085 3057 Uncis
1117 3020 1285 3059 inclusa
1326 3022 1468 3059 delent
1498 3023 1587 3071 Rig.
1621 3024 1665 3060 et

14 3063 213 3123 ’ᾒῐοι-ο.
333 3070 374 3116 3)
407 3071 563 3121 Rhen.,
595 3075 710 3123 Lat„
744 3076 857 3112 Pam.
890 3078 931 3112 et
962 3076 1066 3114 Hav.
1099 3077 1159 3114 de
1192 3078 1495 3126 pudicitia,
1537 3091 1663 3126 quam

13 3123 290 3183 “meram
326 3127 513 3166 defendit
544 3130 671 3168 etiam
701 3132 856 3180 Rigalt.
974 3133 1020 3180 4)
1063 3135 1145 3171 Ita
1186 3135 1242 3172 de
1276 3136 1553 3182 sp.—-deus
1588 3136 1664 3173 de·

38 3172 137 3237 sint
164 3182 207 3220 in
239 3183 330 3222 cod.
365 3184 483 3221 Fuld.
515 3189 556 3223 et
587 3186 649 3223 ed.
680 3188 810 3225 Rhen.
