1942 3554
317 358 431 404 sitas
469 367 572 401 cum
610 354 807 400 raritate
848 353 1094 399 commissa
1130 351 1475 414 pretiositatem
1513 359 1562 398 et
1599 363 1660 398 ex
1698 366 1756 398 ea
1785 344 1942 427 libiffa⁴

316 442 421 472 nem
459 421 773 486 possidendae
811 422 1120 485 pretiositatis
1156 421 1432 468 feminarum
1478 421 1716 475 excitavit.
1806 421 1942 484 ΩΨ

315 496 354 541 si
386 492 528 540 iidem
562 493 742 555 angeli,
784 494 861 555 qui
893 501 941 539 et
971 493 1192 539 materias
1223 489 1453 538 eiusmodi
1491 499 1540 538 et
1575 490 1827 548 illecebras
1857 489 1942 762 ξ

320 244 413 289 94
646 243 729 281 DE
761 243 970 280 CULTU
1004 239 1391 278 FEMINARUM
1425 240 1538 277 LIB.
1567 240 1620 277 11.

314 572 556 619 texerunt,
579 559 706 609 'auri
754 562 862 608 diro
909 571 958 609 et
988 561 1190 626 lapidum
1221 562 1468 608 illustrium
1499 569 1548 608 et
1578 577 1746 626 operas
1777 557 1887 616 eor⁴
1939 614 1942 615 ⁷

312 632 633 690 tradiderunt,
666 641 715 680 et
745 634 836 679 iam
868 634 1015 696 ipsum
1063 631 1446 695 calliblepharum
1489 631 1808 695 vellerumque
1846 629 1918 686 ts

313 712 470 750 cturas
501 705 626 750 inter
657 711 821 750 cetera
851 701 1114 750 docuerunt
1132 704 1201 761 1),
1250 701 1458 750 damnati
1502 717 1531 749 a
1556 700 1666 748 deo
1714 710 1842 758 sunt,
1878 754 1899 766 „
1934 723 1942 747 ι

313 772 480 821 Enoch
526 774 697 820 refert:
746 772 979 837 quomodo
1011 772 1306 836 placebimus*
1330 771 1445 828 deo,
1491 770 1752 834 gaudentes
1796 771 1942 828 reb-'u

312 844 520 906 illorum,
567 844 643 906 qui
689 844 803 890 iram
850 852 903 902 et
935 842 1386 890 animadversionem
1425 840 1502 889 dei
1531 845 1942 905 provocaverunt}

310 912 449 960 Nunc
496 912 610 960 deus
655 914 746 960 ista
789 915 1113 977 prospexerit,
1161 912 1276 959 deus
1320 912 1615 977 permiserit3·
1658 912 1829 958 nullam
1874 909 1942 985 §u

312 983 564 1046 conchylio
595 992 774 1030 vestem
805 983 971 1030 Esaias
987 984 1032 1041 2)
1081 984 1318 1046 increpet,
1365 979 1531 1028 nullas'
1559 980 1739 1029 lunulas
1770 995 1942 1045 repro«,-¹

309 1053 413 1109 bet,
446 1053 618 1100 nullum
656 1054 956 1100 botronatum
994 1051 1235 1100 retundat:
1282 1061 1439 1098 tamen
1484 1067 1578 1097 non
1621 1059 1673 1097 ut
1717 1052 1942 1113 gentiles«¹

310 1124 377 1169 ita
408 1139 494 1168 nos
525 1139 708 1185 quoque
742 1124 877 1169 nobis
909 1122 1172 1177 adulemur,
1220 1122 1535 1180 institutorem
1581 1119 1718 1167 deum
1763 1121 1942 1168 solum·-

308 1191 449 1238 modo
483 1193 829 1248 existimantes,
863 1207 956 1237 non
982 1193 1122 1237 etiam
1148 1189 1465 1252 dispectorem
1489 1190 1804 1237 institutorum
1828 1205 1942 1238 sao-v·

308 1277 424 1307 rum.
489 1261 672 1318 Quanto
706 1262 827 1307 enim
859 1262 1024 1307 melius
1042 1262 1088 1319 3)
1136 1268 1185 1306 et
1215 1260 1396 1306 cautius
1427 1260 1684 1322 egerimus,
1730 1260 1768 1306 si
1791 1263 1942 1323 praes-2³

308 1347 562 1387 sumamus,
611 1332 766 1377 onmia
811 1330 998 1394 quidem
1044 1346 1071 1376 a
1112 1329 1203 1376 deo
1242 1330 1432 1392 provisa
1469 1338 1579 1377 tunc
1618 1330 1743 1377 etin
1773 1330 1942 1386 seculum

305 1402 484 1464 posita,
531 1402 599 1447 uti
644 1417 766 1447 nunc
814 1402 1059 1457 essent4),
1107 1401 1155 1446 in
1200 1399 1365 1463 quibus
1404 1398 1656 1462 disciplina
1694 1414 1942 1461 servorum!

307 1472 408 1518 eius
438 1471 744 1534 probaretur,
777 1480 828 1517 ut
856 1487 944 1534 per
974 1471 1212 1517 licentiam
1243 1468 1407 1517 utendi
1439 1471 1759 1521 continentiae
1791 1484 1942 1534 exstem,

305 1542 479 1588 rientia
522 1540 812 1605 procederet
828 1543 891 1600 5).
965 1540 1137 1588 Nonne
1182 1541 1419 1603 sapientes
1462 1540 1829 1603 patresfamiliae
1872 1538 1942 1589 dise

305 1610 535 1658 industria
567 1610 793 1674 quaedam
827 1612 974 1658 servis
1005 1612 1098 1657 suis
1131 1611 1335 1657 offerunt
1364 1618 1503 1673 atque
1542 1611 1839 1674 permittunt,
1877 1609 1942 1662 „A

306 1683 634 1744 experiantur,
676 1698 734 1727 an
766 1690 814 1728 et
846 1682 1047 1744 qualiter
1075 1682 1314 1744 permissis
1345 1689 1556 1737 utantur,
1604 1682 1644 1727 si
1672 1681 1845 1744 probe,
1892 1683 1942 1730 sd

305 1750 518 1798 modeste
535 1751 615 1811 ⁶)?
675 1752 858 1809 Quanto
905 1760 1059 1799 autem
1106 1750 1409 1807 laudabilior,
1457 1751 1534 1814 qui
1578 1750 1858 1798 abstinuerit
1885 1750 1942 1801 ini

304 1824 476 1878 totum,
511 1823 586 1885 qui
620 1822 830 1868 timuerit
860 1823 1000 1870 etiam
1031 1820 1369 1883 indulgentiam
1400 1818 1611 1867 domini?
1678 1819 1759 1867 Sic
1790 1822 1942 1883 igituz

305 1900 355 1938 et
385 1892 649 1955 apostolus:
699 1891 885 1948 Omnia,
927 1893 1098 1954 inquit,
1133 1892 1305 1949 licent,
1346 1889 1433 1939 sed
1458 1907 1554 1942 non
1585 1892 1739 1937 omnia
1769 1890 1911 1945 aedifi>
1931 1906 1942 1926 ··

305 1963 493 2022 cant7).
557 1962 740 2020 Quanto
773 1963 956 2009 facilius
981 1962 1146 2010 illicita
1173 1960 1384 2018 timebit,
1410 1962 1487 2024 qui
1510 1961 1641 2010 licita
1663 1961 1903 2014 verebitur
1931 1963 1942 2005 ἒ

449 2037 529 2081 11.
601 2032 729 2090 Quae
785 2041 941 2079 autem
984 2032 1118 2079 vobis
1165 2048 1331 2079 caussa
1376 2039 1448 2078 est
1493 2032 1776 2083 exstructius
1819 2045 1942 2095 pron-⁴

304 2100 499 2159 deunui,
549 2111 651 2149 cum'
698 2111 910 2149 remotae
957 2104 1056 2151 sitis
1103 2102 1158 2149 ab
1205 2102 1298 2159 his,
1347 2117 1464 2165 quae
1503 2102 1662 2148 talium
1699 2101 1906 2164 indigem
1931 2136 1942 2149 .

302 2170 423 2218 Nam
446 2188 544 2218 ‹nec
575 2172 749 2234 templa
795 2174 1028 2229 circuitis,
1077 2188 1165 2219 nec
1212 2172 1484 2235 spectacula
1526 2171 1794 2235 postulatis,
1840 2167 1942 2227 nei]

301 2241 451 2287 festos
482 2240 583 2287 dies
614 2242 856 2302 gentilium
889 2243 1051 2289 nostis.
1127 2241 1330 2304 Propter
1364 2242 1480 2288 istos
1518 2242 1641 2288 enim
1673 2244 1942 2291 conventu?

303 2318 354 2359 et
383 2319 587 2357 mutuum
616 2309 780 2357 videre
813 2327 868 2357 ac
898 2311 1049 2358 videri
1083 2327 1243 2358 omnes
1266 2326 1464 2374 pompae
1489 2311 1536 2357 in
1559 2310 1794 2374 publicum
1817 2327 1904 2374 pro

300 2381 537 2437 feruntur,
584 2389 636 2427 ut
681 2389 761 2427 aut
806 2381 990 2428 luxuria
1034 2382 1306 2443 negotietur
1334 2389 1414 2427 aut
1459 2379 1613 2443 gloria
1642 2381 1899 2428 insolescat

300 2448 452 2497 Vobis
483 2459 637 2497 autem
670 2451 796 2496 nulla
825 2450 1118 2514 procedendi
1151 2466 1316 2498 caussa
1345 2466 1438 2498 non
1481 2451 1677 2498 tetrica:
1726 2459 1807 2497 aut
1841 2452 1904 2498 im

299 2519 501 2567 becillus
532 2521 700 2584 aliquis
732 2536 792 2567 ex
821 2521 1045 2568 fratribus
1075 2519 1356 2579 visitandus,
1403 2529 1484 2567 aut
1527 2520 1810 2568 sacrificium
1855 2522 1902 2568 oi

300 2590 474 2647 fertur,
507 2599 588 2637 aut
618 2590 695 2637 dei
723 2591 916 2638 verbum
948 2590 1311 2638 administratur.
1388 2589 1580 2649 Quidvis
1610 2590 1787 2638 -horum
1818 2604 1910 2653 gra-

300 2661 458 2708 vitatis
491 2670 539 2708 et
569 2661 832 2708 sanctitatis
864 2662 1126 2724 negotium,
1174 2670 1223 2708 et
1268 2661 1343 2708 cui
1389 2676 1505 2725 opus
1543 2676 1637 2707 non
1675 2661 1736 2709 sit
1763 2661 1918 2711 habia

415 2885 464 2933 1)-
477 2885 576 2922 Inde
596 2887 856 2925 avv.Adeo
887 2897 988 2923 non
1019 2885 1245 2924 veritate
1277 2888 1356 2925 etc.
1384 2884 1522 2923 secuti
1546 2895 1689 2924 sumus
1706 2885 1908 2925 recensio,

299 2949 397 2977 nem
428 2941 620 2989 Rigaltii,
668 2954 795 2990 quum
830 2954 936 2989 quae
968 2953 992 2980 a
1024 2942 1176 2979 ceteris
1209 2943 1323 2981 edita
1354 2943 1454 2979 nunt
1486 2940 1668 2989 intelligi
1697 2951 1899 2989 nequeam

299 2994 439 3044 231es.
459 2998 506 3044 3,
533 2999 584 3033 18
603 3009 690 3045 sqq.
809 2996 853 3050 3)
878 2998 990 3048 Rig.:
1022 2998 1227 3037 utilius.
1344 2996 1392 3051 4)
1417 2999 1482 3035 lta
1501 3001 1618 3035 recte
1642 2997 1682 3036 h.
1707 2995 1735 3035 l.
1759 2997 1903 3037 ementi¹

298 3051 367 3090 Fr.
385 3052 552 3100 lunius3
587 3054 738 3093 ceteri:
771 3057 926 3092 esset.
1004 3075 1009 3078 -
1043 3054 1086 3102 5)
1117 3055 1207 3102 Rig.
1243 3057 1378 3092 cont.
1410 3053 1776 3102 experimenta
1806 3062 1898 3101 pro

299 3108 563 3147 cederent.
695 3110 740 3159 6)
776 3111 868 3159 Rig.
909 3110 1189 3149 moderate.
1322 3108 1368 3163 7)
1406 3110 1497 3159 Rig.
1534 3110 1834 3157 expediunt.
1865 3122 1928 3149 ὁ,

299 3165 321 3200 1
341 3165 433 3202 Cor.
453 3166 519 3214 10,
540 3165 606 3203 23.
