1942 3554
614 147 701 189 mi:
737 149 1186 191 SPEcractJm-s.
1682 149 1724 200 7

79 291 235 340 nori:
277 303 574 355 quamquam,
605 287 698 337 etsi
730 289 796 336 ita
827 298 981 347 esset,
1023 298 1116 337 tam
1149 297 1258 354 apto
1293 290 1520 350 consilio,
1568 299 1724 339 tantae

77 362 349 410 ⁸obstinatio
383 359 661 424 disciplinae
680 360 723 421 1⁷)
756 358 963 407 debebat
995 359 1285 424 obsequium.

230 436 281 483 2.
339 431 434 479 lam
465 445 581 477 vero
608 443 752 477 nemo
785 438 880 486 est,
921 431 1001 494 qui
1032 447 1125 477 non
1158 431 1248 477 hoc
1284 447 1470 495 quoque
1501 440 1725 496 praeten-

76 501 191 560 dat,
231 503 396 549 omnia
426 517 454 548 a
485 501 574 547 deo
607 500 818 547 instituta
850 509 899 548 et
930 500 1108 547 homini
1140 500 1388 559 attributa,
1431 502 1555 549 sicut
1584 518 1724 566 prae-

88 571 312 630 dicamus,
346 579 395 618 et
425 571 584 635 utique
617 570 742 618 bona
773 571 929 617 omnia
962 579 1011 618 ut
1039 570 1153 617 honi
1179 572 1414 619 auctoris:
1447 573 1571 619 inter
1602 572 1723 621 haec

85 641 304 707 deputari
344 642 569 688 universa
615 641 725 698 ista,
773 656 833 687 ex
872 640 1046 705 vquib-us
1093 641 1368 704 spectacula
1413 643 1723 701 instruuntur,

78 714 266 766 circum
281 713 326 775 ²)
370 711 504 759 ver-bi
534 712 691 775 gratia
722 719 772 757 et
802 711 988 758 leonem
1023 720 1070 759 et
1102 712 1228 759 vires
1261 713 1477 776 corporis
1504 722 1559 760 et
1589 714 1723 760 vocis

75 782 362 831 suavitates.
420 781 571 846 Igitur
601 797 754 846 neque
786 781 990 829 alienum
1022 780 1176 829 videri
1208 792 1350 846 posse
1383 798 1538 847 neque
1570 784 1725 830 inimi-

84 868 193 907 cum
225 851 326 910 dei,
375 851 501 916 quod
532 851 592 900 de
626 851 900 899 conditione
935 861 1123 899 constet
1154 854 1326 916 ipsius,
1375 869 1530 917 neque
1571 853 1725 901 culto-

76 923 218 972 ribus
251 921 328 971 dei
362 921 674 987 deputandum
690 923 757 985 ³),
807 922 933 987 quod
965 921 1041 971 dei
1075 940 1168 969 non
1207 924 1269 970 sit
1299 924 1565 984 inimicum,
1615 925 1726 988 quia

77 1000 175 1042 nec
204 993 427 1041 alienum.
502 992 647 1041 Plane
682 1001 731 1041 et
761 994 893 1056 ipsae
929 995 1280 1041 exstructiones
1313 994 1549 1052 locorum,
1599 994 1723 1059 quod

78 1080 224 1123 saxa,
257 1063 384 1128 quod
415 1073 683 1122 caementa,
718 1063 844 1128 quod
876 1080 1131 1122 marmora,
1175 1063 1301 1129 quod
1334 1065 1604 1123 columnae,
1647 1064 1723 1112 dei

77 1150 163 1183 res
194 1143 322 1194 sunt,
357 1136 435 1200 qui
468 1151 526 1182 ea
556 1133 614 1182 ad
646 1136 1002 1182 instrumentum
1032 1143 1196 1183 terrae
1229 1134 1385 1194 dedit3
1438 1135 1523 1183 sed
1553 1145 1604 1182 et
1635 1136 1723 1199 ipsi

80 1214 223 1253 actus
256 1204 342 1253 sub
376 1206 514 1253 coelo
549 1205 626 1253 dei
658 1206 1000 1269 transiguntur.
1073 1205 1220 1265 Quam
1253 1209 1441 1269 sapiens
1472 1220 1724 1270 argumen-

82 1276 231 1324 tatrix
260 1275 351 1323 sibi
387 1274 575 1323 videtur
609 1277 879 1340 ignora-ntia
912 1276 1133 1333 humana,
1180 1277 1462 1340 praesertim
1503 1293 1606 1324 cum
1639 1277 1725 1324 ali-

87 1345 203 1410 quid
249 1345 481 1394 eiusmodi
529 1345 586 1394 de
635 1345 822 1410 gaudiis
878 1355 928 1395 et
974 1345 1032 1394 de
1079 1346 1310 1394 fructibus
1364 1346 1514 1395 seculi
1561 1348 1726 1394 metuit

80 1417 322 1465 amittere.
398 1416 564 1464 Plures
596 1415 800 1481 denique
840 1417 1078 1474 invenias,
1128 1434 1243 1481 quos
1283 1419 1432 1481 magis
1463 1418 1725 1482 periculum

79 1486 362 1551 voluptatis,
395 1503 532 1551 quam
563 1488 713 1545 vitae,
746 1496 918 1535 avocet
948 1487 1005 1534 al)
1039 1488 1128 1535 hac
1161 1497 1310 1536 secta.
1371 1488 1492 1535 Nam
1525 1496 1725 1536 mortem

83 1558 228 1606 etiam
261 1558 426 1606 stultus
458 1567 509 1605 ut
540 1556 746 1606 debitam
779 1574 871 1605 non
913 1559 1204 1616 extimescit,
1253 1559 1539 1622 voluptatem
1582 1560 1724 1607 etiam

70 1627 277 1693 -sapiens
308 1637 359 1675 ut
388 1637 561 1676 tantam
595 1645 688 1676 non
721 1630 995 1685 contemnit,
1030 1646 1133 1676 cum
1166 1630 1259 1677 alia
1289 1646 1383 1676 non
1415 1631 1479 1676 sit
1508 1638 1558 1678 et
1579 1630 1722 1677 stulto

74 1707 138 1746 ‹et
166 1700 368 1763 sapienti
399 1700 524 1746 vitae
556 1701 733 1763 gratia,
776 1700 867 1746 nisi
900 1700 1134 1764 voluptas.
1213 1700 1367 1748 Nemo
1402 1710 1567 1764 negat,
1616 1701 1725 1764 quia

81 1785 226 1817 »nemo
263 1771 454 1834 ignorat
493 1769 619 1835 quod
656 1771 781 1817 ultro
823 1779 990 1817 natura
1021 1773 1262 1835 suggerit,
1311 1770 1450 1819 deum
1483 1787 1588 1819 esse
1621 1771 1725 1818 uni—

85 1840 328 1888 versitatis
375 1839 694 1897 conditorem»,
750 1857 948 1904 eamque
997 1842 1351 1888 universitatem
1397 1851 1489 1889 tam
1534 1841 1723 1899 bonam,

87 1925 226 1974 quam
269 1909 447 1959 homini
492 1912 819 1973 mancipatam.
913 1910 1008 1957 Sed
1055 1912 1165 1974 quia
1211 1928 1304 1958 non
1349 1912 1539 1974 penitus
1587 1910 1724 1959 deum

87 1989 285 2040 norunt,
331 1981 424 2028 nisi
455 1981 655 2028 naturali
687 1982 813 2037 iure,
853 1995 943 2027 non
979 1983 1120 2028 etiam
1152 1983 1395 2038 familiari,
1446 1981 1504 2030 de
1537 1982 1725 2046 longin—

81 2065 206 2114 quo,
252 2067 346 2099 non
386 2049 445 2109 de
473 2052 716 2115 proximo:
765 2067 964 2099 necesse
1005 2060 1078 2098 est
1109 2053 1354 2115 ignorent,
1396 2053 1605 2116 qualiter
1640 2051 1725 2100 ad-

0 2163 1 2179 ,
88 2121 343 2170 ministrari
388 2129 469 2168 aut
513 2121 676 2169 iubeat
720 2129 799 2169 aut
851 2121 1104 2185 prohibeat
1143 2138 1262 2186 quae
1302 2123 1524 2181 instituit,
1589 2123 1724 2170 simul

74 2189 192 2255 'quis
235 2192 298 2240 sit
341 2192 551 2240 aemulus
599 2208 660 2240 ex
705 2190 916 2250 diverso,
965 2191 1289 2241 adulterandis
1334 2193 1495 2241 usibus
1535 2192 1723 2241 divinae

44 2260 375 2322 *fienditionis
392 2263 463 2322 4),
511 2263 619 2327 quia
666 2278 819 2327 neque
866 2263 1155 2311 voluntatem
1202 2280 1357 2328 neque
1398 2263 1722 2312 adversarium

41 2390 48 2396 ,
82 2333 280 2381 noveris
319 2333 445 2391 eius,
495 2349 631 2397 quem
671 2334 822 2381 minus
865 2334 1071 2381 noveris.
1146 2334 1256 2382 Non
1296 2351 1414 2399 ergo
1447 2335 1540 2383 hoc
1572 2335 1722 2382 solum

50 2401 437 2467 despiciendum
484 2412 581 2461 est,
629 2420 658 2450 a
702 2419 793 2467 quo
834 2405 988 2451 omnia
1026 2405 1119 2451 sint
1155 2406 1391 2464 instituta,
1440 2404 1526 2453 sed
1564 2422 1591 2452 a
1629 2421 1721 2468 quo

55 2478 361 2539 ι’(ζοιινεενεει.ι
411 2473 482 2521 lta
522 2475 643 2522 enim
683 2474 950 2538 apparebit,
1000 2476 1130 2523 cuius
1169 2477 1215 2522 vi
1261 2477 1355 2524 sint
1402 2476 1637 2533 instituta,
1682 2476 1722 2523 si

198 2738 245 2788 1)
276 2738 346 2780 Sic
373 2741 535 2791 legitur
565 2741 610 2779 in
640 2742 731 2781 edd.
762 2743 983 2789 omnibus;
1024 2742 1097 2779 sed
1128 2742 1415 2784 scribendum:
1448 2748 1627 2783 tantae
1660 2745 1716 2782 ad

58 2794 503 2841 *obstinationem
533 2798 586 2846 (i.
604 2810 640 2836 e.
665 2797 974 2845 constantiam)
1020 2798 1353 2847 disciplinae.
1457 2801 1503 2849 2)
1535 2813 1720 2849 equum

54 2849 238 2900 fingat.
353 2854 399 2903 3)
429 2866 595 2902 neque
627 2855 927 2893 cultoribus
959 2855 1038 2892 dei
1070 2856 1377 2905 putandum,
1415 2857 1644 2895 Rhenanus
1677 2860 1721 2895 et

29 2906 52 2942 T·
72 2908 370 2948 sed.Paris.——
400 2921 440 2947 n.
466 2923 501 2948 c.
533 2911 614 2949 dei
646 2912 931 2958 vitandum,
965 2911 1027 2948 ed.
1050 2911 1278 2950 Franeker.
1295 2917 1339 2950 et
1355 2915 1605 2952 Semler.—
1626 2925 1717 2951 ne-

28 2958 179 3033 „gfiue
211 2966 399 3014 culpae
431 2965 794 3016 deputandum,
827 2968 1051 3016 Rigaltius.
1170 2970 1215 3018 4)
1243 2970 1611 3008 administrari
1642 2973 1717 3007 iu-

27 3019 203 3081 ξΐξςβῡαῒ
239 3033 352 3060 cum
381 3022 647 3063 instituit:
707 3024 862 3062 simul
892 3035 1021 3072 quae
1054 3024 1128 3062 vis
1162 3026 1369 3064 aemula
1400 3038 1464 3065 ex
1495 3027 1717 3064 adverso

31 3074 448 3124 &stautandin
478 3091 520 3117 u.
537 3079 574 3116 d.
592 3092 646 3130 c.,
664 3081 960 3129 Rigaltius.—-
990 3079 1144 3118 simul
1167 3094 1297 3129 quae
1322 3083 1390 3120 sit
1421 3084 1624 3121 aemula
1655 3094 1719 3123 ex

29 3122 291 3188 ἒῇἆίνοῐιο
326 3134 485 3172 adult.
518 3147 558 3172 u.
581 3136 618 3173 d.
643 3147 697 3185 c.,
731 3137 975 3174 Rhenanus.
