1942 3554
30 0 127 82 ,μζ
143 0 155 4 ,.

47 136 61 169 „⁴

612 223 696 262 DE
731 223 1063 263 BAPTISMO.
1555 224 1643 269 43

10 307 87 406 οὗ»
106 334 303 395 Paulus,
333 336 414 385 ubi
444 335 670 395 credidit,
701 338 873 385 tinctus
904 346 991 385 es't.
1058 336 1133 385 Et
1156 338 1249 386 hoc
1287 346 1362 386 est
1399 336 1522 403 quod
1561 337 1647 387 do-

9 408 178 473 ntinus
208 409 256 456 in
278 408 359 455 illa
380 407 522 472 plaga
545 407 803 456 orbationis
827 418 1162 473 praeceperat:
1195 409 1435 473 Exsurge,
1468 409 1647 469 dicens,

11 475 82 539 eset
109 479 255 527 introi
285 478 584 537 Damascum,
623 480 720 528 illic
751 479 837 527 tibi
868 479 1286 539 demonstrabitur,
1333 479 1443 545 quid
1474 480 1649 530 debeas

10 565 176 614 ,agere
193 551 265 610 ¹),
304 550 490 598 scilicet
531 551 705 613 tingui,
753 549 876 613 quod
922 551 1069 598 solum
1115 553 1160 599 ei
1205 550 1394 612 deerat3
1441 552 1650 617 alioquin

0 621 145 669 *rsatis
196 618 432 668 didicerat
480 629 620 686 atque
674 620 946 669 crediderat
989 620 1287 670 Nazarenum
1341 638 1446 672 esse
1500 622 1651 672 domi-

0 706 138 752 {llum
167 689 246 738 dei
276 691 435 738 filium.

59 818 63 822 Δ
171 765 255 812 14.
317 759 415 810 Sed
459 760 517 809 de
562 763 665 825 ipso
704 762 920 825 apostolo
965 763 1235 821 revolvunt,
1283 762 1408 827 quod
1452 763 1649 813 dixerit:

11 847 125 893 ιρριι,
153 833 277 880 enim
319 848 394 880 me
431 831 492 879 ad
527 832 851 895 tinguendum·
871 832 1083 880 Christus
1121 835 1246 881 misit
1266 836 1339 894 ²),
1381 837 1513 899 quasi
1557 836 1650 884 hoc

9 904 304 978 ῃοωοοιο
334 903 589 967 baptismus
621 902 866 950 adimatur.
929 903 1025 951 Cur
1069 905 1191 953 enim
1236 905 1376 952 tinxit
1408 904 1572 954 Gaium
1604 916 1653 954 et

10 967 243 1059 lsnflpum
274 982 324 1021 et
354 971 622 1044 Stephanae
654 972 870 1021 domum?
928 991 1225 1039 quamquam,
1273 977 1362 1023 etsi
1406 993 1500 1024 non
1546 993 1652 1026 eum

10 1047 221 1107 ufliserat
250 1036 471 1095 Christus
492 1044 552 1093 ad
582 1044 909 1108 tinguendum,
940 1055 1096 1093 tamen
1127 1047 1231 1094 aliis
1262 1048 1488 1111 apostolis
1512 1064 1654 1113 prae-

10 1124 226 1182 &eperat
253 1116 486 1180 tinguere.
545 1115 724 1164 Verum
754 1117 872 1164 haec
904 1133 990 1180 pro
1024 1116 1296 1165 conditione
1328 1127 1438 1167 tunc
1470 1127 1654 1185 tempo-

10 1188 96 1242 ιώ
124 1186 187 1236 ad
217 1186 488 1235 Corinthios
515 1188 696 1251 scripta
726 1196 856 1244 sunt,
904 1189 1120 1251 quoniam
1166 1189 1420 1238 schismata
1465 1199 1515 1238 et
1558 1190 1655 1238 dis-

10 1260 275 1308 sensiones
305 1259 430 1306 inter
458 1259 564 1310 illos
594 1258 923 1316 movebantur,
965 1258 1071 1305 dum
1109 1260 1227 1307 alius
1257 1258 1403 1309 Paulo
1443 1259 1654 1326 deputat,

25 1329 151 1384 alius
192 1327 384 1393 Apollo.
458 1328 661 1393 Propter
686 1328 829 1393 .qu0d
873 1330 1100 1393 pacificus
1143 1332 1407 1394 apostolus,
1460 1348 1520 1380 ne
1565 1332 1657 1381 sibi

26 1401 188 1456 omnia
218 1398 477 1450 defendere
507 1398 770 1458 videretur,
818 1417 911 1447 non
942 1399 1002 1448 ad
1031 1401 1336 1464 tinguendum
1366 1403 1433 1449 ait
1463 1419 1515 1451 se
1545 1405 1657 1452 mis·-

29 1482 154 1536 μοι,
185 1469 271 1518 sed
301 1470 362 1518 ad
390 1470 773 1535 praedicandum.
846 1470 968 1518 Nam
1000 1480 1049 1518 et
1077 1473 1209 1535 prius
1253 1481 1327 1520 est
1354 1473 1655 1537 praedicare,

24 1542 266 1609 posterius
295 1543 536 1605 tinguere,
582 1542 622 1588 si
659 1543 787 1606 prius
817 1541 1156 1606 praedicatum.
1217 1543 1336 1591 Puto
1367 1553 1552 1604 autem,
1600 1546 1657 1593 li-

31 1613 133 1668 nuit
159 1620 210 1661 et
237 1613 479 1677 tinguere,
512 1614 590 1660 cui
621 1612 755 1660 licuit
782 1612 1082 1676 praedicare.

32 1707 70 1733 ι
176 1687 257 1735 15.
316 1682 495 1732 Nescio
527 1685 566 1731 si
598 1682 707 1747 quid
737 1685 932 1747 amplius
958 1683 1018 1731 ad
1044 1687 1414 1734 controversiam
1437 1687 1658 1751 baptismi

23 1755 299 1831 mutilatur.
362 1753 487 1802 Sane
518 1763 752 1811 retexam,
786 1754 909 1817 quod
941 1770 1081 1818 supra
1112 1757 1269 1837 omisi,
1317 1773 1376 1805 ne
1414 1759 1658 1806 imminen-

25 1815 109 1887 ‘hs
137 1841 300 1874 sensus
327 1823 495 1873 videar
524 1823 829 1871 intercidere.
892 1824 1019 1872 Unus
1051 1827 1238 1873 omnino
1284 1827 1539 1890 baptismus
1586 1839 1660 1877 est

30 1895 171 1948 uobis
214 1905 309 1944 tam
353 1911 414 1944 ex
457 1895 633 1942 domini
678 1895 924 1958 evangelio
958 1909 1093 1959 quam
1132 1912 1192 1943 ex
1236 1898 1439 1960 apostoli
1470 1899 1658 1957 litteris,

24 1967 254 2052 {quoniam
283 1982 400 2015 unus
431 1964 643 2012 dominus
688 1974 738 2013 et
774 1982 912 2012 unum
941 1965 1218 2030 baptismum
1250 1976 1300 2015 et
1328 1984 1421 2015 una
1451 1970 1661 2017 ecclesia

31 2029 85 2088 'in
117 2037 280 2085 coelis.
343 2035 440 2084 Sed
472 2037 603 2084 circa
626 2037 897 2085 haereticos
920 2053 1033 2084 sane
1059 2037 1168 2100 quid
1194 2037 1550 2086 custodiendum
1581 2041 1658 2099 sit,

34 2106 180 2171 digne
211 2107 324 2171 quis·
342 2115 593 2166 retractet·
641 2106 701 2154 ad
745 2124 831 2154 nos
876 2109 999 2154 enim
1044 2107 1221 2156 editum
1267 2118 1353 2156 est.
1417 2076 1661 2159 Haeretici

33 2187 194 2227 autem
225 2179 396 2230 nullum
440 2178 615 2225 habent
652 2180 939 2225 consortium
970 2187 1160 2227 nostrae
1194 2179 1494 2244 disciplinae,
1543 2198 1660 2246 quos

15 2257 291 2302 „extraneos
333 2250 493 2313 utique
532 2257 745 2296 testatur
774 2250 877 2313 ipsa
921 2248 1156 2314 ademptio
1205 2253 1658 2301 communicationis.

20 2319 149 2376 &lon
179 2319 375 2368 debeo
362 2337 410 2368 in
439 2321 531 2368 illis
553 2336 880 2383 cognoscere,
929 2320 1053 2385 quod
1090 2321 1205 2369 mihi
1233 2330 1308 2369 est
1335 2332 1658 2387 praeceptum,

18 2392 162 2456 ›qnia
155 2393 271 2440 non
300 2389 424 2439 idem
456 2390 570 2439 deus
601 2400 674 2439 est
703 2391 838 2438 nobis
876 2400 926 2438 et
967 2393 1083 2450 illis,
1130 2408 1219 2440 nec
1265 2409 1382 2441 unus
1429 2394 1659 2453 Christus,

17 2459 97 2511 Μ
117 2470 192 2510 est
218 2461 366 2521 idem,
411 2461 614 2526 ideoque
646 2477 734 2510 nec
764 2462 1022 2526 baptismus
1052 2479 1192 2521 unus,
1241 2465 1349 2527 quia
1385 2481 1480 2511 non
1510 2464 1659 2524 idem3

21 2545 178 2598 ‘quem
208 2549 344 2598 quum
374 2534 464 2581 rite
494 2550 588 2580 non
619 2534 844 2590 habeant,
891 2534 990 2580 sine
1030 2532 1171 2580 dubio
1203 2549 1297 2580 non
1328 2534 1524 2592 habent,
1571 2551 1661 2584 nec

18 2604 170 2668 ΜΡξῐ
199 2605 459 2686 numerari,
500 2603 625 2668 quod
655 2620 747 2650 non
777 2603 999 2662 habetur3
1047 2605 1113 2650 ita
1158 2619 1246 2651 nec
1292 2613 1488 2668 possunt
1530 2607 1662 2654 acci-

15 2686 179 2741 mre,
213 2676 321 2739 quia
350 2691 442 2720 non
473 2675 660 2722 hahent.
738 2671 834 2720 Sed
866 2672 924 2720 de
956 2675 1046 2720 isto
1092 2675 1274 2737 plenius
1318 2676 1409 2722 iam
1447 2676 1583 2724 nobis
1613 2678 1662 2724 in

10 2741 220 2866 {graeco
251 2744 482 2808 digestum
512 2753 598 2792 est.
676 2742 832 2791 Semel
864 2759 979 2806 ergo
1012 2745 1246 2791 lavacrum
1278 2746 1468 2804 inimus,
1515 2748 1661 2796 semel

30 2812 220 2877 ‘delicta
248 2814 505 2871 diluuntur,
553 2816 660 2878 quia
704 2830 761 2861 ea
803 2815 968 2861 iterari
1013 2831 1105 2861 non
1152 2823 1356 2878 oportet.
1440 2817 1660 2866 Ceterum

9 2857 194 2943 {Israel
237 2883 435 2933 Iudaeus
487 2884 695 2948 quotidie
749 2885 894 2942 lavat,
956 2886 1064 2948 quia
1116 2884 1323 2949 quotidie
1376 2888 1660 2952 inquinatur

10 2953 183 3077 {guod
227 2970 286 3002 ne
330 2955 378 3001 in
422 2955 556 3002 nobis
603 2971 785 3018 quoque
824 2956 1143 3014 factitaretur,
1190 2966 1463 3020 propterea
1475 2959 1533 3007 de
1565 2977 1658 3007 uno

12 3047 60 3101 §1
90 3041 235 3074 vacro
268 3024 507 3073 definitum
538 3034 623 3073 est.
685 3024 817 3073 Felix
846 3041 988 3090 aqua,
1022 3042 1139 3090 quae
1170 3028 1314 3076 semel
1345 3029 1505 3089 abluit,
1540 3046 1658 3095 quae

11 3102 397 3160 W—

15 3158 70 3220 ¹133}
160 3180 206 3236 1)
236 3183 385 3231 Aeto,
404 3184 441 3219 6.
561 3183 604 3231 2)
637 3184 659 3219 1
679 3182 828 3232 Cor.1‚
848 3184 913 3219 17.
