1942 3554
378 120 467 159 nn
506 117 973 160 resa-monto
1012 116 1302 157 amman.
1453 104 1464 107 ”
1545 111 1655 174 179

5 276 178 330 ,neque
213 277 378 310 omnes
408 262 582 321 sciunt,
623 276 776 326 nequo
806 262 886 326 qni
917 261 1094 319 sciunt,
1141 269 1366 309 constare
1393 258 1655 312 confidunt.

22 334 175 386 Tanto
216 332 380 392 abest,
426 341 477 380 ut
514 334 688 380 nostris
727 332 898 380 litteris
925 339 1131 379 annuant
1161 331 1397 391 immine&
1450 330 1510 380 ad
1540 347 1656 398 quas

26 416 168 456 tono
197 404 330 454 venit
356 404 448 452 nisi
479 403 568 452 iam
603 401 913 452 Christianus.
999 401 1185 450 Novum
1226 403 1544 451 testimonium
1576 401 1660 451 ad-

28 490 181 536 voto,
211 476 307 524 ime
336 475 462 523 omni
494 472 764 522 litteratura
795 474 974 532 notius,
1011 474 1135 520 omni
1167 470 1385 522 doctrina
1419 474 1658 539 agitatius,

6 547 155 599 'cunt
168 544 381 596 editione
401 544 660 609 vulgatius,
691 552 793 591 toto
812 543 998 591 homine
1015 545 1185 602 maius,
1213 543 1259 591 id
1279 553 1350 591 est
1365 552 1515 592 totum
1535 543 1660 610 quod

26 625 102 669 est
118 614 335 666 hminis.
382 614 603 663 Consiste
628 612 674 661 in
699 613 856 662 medio
881 616 1055 672 anima,
1090 629 1173 662 seu
1198 614 1354 662 divina
1385 623 1435 663 et
1465 624 1661 663 aeterna

4 700 104 738 -ιύ
121 702 175 737 ee
189 684 442 736 secundnm
466 684 624 750 plures
641 684 962 749 pbilosophoS,
976 700 1036 732 eo
1054 686 1204 749 magis
1224 699 1316 732 non
1335 686 1578 733 mentieris
1598 686 1662 748 ι);

2 771 110 810 2*
138 757 341 806 minime
385 754 564 814 divina,
611 756 826 820 quoniam
874 755 1060 819 quidem
1092 755 1326 813 mortalis,
1373 764 1423 803 nt
1453 755 1660 819 Epicuro

3 827 354 886 molimur,
403 842 462 874 eo
501 827 651 890 magis
697 827 884 873 mentiri
916 843 1008 873 non
1042 825 1263 884 debebis,
1312 841 1396 873 seu
1427 824 1487 873 de
1521 826 1660 873 coelo

6 898 287 966 τιθίρονίε,
320 911 404 951 seu
436 896 496 946 de
522 905 649 945 terra
675 897 966 960 conciperis,
1000 913 1084 944 seu
1109 897 1339 955 numeris,
1372 911 1459 943 seu
1491 897 1662 944 atomis

6 965 352 1026 ‹meianaris,
391 982 477 1016 seu
510 983 612 1015 cum
645 982 849 1031 corpore
882 968 1077 1031 incipis,
1122 982 1204 1014 seu
1245 975 1355 1030 post
1386 982 1559 1032 eorpus
1591 968 1663 1014 in·
1736 978 1738 981 ’

5 1034 242 1099 odmen-is,
281 1038 404 1087 unde
435 1037 559 1086 unde
593 1047 641 1086 et
670 1054 858 1102 quoquo
899 1038 1038 1085 modo
1071 1038 1307 1085 hominem
1341 1039 1459 1086 facis
1491 1038 1663 1087 animal

6 1110 285 1169 ·mtona}e,
325 1123 490 1157 sensus
521 1118 572 1157 et
603 1110 831 1156 scientiae
866 1109 1238 1172 capacissimum.
1299 1107 1398 1156 Sed
1430 1125 1522 1156 non
1559 1125 1662 1157 eam

6 1191 78 1232 ιω
117 1180 330 1237 advoco,
368 1193 489 1244 quae
535 1180 711 1227 scholis
759 1180 981 1237 formata,
1030 1178 1335 1226 bibliothecis
1381 1180 1662 1238 exercitata,

30 1250 288 1302 academiis
316 1259 367 1298 et
396 1250 657 1314 porticibus
686 1248 862 1297 Atticis
893 1258 1073 1313 partam
1097 1250 1141 1311 2)
1169 1251 1449 1313 sapientiam
1485 1259 1664 1298 ructas.

27 1319 99 1371 Te
130 1321 390 1386 simplicem
420 1329 471 1367 et
499 1320 662 1367 rudem
694 1329 744 1367 et
776 1321 1028 1384 impolitam
1061 1329 1110 1369 et
1133 1319 1375 1369 idioticam
1407 1320 1663 1386 compello,

30 1392 214 1459 qualem
252 1390 428 1439 habent
466 1392 542 1455 qui
585 1400 629 1438 te
673 1391 818 1437 solam
859 1391 1056 1438 habent:
1096 1391 1221 1438 illam
1254 1391 1401 1455 ipsam
1441 1390 1501 1440 de
1534 1406 1665 1440 eom-

9 1464 158 1530 φὶω,
186 1461 249 1509 de
280 1462 443 1518 trivio,
476 1456 535 1508 de
566 1463 774 1509 textrino
806 1470 967 1508 totam.
1024 1461 1263 1526 imperitia
1294 1470 1374 1509 tua
1405 1462 1515 1510 mihi
1550 1478 1666 1527 opus

7 1541 132 1592 «οη,
156 1533 373 1598 qnoniam
399 1531 713 1596 aliquantulae
738 1533 939 1597 peritiae
965 1541 1073 1579 tuae
1098 1546 1235 1579 nemo
1261 1530 1436 1581 credit.
1479 1533 1551 1580 Ea
1582 1548 1666 1580 ex-

7 1604 242 1672 memo,
295 1616 415 1667 qnae
461 1612 616 1650 tecum
665 1604 710 1650 in
749 1603 983 1651 hominem
1024 1604 1194 1661 infers,
1235 1618 1357 1668 quae
1390 1611 1471 1651 aut
1502 1619 1564 1652 ex
1594 1611 1667 1651 te-

10 1675 233 1740 ·'netipsa
277 1682 358 1721 aut
402 1688 462 1720 ex
507 1689 787 1739 quoeunque
832 1683 1033 1722 auctore
1080 1683 1162 1722 tuo
1210 1675 1389 1722 sentire
1439 1673 1666 1722 didicisti.

34 1745 143 1796 Non
159 1761 236 1804 ee,
271 1743 395 1809 qnod
419 1745 585 1802 sciam,
621 1743 910 1803 Christiana3
948 1745 1051 1791 fieri
1078 1744 1225 1803 enim,
1257 1760 1352 1792 non
1376 1746 1507 1793 nasei
1539 1748 1667 1792 soles

37 1816 320 1866 Christiana.
379 1815 552 1862 Tamen
586 1830 708 1862 nunc
739 1830 766 1861 a
811 1823 859 1862 te
906 1816 1223 1862 testimonium
1271 1816 1485 1879 flagitant
1531 1814 1668 1862 Cbri·

33 1887 200 1945 stiani,
231 1885 292 1933 ab
328 1894 555 1933 extranea
586 1884 813 1932 adversus
862 1894 989 1942 tuos,
1029 1894 1080 1932 ut
1109 1886 1186 1933 vel
1234 1885 1318 1933 tibi
1366 1886 1667 1944 erubescant,

35 1954 163 2025 qnod
209 1970 296 2003 nos
339 1955 401 2003 eb
448 1970 505 2003 ea
550 1954 739 2003 ederint
785 1964 833 2002 et
877 1955 1130 2014 irrideant,
1162 1971 1284 2021 quae
1317 1963 1366 2004 te
1398 1973 1519 2004 nunc
1554 1970 1671 2005 con-

37 2030 183 2078 sciam
211 2025 469 2075 detineant.

166 2102 218 2151 2.
252 2096 362 2145 Non
393 2095 630 2161 placemus
664 2095 798 2144 deum
824 2096 1157 2161 praedicantes
1182 2097 1274 2145 hoc
1306 2096 1494 2146 nomine
1525 2098 1667 2146 unico

37 2170 248 2227 υὶοιω,
288 2184 315 2216 a
344 2184 439 2233 quo
470 2168 627 2215 omnia
660 2175 709 2215 et
738 2166 823 2215 sub
864 2184 955 2233 quo
996 2169 1232 2216 universa.
1324 2167 1413 2216 Die
1453 2169 1670 2216 testimo-

38 2241 189 2311 βαιῇ,
227 2239 270 2288 si
300 2240 365 2286 ita
394 2239 503 2287 scis.
579 2238 699 2286 Nam
732 2247 779 2286 te
813 2255 998 2303 quoque
1038 2239 1189 2303 palam
1223 2247 1271 2287 et
1301 2248 1401 2287 tota
1433 2239 1668 2299 libertate,

38 2323 42 2374 Ἰ
164 2324 257 2359 non
287 2310 403 2358 licet
433 2309 593 2368 nobis,
627 2307 753 2356 domi
778 2326 834 2357 ac
860 2311 978 2358 foris
1002 2309 1216 2358 audimus
1239 2310 1305 2357 ita
1328 2311 1670 2375 pronunciare:

40 2323 180 2443 aad
202 2378 554 2439 ‘deus-dederit,
597 2389 644 2428 et
669 2379 722 2428 si
751 2379 868 2428 deus
901 2381 1119 2428 voluerit.
1154 2381 1224 2429 Ea
1248 2397 1368 2429 voce
1395 2389 1443 2427 et
1467 2381 1671 2444 aliquem

44 2445 151 2508 ene
176 2450 416 2518 significas
441 2461 490 2500 et
512 2467 695 2499 omnem
731 2452 798 2497 illi
832 2452 1075 2499 confiteris
1109 2460 1415 2515 potestatem,
1448 2450 1508 2497 ad
1540 2451 1672 2499 cuius

33 2529 231 2589 §pectas
252 2523 564 2571 voluntatem:
599 2522 733 2569 simul
766 2531 814 2568 et
846 2531 1037 2569 eeteros
1069 2538 1216 2586 negas
1248 2520 1365 2568 deos
1399 2537 1530 2579 esse,
1565 2520 1672 2569 dum

35 2591 139 2642 nin
154 2594 401 2642 vocabulis
416 2608 670 2658 nuncupas,
684 2591 947 2652 Saturnum,
970 2592 1142 2652 Iovem,
1159 2590 1376 2653 Martem,
1394 2592 1671 2642 Minervam.

44 2659 165 2712 Nam
189 2663 336 2712 solum
360 2662 498 2712 deum
523 2664 794 2723 conflrmaS,
831 2680 963 2729 quem
991 2673 1167 2712 tantum
1192 2664 1328 2713 deum
1354 2667 1589 2725 nominas,
1622 2673 1674 2714 ut

44 2734 189 2783 etiam
221 2749 324 2782 cum
355 2734 461 2783 illos
492 2734 723 2783 interdum
757 2734 874 2783 deos
907 2737 1136 2800 appellas,
1179 2736 1237 2783 de
1270 2737 1426 2784 alieno
1458 2745 1508 2784 et
1537 2736 1673 2802 quasi

74 2931 94 2942 ⁸
165 2932 211 2980 1)
241 2931 382 2970 Latin.
410 2936 452 2970 et
483 2933 727 2972 Ciaconius:
758 2945 813 2971 eo
846 2934 1009 2983 magis
1040 2946 1140 2972 non
1171 2934 1473 2984 menssei-ia,
1517 2934 1673 2974 ceteri-1

48 2988 322 3029 mentiens.
380 2987 609 3037 Rigaltius:
640 2990 855 3027 mentiri
885 3002 986 3028 non
1018 2990 1232 3039 debens,
1266 2992 1418 3031 ceteri:
1449 2992 1672 3032 debebiu.

38 3038 99 3095 ἲ)
127 3041 227 3084 cod.
258 3045 412 3094 Agob.:
440 3049 599 3094 pasta.

1217 3133 1320 3181 12*
