1942 3554
309 196 396 243 58
832 194 914 233 DE
947 192 1410 232 ΡοΕΝιΤΕΝΤιΑ.

316 312 537 375 quiritur,
569 323 661 354 una
691 322 777 370 pro
811 306 1024 352 omnibus
1049 302 1370 359 desideratur,
1404 309 1453 348 et
1475 299 1663 348 tandem
1685 302 1893 350 invenitu

313 390 362 428 et
391 379 596 426 humeris
627 377 830 439 pastoris
867 376 1011 437 ipsius
1040 374 1286 431 refertur3
1332 372 1522 418 multum
1567 371 1690 418 enim
1735 371 1919 420 errand

314 450 629 497 laboraverat.
678 445 810 492 Illum
836 446 976 491 etiam
1000 445 1290 491 mitissimum
1313 451 1494 506 patrem
1519 458 1612 496 non
1617 440 1829 499 'tacebo,
1918 492 1942 505 ⁷.

311 518 561 599 prodigum
594 515 737 562 filium
768 523 978 571 revocat,
1012 522 1061 561 et
1088 522 1197 577 post
1218 514 1423 576 inopiam
1447 512 1766 575 poenitentem
1791 512 1885 560 libe

315 590 533 651 suscipit,
580 586 790 633 immolat
833 585 1026 631 vitulum
1070 584 1413 647 praeopimum,
1462 583 1676 630 convivio
1722 506 1942 773 ςιιιιᾷἱιιξ

315 676 444 706 suum
478 664 693 705 exornat.
758 654 959 714 Quidni?
1019 654 1161 702 filium
1193 655 1316 700 enim
1347 654 1614 710 invenerat,
1658 667 1798 715 quem
1829 669 1901 700 am

314 738 465 786 serat,
501 729 734 774 cariorem
766 734 1004 782 senserat,
1039 740 1174 787 quem
1206 724 1326 771 lucri
1356 724 1555 770 fecerat.
1605 722 1717 780 Quis
1747 722 1827 769 ille
1858 735 1919 771 ιισ

314 800 387 847 bis
418 795 754 859 intelligendus
785 798 950 859 pater?
981 794 1107 841 Deus
1133 795 1340 852 scilicet,
1373 802 1466 840 tam
1496 801 1635 856 pater
1664 807 1818 850 nemo,
1851 801 1942 843 tau

314 887 362 935 p:
349 885 418 916 us
449 884 602 914 nemo.
665 866 711 914 Is
742 882 858 928 ergo
891 874 962 923 te,
1010 865 1151 911 filium
1183 881 1336 921 suum,
1384 864 1474 910 etsi
1518 871 1765 926 acceptum
1793 863 1854 910 ab
1885 862 1942 911 eh

315 938 620 1004 prodegeris,
654 938 743 984 etsi
775 935 922 982 nudus
954 934 1177 991 redieriS,
1211 935 1435 997 recipiet,
1477 934 1585 998 quia
1614 931 1803 991 redisti,
1849 947 1942 980 ma*

317 1011 481 1072 gisque
515 1007 572 1054 dc
605 1023 827 1070 regressu
858 1014 962 1063 tuo,
1011 1011 1145 1068 quam
1184 1003 1242 1052 de
1280 1005 1475 1050 alterius
1506 1003 1766 1050 sobrietate
1798 1004 1942 1050 laeta-

316 1080 465 1137 bitur,
500 1075 584 1124 sed
615 1078 654 1123 si
684 1078 930 1140 poeniteat
961 1091 1021 1122 ex
1051 1076 1222 1132 animo,
1258 1075 1296 1121 si
1327 1075 1496 1120 famem
1527 1082 1651 1120 tuam
1684 1078 1787 1120 cum
1819 1081 1942 1143 satu-

317 1151 458 1197 ritate
492 1147 891 1198 mercenariorum
925 1153 1227 1208 paternorum
1261 1158 1529 1206 compareS,
1577 1143 1616 1189 si
1660 1159 1833 1206 porcos
1864 1144 1942 1190 im*

318 1217 535 1265 mundum
581 1217 819 1279 relinquas
863 1230 1032 1278 pecus,
1080 1215 1118 1260 si
1163 1221 1346 1276 patrem
1376 1220 1568 1276 repetas
1597 1213 1673 1259 vel
1705 1212 1942 1272 offensum,

319 1287 517 1350 deliqui,
565 1285 752 1344 dicens,
799 1293 959 1348 pater,
1005 1299 1095 1335 nec
1127 1282 1295 1346 dignus
1326 1298 1418 1346 ego
1450 1283 1541 1329 iam
1570 1283 1734 1330 vocari
1764 1291 1869 1330 tuus
1883 1284 1942 1343 1).

317 1358 516 1405 Tantum
547 1357 730 1403 relevat
768 1354 1006 1402 confessio
1046 1353 1352 1412 delictorum,
1393 1361 1612 1417 quantum
1643 1351 1942 1403 dissimulata?

319 1435 599 1491 exaggeimat
663 1426 914 1473 Confessio
947 1425 1069 1472 enim
1101 1425 1439 1472 satisfactionis
1465 1422 1711 1471 consilium
1736 1431 1846 1503 est,
1846 1421 1942 1493 §m

321 1499 554 1546 simulatio
589 1496 933 1543 contumaciae.

464 1572 510 1619 9.
573 1566 719 1614 Huius
743 1567 889 1629 igitur
911 1565 1234 1629 poenitentiae
1260 1562 1497 1612 secundae
1522 1572 1572 1612 et
1593 1564 1744 1621 unius,
1778 1523 1942 1628 quant}

320 1642 368 1686 in
399 1647 503 1686 arto
536 1639 777 1699 negotium
809 1645 903 1693 est,
950 1643 1080 1681 tanto
1115 1637 1366 1698 operosior
1394 1634 1613 1698 probatio
1645 1642 1746 1691 est,
1779 1643 1830 1680 ut
1858 1638 1942 1702 nQ

322 1710 424 1756 sola
456 1708 749 1755 conscientia
779 1706 1101 1769 praeferatur,
1134 1704 1219 1752 sed
1250 1706 1407 1767 aliquo
1434 1705 1581 1753 etiam
1612 1713 1722 1750 actu
1753 1698 1942 1752 admini-

323 1787 513 1827 stretur.
575 1777 620 1824 Is
651 1785 807 1833 actus,
842 1777 919 1839 qui
949 1775 1098 1837 magis
1131 1790 1308 1837 graeco
1339 1774 1572 1822 vocabulo
1597 1775 1876 1837 exprimitur
1904 1771 1942 1822 dl

322 1851 674 1912 frequentatur,
708 1846 1060 1909 exomologesis
1094 1853 1189 1903 est,
1238 1861 1328 1908 qua
1371 1843 1594 1891 delictum
1641 1843 1829 1891 domino
1868 1841 1942 1892 noi

323 1929 467 1967 strum
501 1918 802 1975 confitemur,
835 1933 929 1964 non
961 1914 1147 1980 quidem
1177 1924 1230 1962 ut
1259 1916 1451 1978 ignaro,
1498 1912 1583 1979 sed
1622 1922 1850 1977 quatenus
1879 1928 1942 1977 sp

321 1990 529 2038 tisfactio
564 1989 864 2035 confessione
889 1986 1183 2050 disponitur,
1219 1985 1518 2033 confessione
1550 1985 1844 2048 poenitentia
1872 1989 1942 2032 ns

323 2061 494 2118 scitur,
553 2059 846 2122 poenitentia
897 2056 1014 2104 deus
1066 2057 1320 2119 mitigatur.
1395 2055 1559 2118 Itaque
1605 2054 1942 2118 exomologesi

321 2127 656 2194 prosternendi
687 2137 737 2175 et
773 2125 1110 2175 humilificandi
1155 2127 1356 2173 hominis
1401 2124 1650 2206 disciplina
1696 2133 1791 2182 est,
1839 2138 1942 2181 con-

320 2201 639 2247 versationem
670 2198 918 2260 iniungens
949 2195 1306 2243 misericordiae
1338 2196 1528 2242 illicem.
1603 2193 1674 2249 De
1706 2196 1809 2259 ipso
1841 2209 1942 2259 quo·

325 2285 413 2333 que
445 2269 607 2316 habitu
639 2275 778 2331 atque
809 2268 938 2314 victu
969 2261 1159 2312 mandat
1173 2267 1220 2325 2)
1268 2281 1410 2312 sacco
1451 2273 1500 2312 et
1531 2266 1679 2312 cineri
1711 2265 1942 2313 incubare

325 2355 496 2403 corpus
543 2336 760 2384 sordibus
807 2336 1088 2393 obscurare,
1136 2336 1338 2382 animum
1374 2328 1679 2381 moeroribus
1725 2333 1942 2382 deiicere.

323 2410 404 2456 illa
436 2425 553 2472 quae
585 2407 804 2472 peccavit
834 2407 956 2453 tristi
987 2406 1273 2452 tractatione
1298 2413 1503 2462 mutare3
1537 2412 1746 2451 ceterum
1770 2410 1942 2468 pastum

324 2487 374 2526 et
388 2487 547 2543 potum
565 2494 682 2541 pura
705 2493 862 2535 nosse,
895 2493 988 2523 non
1011 2476 1189 2523 ventris
1214 2476 1415 2532 scilicet,
1447 2473 1532 2522 sed
1556 2475 1738 2525 animae
1764 2489 1942 2523 caussa:

323 2549 596 2614 plerumque
627 2564 743 2595 vero
782 2547 968 2595 ieiuniis
1012 2561 1183 2610 preces
1228 2547 1381 2603 alere,
1423 2545 1766 2608 ingemiscere,
1814 2545 1942 2598 laci-i·

324 2622 442 2667 mari
473 2627 523 2667 et
552 2620 732 2681 mugire
765 2617 866 2666 dies
898 2626 1155 2680 noctesque
1195 2615 1254 2663 ad
1294 2615 1530 2663 dominum
1569 2613 1705 2662 deum
1745 2622 1871 2662 tu'um
1886 2614 1942 2678 3)

324 2691 618 2754 presbyteris
657 2687 866 2746 advolvi,
913 2696 962 2735 et
999 2689 1182 2747 caris4)
1224 2685 1301 2733 dei
1345 2684 1694 2748 adgeniculari,
1742 2685 1942 2734 omnibu

324 2762 551 2808 fratribus
596 2761 863 2822 legationes
908 2757 1261 2822 deprecationis
1315 2769 1427 2810 suae
1480 2757 1744 2819 iniungere.
1822 2755 1942 2814 Ha‘q

274 2878 282 2881 -
327 2833 482 2878 omnia
527 2830 899 2893 exomologesis,
945 2837 998 2876 ut
1039 2829 1379 2893 poenitentiam
1425 2825 1746 2884 commendet,
1797 2829 1866 2873 ut⁴
1892 2823 1942 2875 (k

1907 2904 1931 2937 ,Ἰ

442 3012 484 3061 1)
502 3014 603 3050 Luc.
621 3015 687 3063 15,
706 3015 772 3052 21.
891 3012 937 3062 2)
952 3014 1055 3050 Voc.
1080 3011 1287 3049 mandat
1311 3012 1429 3049 deest
1445 3010 1489 3048 ἰιι
1512 3010 1575 3048 ed.
1590 3011 1621 3047 Ι.
1637 3008 1850 3057 Rhenani,
1878 2996 1942 3053 σοὶ]

327 3071 379 3108 ab
395 3080 446 3106 eo
465 3072 612 3118 postea
630 3067 817 3107 additum
833 3080 856 3106 e
874 3069 965 3107 cod.
983 3069 1107 3106 Gorz-
1225 3068 1269 3118 3)
1285 3068 1378 3118 Rig.
1402 3068 1546 3106 deum
1570 3077 1664 3105 suu
1676 3063 1732 3105 ιιι.
1826 3065 1872 3115 4)
1889 3065 1942 3104 it·

327 3125 482 3165 Pamel.
500 3127 543 3164 et
557 3126 672 3174 Rig.;
704 3126 833 3164 Rhen.
851 3127 900 3164 et
923 3125 1030 3165 aris
1055 3123 1149 3163 dei.
1919 3140 1925 3148 =
