1942 3554
564 140 1147 207 Aronocnmcns.
1598 161 1679 220 (39

45 326 190 362 arena
229 311 475 359 noxiorum
513 307 825 373 iugulatorum
866 306 1139 370 sanguinem
1182 316 1424 356 recentem
1476 307 1562 370 [de
1602 311 1674 357 iu-

23 371 156 449 ,gdlo
204 380 532 430 decurrentem
579 374 856 445 exceptum]
912 376 1050 425 avida
1102 378 1179 425 siti
1232 379 1460 426 comitiali
1506 380 1673 427 morbo

45 452 291 503 medentes
322 452 596 508 hauserunt,
642 448 721 496 ubi
754 450 891 495 sunt?
942 448 1054 496 item
1086 448 1175 507 illi,
1223 450 1302 513 qui
1335 448 1394 497 de
1424 465 1570 497 arena
1602 450 1674 498 fe-

43 525 166 574 riuis—
193 522 400 572 obsoniis
431 528 654 578 coenant,
704 520 781 583 qui
815 517 873 566 de
906 535 1046 583 aprn,
1096 520 1172 584 qui
1206 519 1265 567 de
1298 535 1441 567 cervo
1474 523 1671 584 petunt?

42 593 178 660 Aper
214 594 318 652 itte,
365 608 499 657 quem
539 591 825 648 cruentavit,
876 589 1176 637 colluctando
1216 590 1442 648 detersit3
1500 607 1672 639 cervus

44 665 127 714 ine
165 667 210 713 in
248 662 523 729 gladiatoris
563 662 792 725 sanguine
833 677 884 708 se
917 661 1128 707 iactavit.
1205 661 1423 725 Ipsorum
1455 678 1671 709 ursorum

42 735 165 784 alvei
202 741 481 800 appetuntur
519 731 809 780 cruditantes
847 729 998 779 adhuc
1039 729 1098 778 de
1136 731 1403 779 visceribus
1433 731 1666 780 humanis.

15 803 271 854 'Ructatur
295 802 493 869 proinde
532 803 590 851 ab
622 803 810 850 homine
851 818 966 849 caro
999 810 1131 865 pasta
1170 801 1230 850 de
1261 802 1471 850 homine.
1536 803 1670 850 Haec

43 877 121 942 qui
151 874 311 934 editis,
352 882 570 939 quantum
602 873 778 921 abestis
808 889 834 921 a
867 874 1097 920 conviviis
1130 872 1536 921 Christianorum?
1578 873 1670 921 Mi-

42 963 128 995 nus
156 954 310 994 autem
342 954 390 994 et
421 945 490 993 illi
521 946 722 1002 faciunt,
757 945 834 1007 qui
866 942 1061 991 libidine
1086 944 1188 992 fera
1214 945 1424 992 humanis
1447 943 1669 991 membris

41 1017 232 1076 inhiant,
265 1017 374 1082 quia
405 1017 536 1064 vivos
565 1017 765 1064 vorant?
797 1014 946 1062 minus
971 1013 1171 1062 humano
1198 1015 1426 1079 sanguine
1450 1014 1508 1062 ad
1534 1032 1669 1080 spur-

42 1084 197 1136 citiam
229 1095 584 1144 consecrantur,
617 1087 724 1151 quia
755 1086 957 1132 futurum
991 1087 1265 1150 sanguinem
1299 1085 1536 1134 lambunt?
1573 1103 1667 1133 non

42 1156 187 1206 edunt
216 1157 421 1206 infantes
451 1158 613 1222 plane,
645 1155 730 1204 sed
761 1155 910 1220 magis
941 1155 1161 1219 puberes.
1230 1155 1499 1204 Erubescat
1530 1173 1670 1204 error

42 1237 205 1276 voster
233 1227 537 1286 Christianis,
586 1228 663 1292 qui
703 1243 761 1274 ne
800 1226 1064 1273 animalium
1097 1225 1282 1290 quidem
1314 1228 1590 1290 sanguinem
1622 1229 1668 1274 in

42 1299 192 1363 epulis
225 1299 479 1347 esculentis
510 1298 756 1356 habemus,
804 1298 881 1361 qui
912 1305 1167 1360 propterea
1205 1297 1446 1344 suffocatis
1480 1314 1668 1363 quoque

42 1378 90 1417 et
120 1370 381 1417 morticinis
417 1369 725 1426 abstinemus,
772 1384 831 1415 ne
881 1384 972 1430 quo
1019 1368 1249 1430 sanguine
1298 1369 1670 1418 contaminemur

10 1439 115 1487 >vei
146 1440 270 1487 intra
298 1440 484 1487 viscera
515 1439 720 1502 sepulto.
786 1438 1000 1501 Denique
1040 1438 1165 1485 inter
1203 1447 1490 1486 tentamenta
1533 1439 1671 1487 Chri-

4 1510 291 1558 -stianorum
330 1510 516 1557 botulos
555 1511 694 1557 etiam
735 1524 906 1556 eruore
949 1507 1181 1555 distentos
1220 1507 1508 1567 admovetis,
1560 1525 1668 1557 eer-

6 1594 10 1621 2
39 1580 205 1628 tissimi
236 1580 443 1639 seilicet,
475 1580 690 1627 illicitum
723 1595 827 1627 esse
859 1595 1008 1642 penes
1040 1579 1164 1638 illos,
1197 1594 1285 1643 per
1316 1578 1442 1643 quod
1475 1579 1670 1628 exorbi-

4 1659 140 1699 ²tare
186 1666 271 1699 eos
315 1651 471 1699 vultis.
554 1651 703 1697 Porro
758 1650 894 1714 quate
949 1658 1046 1707 est,
1114 1658 1164 1696 ut
1217 1667 1333 1714 quos
1389 1652 1667 1715 sanguinem

1 1722 226 1786 *pecoris
266 1721 463 1770 horrere
511 1720 771 1779 confiditis,
827 1721 1029 1768 humano
1067 1720 1250 1768 inhiare
1293 1719 1522 1780 credatis,
1576 1722 1667 1768 nisi

3 1791 165 1840 ³forte
216 1793 479 1841 suaviorem
534 1808 637 1839 eum
685 1792 900 1854 experti?
989 1790 1136 1849 Quem
1183 1790 1369 1855 quidem
1426 1802 1474 1839 et
1517 1793 1666 1855 ipsum

2 1912 5 1913 a
39 1862 239 1927 proinde
280 1864 647 1911 examinatorem
686 1861 1058 1908 Christianorum
1098 1860 1312 1908 adhiberi
1351 1870 1402 1908 ut
1441 1862 1666 1920 foculum,

40 1941 92 1979 ut
121 1948 333 1981 acerram
368 1932 632 1998 oportebat.
708 1930 913 1979 Proinde
960 1932 1082 1978 enim
1121 1931 1438 1994 probarentur
1476 1933 1670 1997 sangui·

40 2019 144 2051 nem
191 2004 435 2051 humanum
480 2001 768 2067 appetendo,
817 2001 1203 2066 quemadmodum
1257 2003 1543 2050 sacrificium
1589 2020 1667 2050 re-

40 2073 276 2137 spuend03
327 2073 534 2138 alioquin
567 2072 766 2122 necandi
798 2074 837 2120 si
869 2082 1160 2136 gustassent,
1209 2072 1594 2137 quemadmodum
1628 2076 1665 2121 si

38 2159 132 2192 non
177 2145 572 2203 immolassent1).
648 2144 710 2191 Et
753 2145 913 2207 utique
952 2160 1043 2191 nou
1092 2143 1284 2192 deesset
1320 2144 1455 2191 vobis
1498 2146 1543 2191 in
1584 2161 1667 2191 au-

41 2212 219 2262 ditione
246 2214 560 2263 custodiarum
589 2223 636 2262 et
654 2214 950 2262 damnatione
976 2216 1165 2278 sanguis
1183 2215 1423 2263 humanus.
1457 2215 1665 2263 Proinde

41 2285 211 2334 incesti
249 2286 326 2351 qui
365 2287 535 2350 magis,
574 2301 707 2350 quam
747 2302 862 2350 quos
902 2286 1004 2349 ipse
1038 2285 1215 2350 Iupiter
1246 2285 1437 2333 docuit?
1495 2286 1666 2334 Persas

43 2359 145 2404 cum
190 2357 285 2404 suis
322 2357 545 2405 matribus
583 2357 775 2405 misceri
817 2356 999 2404 Ctesias
1038 2357 1206 2405 refert.
1288 2356 1384 2404 Sed
1426 2366 1474 2404 et
1503 2356 1668 2404 Mace-

42 2422 188 2476 {ones
234 2429 464 2492 suspecti,
515 2429 622 2492 quia
668 2444 804 2492 quum
849 2428 1045 2491 primum
1095 2426 1321 2507 Oedipum
1368 2426 1665 2490 tragoediam

42 2495 306 2575 audissent,
345 2496 555 2547 ridentes
592 2499 763 2546 incesti
795 2498 1031 2555 dolorem,
1078 2490 1270 2562 ἤλαυνε,
1319 2496 1667 2556 dicebant‚81’g

40 2563 127 2632 *31⁹
154 2568 412 2637 μητέραῖ).
489 2569 583 2617 Iam
615 2585 736 2616 nune
768 2569 1059 2631 recogitate,
1093 2577 1310 2632 quantum
1349 2568 1492 2615 liceat
1530 2584 1664 2616 erro-

43 2636 177 2685 ribus
202 2637 260 2685 ad
289 2639 468 2687 incesta
498 2638 754 2697 miscenda,
789 2637 1116 2702 suppeditante
1148 2639 1366 2685 materias
1390 2640 1666 2702 passivitate

158 2863 202 2911 1)
233 2864 302 2902 Sic
331 2866 449 2915 Her„
479 2867 662 2914 Wonw.,
695 2866 807 2914 Rig.‚
839 2866 943 2902 Hav.
969 2877 991 2902 e
1014 2866 1125 2912 MS.;
1164 2865 1261 2903 Cod.
1288 2866 1409 2903 Fuld.
1443 2867 1663 2904 necandi

44 2919 219 2968 (anel.
246 2920 420 2968 aliique:
455 2923 699 2971 negandi)
732 2923 774 2960 si
805 2934 907 2959 non
939 2924 1259 2971 gustassent,
1302 2935 1376 2970 qu.
1410 2923 1452 2960 si
1483 2924 1661 2960 immo-

43 2974 256 3014 huent.
386 2979 429 3027 2)
460 2980 506 3015 ln
531 2979 648 3017 codd.
670 2980 839 3029 μέμηνε,
860 2977 985 3027 ἔμηνε,
1007 2977 1134 3029 ἔμηνε
1157 2978 1260 3017 vel’
1244 2993 1360 3025 εμεεν
1389 2979 1480 3017 dic.
1506 2974 1562 3022 εἷς
1579 2975 1665 3029 τὴν

42 3033 227 3087 μητέρας
259 3045 452 3083 emene,
485 3035 642 3073 elline
674 3037 769 3073 dic.
804 3035 877 3072 eis
907 3039 1029 3071 tena
1065 3035 1254 3083 ligera3
1302 3036 1586 3074 G·0thof1edus
1619 3036 1664 3071 in

35 3084 116 3135 m.
134 3091 185 3128 ad
203 3094 290 3129 nat.
307 3092 335 3138 l,
357 3092 423 3127 16.
450 3086 610 3141 ἤλαυνε
639 3093 730 3129 dic.
755 3105 835 3143 την
864 3091 1050 3144 μητέρα,
1079 3095 1121 3129 et
1148 3094 1207 3130 ita
1232 3093 1348 3140 Hau,
1388 3092 1535 3140 Seml.‚
1561 3091 1666 3127 Ritt

36 3144 127 3187 891
148 3159 187 3186 ν.
207 3145 262 3192 εἰς
282 3159 363 3185 non
391 3151 454 3185 est
474 3148 706 3186 delendum.

35 3375 47 3380 -¹
66 3366 103 3385 ὲῐ

25 3451 42 3461 ·-
71 3444 93 3466 Τ

0 3450 126 3554 ff}

11 3498 16 3506 ι
98 3499 117 3508 ¹,
