<?xml version="1.0" encoding="UTF-8"?>
<!DOCTYPE html PUBLIC "-//W3C//DTD XHTML 1.0 Transitional//EN"
    "http://www.w3.org/TR/xhtml1/DTD/xhtml1-transitional.dtd">
<html xmlns="http://www.w3.org/1999/xhtml" xml:lang="en" lang="en">
 <head>
  <title>
</title>
<meta http-equiv="Content-Type" content="text/html;charset=utf-8" />
  <meta name='ocr-system' content='tesseract 3.04.00' />
  <meta name='ocr-capabilities' content='ocr_page ocr_carea ocr_par ocr_line ocrx_word'/>
</head>
<body>
  <div class='ocr_page' id='page_1' title='image "./operatert12tertuoft_0499.png"; bbox 0 0 1942 3554; ppageno 0'>
   <div class='ocr_carea' id='block_1_1' title="bbox 44 110 1678 280">
    <p class='ocr_par' dir='ltr' id='par_1_1' title="bbox 44 110 1678 280">
     <span class='ocr_line' id='line_1_1' title="bbox 49 110 69 134; baseline 0 0"><span class='ocrx_word' id='word_1_1' title='bbox 49 110 69 134; x_wconf 60' lang='lat' dir='ltr'>Q</span> 
     </span>
     <span class='ocr_line' id='line_1_2' title="bbox 44 138 87 179; baseline 0 -20"><span class='ocrx_word' id='word_1_2' title='bbox 44 138 87 179; x_wconf 54' lang='grc' dir='ltr'><strong>ἑ,</strong></span> 
     </span>
     <span class='ocr_line' id='line_1_3' title="bbox 658 219 1678 280; baseline 0.003 -20"><span class='ocrx_word' id='word_1_3' title='bbox 658 222 749 261; x_wconf 84' lang='lat' dir='ltr'><strong>DE</strong></span> <span class='ocrx_word' id='word_1_4' title='bbox 793 222 1071 262; x_wconf 73' lang='lat' dir='ltr'><strong>PALmo.</strong></span> <span class='ocrx_word' id='word_1_5' title='bbox 1560 219 1678 280; x_wconf 55' lang='grc' dir='ltr'><strong>ρετ</strong></span> 
     </span>
    </p>
   </div>
   <div class='ocr_carea' id='block_1_2' title="bbox 0 336 1676 2753">
    <p class='ocr_par' dir='ltr' id='par_1_2' title="bbox 0 332 1676 2753">
     <span class='ocr_line' id='line_1_4' title="bbox 76 336 1673 400; baseline -0.003 -10.104"><span class='ocrx_word' id='word_1_6' title='bbox 76 355 238 400; x_wconf 72' lang='lat' dir='ltr'><strong>assas3</strong></span> <span class='ocrx_word' id='word_1_7' title='bbox 275 353 358 388; x_wconf 29' lang='lat' dir='ltr'><strong>*ne</strong></span> <span class='ocrx_word' id='word_1_8' title='bbox 403 338 639 387; x_wconf 89' lang='lat' dir='ltr'><strong>cervicem</strong></span> <span class='ocrx_word' id='word_1_9' title='bbox 685 353 905 385; x_wconf 87' lang='lat' dir='ltr'><strong>enervem</strong></span> <span class='ocrx_word' id='word_1_10' title='bbox 950 338 1164 385; x_wconf 89' lang='lat' dir='ltr'><strong>inureret</strong></span> <span class='ocrx_word' id='word_1_11' title='bbox 1214 336 1358 384; x_wconf 89' lang='lat' dir='ltr'><strong>sciria</strong></span> <span class='ocrx_word' id='word_1_12' title='bbox 1374 337 1420 397; x_wconf 91' lang='lat'><strong>1)</strong></span> <span class='ocrx_word' id='word_1_13' title='bbox 1467 336 1673 397; x_wconf 89' lang='lat' dir='ltr'><strong>leonina,</strong></span> 
     </span>
     <span class='ocr_line' id='line_1_5' title="bbox 36 354 1672 474; baseline -0.002 -12"><span class='ocrx_word' id='word_1_14' title='bbox 36 354 199 474; x_wconf 53' lang='lat' dir='ltr'><strong>{intus</strong></span> <span class='ocrx_word' id='word_1_15' title='bbox 243 410 450 459; x_wconf 79' lang='lat' dir='ltr'><strong>crinibus</strong></span> <span class='ocrx_word' id='word_1_16' title='bbox 495 410 729 467; x_wconf 82' lang='lat' dir='ltr'><strong>infarsus,</strong></span> <span class='ocrx_word' id='word_1_17' title='bbox 792 410 982 471; x_wconf 85' lang='lat' dir='ltr'>genuini</span> <span class='ocrx_word' id='word_1_18' title='bbox 1027 409 1152 456; x_wconf 91' lang='lat' dir='ltr'><strong>inter</strong></span> <span class='ocrx_word' id='word_1_19' title='bbox 1195 396 1348 456; x_wconf 84' lang='lat' dir='ltr'><strong>antias</strong></span> <span class='ocrx_word' id='word_1_20' title='bbox 1393 405 1672 458; x_wconf 87' lang='lat' dir='ltr'><strong>adumbrati.</strong></span> 
     </span>
     <span class='ocr_line' id='line_1_6' title="bbox 26 479 1675 544; baseline -0.002 -12"><span class='ocrx_word' id='word_1_21' title='bbox 26 482 165 532; x_wconf 69' lang='lat' dir='ltr'><strong>&#39;ss&#39;ota</strong></span> <span class='ocrx_word' id='word_1_22' title='bbox 195 483 293 531; x_wconf 87' lang='lat' dir='ltr'><strong>oris</strong></span> <span class='ocrx_word' id='word_1_23' title='bbox 323 481 607 530; x_wconf 89' lang='lat' dir='ltr'><strong>contumelia</strong></span> <span class='ocrx_word' id='word_1_24' title='bbox 638 480 856 543; x_wconf 86' lang='lat' dir='ltr'><strong>mugiret,</strong></span> <span class='ocrx_word' id='word_1_25' title='bbox 890 481 930 527; x_wconf 92' lang='lat' dir='ltr'><strong>si</strong></span> <span class='ocrx_word' id='word_1_26' title='bbox 960 488 1145 544; x_wconf 89' lang='lat' dir='ltr'><strong>posset3</strong></span> <span class='ocrx_word' id='word_1_27' title='bbox 1185 479 1398 528; x_wconf 83' lang='lat' dir='ltr'><strong>Nemaea</strong></span> <span class='ocrx_word' id='word_1_28' title='bbox 1430 489 1587 538; x_wconf 89' lang='lat' dir='ltr'><strong>certe,</strong></span> <span class='ocrx_word' id='word_1_29' title='bbox 1634 482 1675 529; x_wconf 93' lang='lat' dir='ltr'><strong>si</strong></span> 
     </span>
     <span class='ocr_line' id='line_1_7' title="bbox 29 551 1676 620; baseline 0 -18"><span class='ocrx_word' id='word_1_30' title='bbox 29 554 145 620; x_wconf 72' lang='lat' dir='ltr'><strong>quis</strong></span> <span class='ocrx_word' id='word_1_31' title='bbox 174 554 270 602; x_wconf 87' lang='lat' dir='ltr'><strong>loci</strong></span> <span class='ocrx_word' id='word_1_32' title='bbox 302 552 493 610; x_wconf 87' lang='lat' dir='ltr'><strong>Genius,</strong></span> <span class='ocrx_word' id='word_1_33' title='bbox 526 551 819 615; x_wconf 84' lang='lat' dir='ltr'><strong>ingemebat3</strong></span> <span class='ocrx_word' id='word_1_34' title='bbox 863 559 973 598; x_wconf 92' lang='lat' dir='ltr'><strong>tunc</strong></span> <span class='ocrx_word' id='word_1_35' title='bbox 1005 552 1126 599; x_wconf 87' lang='lat' dir='ltr'><strong>enim</strong></span> <span class='ocrx_word' id='word_1_36' title='bbox 1159 567 1209 599; x_wconf 92' lang='lat' dir='ltr'><strong>se</strong></span> <span class='ocrx_word' id='word_1_37' title='bbox 1243 552 1576 617; x_wconf 84' lang='lat' dir='ltr'><strong>circumspexit</strong></span> <span class='ocrx_word' id='word_1_38' title='bbox 1606 555 1676 603; x_wconf 91' lang='lat' dir='ltr'><strong>le-</strong></span> 
     </span>
     <span class='ocr_line' id='line_1_8' title="bbox 23 619 1673 690; baseline 0 -16"><span class='ocrx_word' id='word_1_39' title='bbox 23 642 179 677; x_wconf 82' lang='lat' dir='ltr'><strong>·onem</strong></span> <span class='ocrx_word' id='word_1_40' title='bbox 209 619 519 690; x_wconf 81' lang='lat' dir='ltr'><strong>perdidisse.</strong></span> <span class='ocrx_word' id='word_1_41' title='bbox 553 623 712 683; x_wconf 87' lang='lat' dir='ltr'><strong>Qualis</strong></span> <span class='ocrx_word' id='word_1_42' title='bbox 750 623 830 670; x_wconf 90' lang='lat' dir='ltr'><strong>ille</strong></span> <span class='ocrx_word' id='word_1_43' title='bbox 864 622 1093 671; x_wconf 89' lang='lat' dir='ltr'><strong>Hercules</strong></span> <span class='ocrx_word' id='word_1_44' title='bbox 1132 623 1178 670; x_wconf 90' lang='lat' dir='ltr'><strong>in</strong></span> <span class='ocrx_word' id='word_1_45' title='bbox 1219 624 1374 674; x_wconf 86' lang='lat' dir='ltr'><strong>serico</strong></span> <span class='ocrx_word' id='word_1_46' title='bbox 1422 623 1673 690; x_wconf 84' lang='lat' dir='ltr'><strong>Omphales</strong></span> 
     </span>
     <span class='ocr_line' id='line_1_9' title="bbox 23 693 1669 761; baseline -0.001 -14"><span class='ocrx_word' id='word_1_47' title='bbox 23 696 198 756; x_wconf 51' lang='lat' dir='ltr'><strong>fuerit,</strong></span> <span class='ocrx_word' id='word_1_48' title='bbox 229 698 321 744; x_wconf 86' lang='lat' dir='ltr'><strong>iam</strong></span> <span class='ocrx_word' id='word_1_49' title='bbox 353 695 580 760; x_wconf 84' lang='lat' dir='ltr'><strong>Omphale</strong></span> <span class='ocrx_word' id='word_1_50' title='bbox 611 696 659 742; x_wconf 89' lang='lat' dir='ltr'><strong>in</strong></span> <span class='ocrx_word' id='word_1_51' title='bbox 691 694 908 743; x_wconf 89' lang='lat' dir='ltr'><strong>Herculis</strong></span> <span class='ocrx_word' id='word_1_52' title='bbox 938 702 1101 742; x_wconf 89' lang='lat' dir='ltr'><strong>scorto</strong></span> <span class='ocrx_word' id='word_1_53' title='bbox 1133 693 1379 758; x_wconf 89' lang='lat' dir='ltr'><strong>designata</strong></span> <span class='ocrx_word' id='word_1_54' title='bbox 1403 694 1669 761; x_wconf 84' lang='lat' dir='ltr'><strong>descripsit.</strong></span> 
     </span>
     <span class='ocr_line' id='line_1_10' title="bbox 35 765 1670 833; baseline 0 -16"><span class='ocrx_word' id='word_1_55' title='bbox 35 765 137 817; x_wconf 86' lang='lat' dir='ltr'><strong>Sed</strong></span> <span class='ocrx_word' id='word_1_56' title='bbox 174 776 227 816; x_wconf 78' lang='lat' dir='ltr'><strong>et</strong></span> <span class='ocrx_word' id='word_1_57' title='bbox 263 769 341 833; x_wconf 87' lang='lat' dir='ltr'><strong>qui</strong></span> <span class='ocrx_word' id='word_1_58' title='bbox 378 775 488 816; x_wconf 85' lang='lat' dir='ltr'><strong>ante</strong></span> <span class='ocrx_word' id='word_1_59' title='bbox 518 766 814 832; x_wconf 75' lang='lat' dir='ltr'><strong>Tyrinthium</strong></span> <span class='ocrx_word' id='word_1_60' title='bbox 845 774 1140 823; x_wconf 81' lang='lat' dir='ltr'><strong>accesserat,</strong></span> <span class='ocrx_word' id='word_1_61' title='bbox 1178 767 1308 831; x_wconf 88' lang='lat' dir='ltr'><strong>pugil</strong></span> <span class='ocrx_word' id='word_1_62' title='bbox 1342 766 1670 827; x_wconf 88' lang='lat' dir='ltr'><strong>Cleomachus,</strong></span> 
     </span>
     <span class='ocr_line' id='line_1_11' title="bbox 33 835 1668 905; baseline 0.001 -19"><span class='ocrx_word' id='word_1_63' title='bbox 33 847 146 905; x_wconf 80' lang='lat' dir='ltr'><strong>post</strong></span> <span class='ocrx_word' id='word_1_64' title='bbox 176 838 423 904; x_wconf 85' lang='lat' dir='ltr'><strong>Olympiae</strong></span> <span class='ocrx_word' id='word_1_65' title='bbox 455 854 558 886; x_wconf 92' lang='lat' dir='ltr'><strong>cum</strong></span> <span class='ocrx_word' id='word_1_66' title='bbox 597 836 866 886; x_wconf 87' lang='lat' dir='ltr'><strong>incredibili</strong></span> <span class='ocrx_word' id='word_1_67' title='bbox 897 845 1074 890; x_wconf 85' lang='lat' dir='ltr'><strong>mutatu</strong></span> <span class='ocrx_word' id='word_1_68' title='bbox 1105 835 1164 884; x_wconf 91' lang='lat' dir='ltr'><strong>de</strong></span> <span class='ocrx_word' id='word_1_69' title='bbox 1196 839 1403 885; x_wconf 86' lang='lat' dir='ltr'><strong>masculo</strong></span> <span class='ocrx_word' id='word_1_70' title='bbox 1441 839 1668 898; x_wconf 84' lang='lat' dir='ltr'><strong>fluxisset,</strong></span> 
     </span>
     <span class='ocr_line' id='line_1_12' title="bbox 34 908 1670 966; baseline 0 -7"><span class='ocrx_word' id='word_1_71' title='bbox 34 911 164 959; x_wconf 84' lang='lat' dir='ltr'><strong>inter</strong></span> <span class='ocrx_word' id='word_1_72' title='bbox 191 919 347 959; x_wconf 89' lang='lat' dir='ltr'><strong>cutem</strong></span> <span class='ocrx_word' id='word_1_73' title='bbox 379 925 546 959; x_wconf 88' lang='lat' dir='ltr'><strong>caesus</strong></span> <span class='ocrx_word' id='word_1_74' title='bbox 576 917 627 958; x_wconf 88' lang='lat' dir='ltr'><strong>et</strong></span> <span class='ocrx_word' id='word_1_75' title='bbox 655 910 793 966; x_wconf 85' lang='lat' dir='ltr'><strong>ultra,</strong></span> <span class='ocrx_word' id='word_1_76' title='bbox 825 909 950 955; x_wconf 88' lang='lat' dir='ltr'><strong>inter</strong></span> <span class='ocrx_word' id='word_1_77' title='bbox 979 908 1181 956; x_wconf 89' lang='lat' dir='ltr'><strong>fullones</strong></span> <span class='ocrx_word' id='word_1_78' title='bbox 1211 909 1302 956; x_wconf 89' lang='lat' dir='ltr'><strong>iam</strong></span> <span class='ocrx_word' id='word_1_79' title='bbox 1319 908 1562 958; x_wconf 88' lang='lat' dir='ltr'><strong>Novianos</strong></span> <span class='ocrx_word' id='word_1_80' title='bbox 1587 928 1670 959; x_wconf 90' lang='lat' dir='ltr'><strong>co-</strong></span> 
     </span>
     <span class='ocr_line' id='line_1_13' title="bbox 15 973 1670 1045; baseline -0.001 -14"><span class='ocrx_word' id='word_1_81' title='bbox 15 979 299 1040; x_wconf 62' lang='lat' dir='ltr'><strong>winandus,</strong></span> <span class='ocrx_word' id='word_1_82' title='bbox 343 982 606 1045; x_wconf 85' lang='lat' dir='ltr'><strong>meritoque</strong></span> <span class='ocrx_word' id='word_1_83' title='bbox 650 979 975 1044; x_wconf 83' lang='lat' dir='ltr'><strong>mimographo</strong></span> <span class='ocrx_word' id='word_1_84' title='bbox 1013 973 1215 1027; x_wconf 90' lang='lat' dir='ltr'><strong>Lentulo</strong></span> <span class='ocrx_word' id='word_1_85' title='bbox 1260 980 1308 1026; x_wconf 90' lang='lat' dir='ltr'><strong>in</strong></span> <span class='ocrx_word' id='word_1_86' title='bbox 1340 980 1670 1030; x_wconf 83' lang='lat' dir='ltr'><strong>Catinensibus</strong></span> 
     </span>
     <span class='ocr_line' id='line_1_14' title="bbox 14 1051 1668 1117; baseline 0 -16"><span class='ocrx_word' id='word_1_87' title='bbox 14 1051 459 1112; x_wconf 57' lang='lat' dir='ltr'><strong>&#39;commemoratus3</strong></span> <span class='ocrx_word' id='word_1_88' title='bbox 491 1052 652 1117; x_wconf 83' lang='lat' dir='ltr'><strong>utique</strong></span> <span class='ocrx_word' id='word_1_89' title='bbox 683 1052 807 1100; x_wconf 88' lang='lat' dir='ltr'><strong>sicut</strong></span> <span class='ocrx_word' id='word_1_90' title='bbox 834 1051 1037 1114; x_wconf 84' lang='lat' dir='ltr'><strong>vestigia</strong></span> <span class='ocrx_word' id='word_1_91' title='bbox 1076 1059 1316 1099; x_wconf 87' lang='lat' dir='ltr'><strong>caestuum</strong></span> <span class='ocrx_word' id='word_1_92' title='bbox 1355 1052 1487 1099; x_wconf 89' lang='lat' dir='ltr'><strong>viriis</strong></span> <span class='ocrx_word' id='word_1_93' title='bbox 1502 1054 1551 1113; x_wconf 73' lang='grc'><strong>2)</strong></span> <span class='ocrx_word' id='word_1_94' title='bbox 1584 1070 1668 1101; x_wconf 88' lang='lat' dir='ltr'><strong>oc-</strong></span> 
     </span>
     <span class='ocr_line' id='line_1_15' title="bbox 34 1121 1668 1189; baseline 0 -16"><span class='ocrx_word' id='word_1_95' title='bbox 34 1126 246 1189; x_wconf 84' lang='lat' dir='ltr'><strong>cupavit,</strong></span> <span class='ocrx_word' id='word_1_96' title='bbox 275 1126 344 1172; x_wconf 77' lang='lat' dir='ltr'><strong>&#39;ita</strong></span> <span class='ocrx_word' id='word_1_97' title='bbox 382 1133 433 1172; x_wconf 86' lang='lat' dir='ltr'><strong>et</strong></span> <span class='ocrx_word' id='word_1_98' title='bbox 461 1121 752 1172; x_wconf 90' lang='lat' dir='ltr'><strong>endromidis</strong></span> <span class='ocrx_word' id='word_1_99' title='bbox 784 1122 998 1170; x_wconf 88' lang='lat' dir='ltr'><strong>solocem</strong></span> <span class='ocrx_word' id='word_1_100' title='bbox 1030 1122 1186 1186; x_wconf 90' lang='lat' dir='ltr'><strong>aliqua</strong></span> <span class='ocrx_word' id='word_1_101' title='bbox 1215 1123 1426 1170; x_wconf 87' lang='lat' dir='ltr'><strong>multicia</strong></span> <span class='ocrx_word' id='word_1_102' title='bbox 1455 1124 1668 1188; x_wconf 84' lang='lat' dir='ltr'><strong>synthesi</strong></span> 
     </span>
     <span class='ocr_line' id='line_1_16' title="bbox 33 1191 1668 1260; baseline 0 -16"><span class='ocrx_word' id='word_1_103' title='bbox 33 1197 251 1244; x_wconf 79' lang='lat' dir='ltr'><strong>extrusit.</strong></span> <span class='ocrx_word' id='word_1_104' title='bbox 325 1195 622 1260; x_wconf 84' lang='lat' dir='ltr'><strong>Physconem</strong></span> <span class='ocrx_word' id='word_1_105' title='bbox 661 1202 710 1242; x_wconf 93' lang='lat' dir='ltr'><strong>et</strong></span> <span class='ocrx_word' id='word_1_106' title='bbox 746 1191 1118 1257; x_wconf 88' lang='lat' dir='ltr'><strong>Sardanapalum</strong></span> <span class='ocrx_word' id='word_1_107' title='bbox 1156 1192 1406 1243; x_wconf 86' lang='lat' dir='ltr'><strong>tacendum</strong></span> <span class='ocrx_word' id='word_1_108' title='bbox 1446 1203 1541 1253; x_wconf 90' lang='lat' dir='ltr'><strong>est,</strong></span> <span class='ocrx_word' id='word_1_109' title='bbox 1589 1197 1668 1260; x_wconf 91' lang='lat' dir='ltr'><strong>qui</strong></span> 
     </span>
     <span class='ocr_line' id='line_1_17' title="bbox 33 1265 1667 1330; baseline 0 -16"><span class='ocrx_word' id='word_1_110' title='bbox 33 1267 124 1314; x_wconf 84' lang='lat' dir='ltr'><strong>nisi</strong></span> <span class='ocrx_word' id='word_1_111' title='bbox 153 1267 363 1330; x_wconf 87' lang='lat' dir='ltr'><strong>insignes</strong></span> <span class='ocrx_word' id='word_1_112' title='bbox 393 1265 651 1323; x_wconf 89' lang='lat' dir='ltr'><strong>libidinum,</strong></span> <span class='ocrx_word' id='word_1_113' title='bbox 683 1265 801 1313; x_wconf 88' lang='lat' dir='ltr'><strong>alias</strong></span> <span class='ocrx_word' id='word_1_114' title='bbox 831 1280 972 1328; x_wconf 88' lang='lat' dir='ltr'><strong>reges</strong></span> <span class='ocrx_word' id='word_1_115' title='bbox 1003 1280 1141 1312; x_wconf 92' lang='lat' dir='ltr'><strong>nemo</strong></span> <span class='ocrx_word' id='word_1_116' title='bbox 1173 1274 1350 1312; x_wconf 89' lang='lat' dir='ltr'><strong>nosset.</strong></span> <span class='ocrx_word' id='word_1_117' title='bbox 1395 1265 1667 1314; x_wconf 88' lang='lat' dir='ltr'><strong>Tacendum</strong></span> 
     </span>
     <span class='ocr_line' id='line_1_18' title="bbox 11 1335 1669 1402; baseline 0.001 -17"><span class='ocrx_word' id='word_1_118' title='bbox 11 1346 206 1396; x_wconf 59' lang='lat' dir='ltr'><strong>antem,</strong></span> <span class='ocrx_word' id='word_1_119' title='bbox 238 1353 298 1386; x_wconf 89' lang='lat' dir='ltr'><strong>ne</strong></span> <span class='ocrx_word' id='word_1_120' title='bbox 330 1336 441 1402; x_wconf 90' lang='lat' dir='ltr'><strong>quid</strong></span> <span class='ocrx_word' id='word_1_121' title='bbox 471 1345 521 1385; x_wconf 94' lang='lat' dir='ltr'><strong>et</strong></span> <span class='ocrx_word' id='word_1_122' title='bbox 550 1337 618 1386; x_wconf 90' lang='lat' dir='ltr'><strong>illi</strong></span> <span class='ocrx_word' id='word_1_123' title='bbox 649 1335 708 1385; x_wconf 91' lang='lat' dir='ltr'><strong>de</strong></span> <span class='ocrx_word' id='word_1_124' title='bbox 742 1336 1025 1400; x_wconf 85' lang='lat' dir='ltr'><strong>Caesaribus</strong></span> <span class='ocrx_word' id='word_1_125' title='bbox 1063 1335 1337 1400; x_wconf 88' lang='lat' dir='ltr'><strong>quibusdam</strong></span> <span class='ocrx_word' id='word_1_126' title='bbox 1373 1338 1543 1385; x_wconf 89' lang='lat' dir='ltr'><strong>vestris</strong></span> <span class='ocrx_word' id='word_1_127' title='bbox 1583 1338 1669 1386; x_wconf 90' lang='lat' dir='ltr'><strong>ob-</strong></span> 
     </span>
     <span class='ocr_line' id='line_1_19' title="bbox 0 1406 1668 1473; baseline 0 -17"><span class='ocrx_word' id='word_1_128' title='bbox 0 1413 3 1418; x_wconf 73' lang='grc'><strong><em>’</em></strong></span> <span class='ocrx_word' id='word_1_129' title='bbox 32 1410 282 1461; x_wconf 84' lang='lat' dir='ltr'><strong>mussitent</strong></span> <span class='ocrx_word' id='word_1_130' title='bbox 315 1409 498 1473; x_wconf 88' lang='lat' dir='ltr'><strong>pariter</strong></span> <span class='ocrx_word' id='word_1_131' title='bbox 525 1406 850 1473; x_wconf 83' lang='lat' dir='ltr'><strong>propudiosis,</strong></span> <span class='ocrx_word' id='word_1_132' title='bbox 890 1423 950 1455; x_wconf 92' lang='lat' dir='ltr'><strong>ne</strong></span> <span class='ocrx_word' id='word_1_133' title='bbox 984 1407 1182 1455; x_wconf 89' lang='lat' dir='ltr'><strong>caninae</strong></span> <span class='ocrx_word' id='word_1_134' title='bbox 1197 1408 1245 1468; x_wconf 77' lang='lat'><strong>³)</strong></span> <span class='ocrx_word' id='word_1_135' title='bbox 1287 1408 1412 1456; x_wconf 85' lang='lat' dir='ltr'><strong>forte</strong></span> <span class='ocrx_word' id='word_1_136' title='bbox 1446 1417 1668 1457; x_wconf 84' lang='lat' dir='ltr'><strong>constan·</strong></span> 
     </span>
     <span class='ocr_line' id='line_1_20' title="bbox 0 1475 1666 1549; baseline 0.002 -25"><span class='ocrx_word' id='word_1_137' title='bbox 0 1541 3 1549; x_wconf 23' lang='lat' dir='ltr'>y</span> <span class='ocrx_word' id='word_1_138' title='bbox 27 1480 130 1528; x_wconf 70' lang='lat' dir='ltr'><strong>,tiae</strong></span> <span class='ocrx_word' id='word_1_139' title='bbox 159 1475 427 1528; x_wconf 88' lang='lat' dir='ltr'><strong>mandatum</strong></span> <span class='ocrx_word' id='word_1_140' title='bbox 457 1480 534 1537; x_wconf 90' lang='lat' dir='ltr'><strong>sit,</strong></span> <span class='ocrx_word' id='word_1_141' title='bbox 566 1480 870 1543; x_wconf 84' lang='lat' dir='ltr'><strong>impuriorem</strong></span> <span class='ocrx_word' id='word_1_142' title='bbox 900 1478 1150 1543; x_wconf 86' lang='lat' dir='ltr'><strong>Physcone</strong></span> <span class='ocrx_word' id='word_1_143' title='bbox 1183 1487 1233 1526; x_wconf 91' lang='lat' dir='ltr'><strong>et</strong></span> <span class='ocrx_word' id='word_1_144' title='bbox 1262 1479 1525 1527; x_wconf 90' lang='lat' dir='ltr'><strong>molliorem</strong></span> <span class='ocrx_word' id='word_1_145' title='bbox 1552 1479 1666 1528; x_wconf 85' lang='lat' dir='ltr'><strong>Sar-</strong></span> 
     </span>
     <span class='ocr_line' id='line_1_21' title="bbox 0 1548 1664 1616; baseline 0.001 -18"><span class='ocrx_word' id='word_1_146' title='bbox 0 1549 267 1616; x_wconf 74' lang='lat' dir='ltr'><strong>vdanapalo</strong></span> <span class='ocrx_word' id='word_1_147' title='bbox 307 1551 564 1599; x_wconf 86' lang='lat' dir='ltr'><strong>Caesarem</strong></span> <span class='ocrx_word' id='word_1_148' title='bbox 610 1549 886 1614; x_wconf 87' lang='lat' dir='ltr'><strong>designare,</strong></span> <span class='ocrx_word' id='word_1_149' title='bbox 934 1559 984 1598; x_wconf 91' lang='lat' dir='ltr'><strong>et</strong></span> <span class='ocrx_word' id='word_1_150' title='bbox 1028 1548 1214 1614; x_wconf 92' lang='lat' dir='ltr'><strong>quidem</strong></span> <span class='ocrx_word' id='word_1_151' title='bbox 1256 1548 1582 1599; x_wconf 90' lang='lat' dir='ltr'><strong>Subneronem</strong></span> <span class='ocrx_word' id='word_1_152' title='bbox 1597 1553 1664 1612; x_wconf 76' lang='lat'><strong>4).</strong></span> 
     </span>
     <span class='ocr_line' id='line_1_22' title="bbox 0 1620 1665 1687; baseline 0 -17"><span class='ocrx_word' id='word_1_153' title='bbox 0 1620 139 1670; x_wconf 63' lang='lat' dir='ltr'><strong>³Nec</strong></span> <span class='ocrx_word' id='word_1_154' title='bbox 177 1620 384 1687; x_wconf 84' lang='lat' dir='ltr'><strong>tepidior</strong></span> <span class='ocrx_word' id='word_1_155' title='bbox 425 1623 497 1671; x_wconf 90' lang='lat' dir='ltr'><strong>vis</strong></span> <span class='ocrx_word' id='word_1_156' title='bbox 542 1638 690 1670; x_wconf 89' lang='lat' dir='ltr'><strong>vanae</strong></span> <span class='ocrx_word' id='word_1_157' title='bbox 736 1636 920 1686; x_wconf 89' lang='lat' dir='ltr'><strong>quoque</strong></span> <span class='ocrx_word' id='word_1_158' title='bbox 966 1621 1149 1685; x_wconf 85' lang='lat' dir='ltr'><strong>gloriae</strong></span> <span class='ocrx_word' id='word_1_159' title='bbox 1188 1620 1420 1669; x_wconf 87' lang='lat' dir='ltr'><strong>mutandis</strong></span> <span class='ocrx_word' id='word_1_160' title='bbox 1465 1621 1665 1670; x_wconf 88' lang='lat' dir='ltr'><strong>induviis</strong></span> 
     </span>
     <span class='ocr_line' id='line_1_23' title="bbox 30 1693 1665 1752; baseline 0 -11"><span class='ocrx_word' id='word_1_161' title='bbox 30 1694 176 1745; x_wconf 85' lang='lat' dir='ltr'><strong>etiam</strong></span> <span class='ocrx_word' id='word_1_162' title='bbox 203 1694 307 1742; x_wconf 87' lang='lat' dir='ltr'><strong>viro</strong></span> <span class='ocrx_word' id='word_1_163' title='bbox 339 1694 486 1742; x_wconf 89' lang='lat' dir='ltr'><strong>salvo.</strong></span> <span class='ocrx_word' id='word_1_164' title='bbox 562 1693 707 1741; x_wconf 88' lang='lat' dir='ltr'><strong>Calor</strong></span> <span class='ocrx_word' id='word_1_165' title='bbox 737 1702 811 1740; x_wconf 93' lang='lat' dir='ltr'><strong>est</strong></span> <span class='ocrx_word' id='word_1_166' title='bbox 847 1694 995 1740; x_wconf 89' lang='lat' dir='ltr'><strong>omnis</strong></span> <span class='ocrx_word' id='word_1_167' title='bbox 1026 1693 1249 1752; x_wconf 83' lang='lat' dir='ltr'><strong>affectus3</strong></span> <span class='ocrx_word' id='word_1_168' title='bbox 1280 1708 1441 1741; x_wconf 88' lang='lat' dir='ltr'><strong>verum</strong></span> <span class='ocrx_word' id='word_1_169' title='bbox 1481 1710 1585 1742; x_wconf 89' lang='lat' dir='ltr'><strong>cum</strong></span> <span class='ocrx_word' id='word_1_170' title='bbox 1616 1695 1665 1741; x_wconf 88' lang='lat' dir='ltr'><strong>iu</strong></span> 
     </span>
     <span class='ocr_line' id='line_1_24' title="bbox 28 1762 1661 1827; baseline 0.001 -15"><span class='ocrx_word' id='word_1_171' title='bbox 28 1764 384 1813; x_wconf 51' lang='lat' dir='ltr'><strong>¹affectationem</strong></span> <span class='ocrx_word' id='word_1_172' title='bbox 415 1764 742 1822; x_wconf 88' lang='lat' dir='ltr'><strong>flabellatur,</strong></span> <span class='ocrx_word' id='word_1_173' title='bbox 729 1781 820 1811; x_wconf 75' lang='lat' dir='ltr'><strong>iam</strong></span> <span class='ocrx_word' id='word_1_174' title='bbox 852 1762 911 1811; x_wconf 92' lang='lat' dir='ltr'><strong>de</strong></span> <span class='ocrx_word' id='word_1_175' title='bbox 942 1763 1164 1814; x_wconf 86' lang='lat' dir='ltr'><strong>incendio</strong></span> <span class='ocrx_word' id='word_1_176' title='bbox 1183 1763 1367 1827; x_wconf 87' lang='lat' dir='ltr'><strong>gloriae</strong></span> <span class='ocrx_word' id='word_1_177' title='bbox 1398 1762 1543 1812; x_wconf 88' lang='lat' dir='ltr'><strong>ardor</strong></span> <span class='ocrx_word' id='word_1_178' title='bbox 1572 1773 1661 1813; x_wconf 89' lang='lat' dir='ltr'><strong>est.</strong></span> 
     </span>
     <span class='ocr_line' id='line_1_25' title="bbox 31 1833 1665 1899; baseline 0.001 -16"><span class='ocrx_word' id='word_1_179' title='bbox 31 1833 191 1883; x_wconf 84' lang='lat' dir='ltr'><strong>Habes</strong></span> <span class='ocrx_word' id='word_1_180' title='bbox 221 1836 366 1899; x_wconf 85' lang='lat' dir='ltr'><strong>igitur</strong></span> <span class='ocrx_word' id='word_1_181' title='bbox 396 1851 458 1883; x_wconf 88' lang='lat' dir='ltr'><strong>ex</strong></span> <span class='ocrx_word' id='word_1_182' title='bbox 486 1836 578 1883; x_wconf 91' lang='lat' dir='ltr'><strong>isto</strong></span> <span class='ocrx_word' id='word_1_183' title='bbox 609 1835 772 1882; x_wconf 85' lang='lat' dir='ltr'><strong>fomite</strong></span> <span class='ocrx_word' id='word_1_184' title='bbox 804 1842 1095 1882; x_wconf 87' lang='lat' dir='ltr'><strong>aestuantem</strong></span> <span class='ocrx_word' id='word_1_185' title='bbox 1125 1850 1341 1897; x_wconf 86' lang='lat' dir='ltr'><strong>magnum</strong></span> <span class='ocrx_word' id='word_1_186' title='bbox 1358 1851 1536 1899; x_wconf 86' lang='lat' dir='ltr'><strong>regem,</strong></span> <span class='ocrx_word' id='word_1_187' title='bbox 1561 1836 1665 1884; x_wconf 93' lang='lat' dir='ltr'><strong>sola</strong></span> 
     </span>
     <span class='ocr_line' id='line_1_26' title="bbox 32 1897 1663 1970; baseline 0.001 -17"><span class='ocrx_word' id='word_1_188' title='bbox 32 1897 188 1970; x_wconf 85' lang='lat' dir='ltr'><strong>gloria</strong></span> <span class='ocrx_word' id='word_1_189' title='bbox 230 1906 484 1966; x_wconf 87' lang='lat' dir='ltr'><strong>minorcm3</strong></span> <span class='ocrx_word' id='word_1_190' title='bbox 527 1907 713 1954; x_wconf 89' lang='lat' dir='ltr'><strong>vicerat</strong></span> <span class='ocrx_word' id='word_1_191' title='bbox 762 1902 999 1954; x_wconf 88' lang='lat' dir='ltr'><strong>Medicam</strong></span> <span class='ocrx_word' id='word_1_192' title='bbox 1046 1914 1259 1969; x_wconf 83' lang='lat' dir='ltr'><strong>gentem,</strong></span> <span class='ocrx_word' id='word_1_193' title='bbox 1307 1915 1356 1954; x_wconf 91' lang='lat' dir='ltr'><strong>et</strong></span> <span class='ocrx_word' id='word_1_194' title='bbox 1397 1908 1550 1955; x_wconf 89' lang='lat' dir='ltr'><strong>victus</strong></span> <span class='ocrx_word' id='word_1_195' title='bbox 1590 1916 1663 1955; x_wconf 91' lang='lat' dir='ltr'><strong>est</strong></span> 
     </span>
     <span class='ocr_line' id='line_1_27' title="bbox 29 1972 1663 2041; baseline 0.001 -16"><span class='ocrx_word' id='word_1_196' title='bbox 29 1972 222 2025; x_wconf 82' lang='lat' dir='ltr'><strong>Medica</strong></span> <span class='ocrx_word' id='word_1_197' title='bbox 256 1985 413 2037; x_wconf 89' lang='lat' dir='ltr'><strong>veste3</strong></span> <span class='ocrx_word' id='word_1_198' title='bbox 462 1977 785 2041; x_wconf 86' lang='lat' dir='ltr'><strong>triumphalem</strong></span> <span class='ocrx_word' id='word_1_199' title='bbox 825 1976 1162 2041; x_wconf 87' lang='lat' dir='ltr'><strong>cataphracten</strong></span> <span class='ocrx_word' id='word_1_200' title='bbox 1207 1977 1448 2035; x_wconf 88' lang='lat' dir='ltr'><strong>amolitus,</strong></span> <span class='ocrx_word' id='word_1_201' title='bbox 1494 1978 1542 2025; x_wconf 90' lang='lat' dir='ltr'><strong>in</strong></span> <span class='ocrx_word' id='word_1_202' title='bbox 1582 1995 1663 2026; x_wconf 89' lang='lat' dir='ltr'><strong>ca—</strong></span> 
     </span>
     <span class='ocr_line' id='line_1_28' title="bbox 30 2047 1662 2113; baseline 0 -17"><span class='ocrx_word' id='word_1_203' title='bbox 30 2049 161 2113; x_wconf 82' lang='lat' dir='ltr'><strong>ptiva</strong></span> <span class='ocrx_word' id='word_1_204' title='bbox 196 2048 424 2105; x_wconf 86' lang='lat' dir='ltr'><strong>sarabara</strong></span> <span class='ocrx_word' id='word_1_205' title='bbox 466 2047 698 2107; x_wconf 83' lang='lat' dir='ltr'><strong>decessit3</strong></span> <span class='ocrx_word' id='word_1_206' title='bbox 743 2056 911 2113; x_wconf 91' lang='lat' dir='ltr'><strong>pectus</strong></span> <span class='ocrx_word' id='word_1_207' title='bbox 956 2061 1249 2112; x_wconf 88' lang='lat' dir='ltr'><strong>squamarum</strong></span> <span class='ocrx_word' id='word_1_208' title='bbox 1294 2049 1551 2112; x_wconf 85' lang='lat' dir='ltr'><strong>signaculis</strong></span> <span class='ocrx_word' id='word_1_209' title='bbox 1589 2047 1662 2096; x_wconf 89' lang='lat' dir='ltr'><strong>di-</strong></span> 
     </span>
     <span class='ocr_line' id='line_1_29' title="bbox 31 2117 1661 2184; baseline 0.001 -17"><span class='ocrx_word' id='word_1_210' title='bbox 31 2119 283 2184; x_wconf 88' lang='lat' dir='ltr'><strong>sculptum,</strong></span> <span class='ocrx_word' id='word_1_211' title='bbox 315 2128 449 2167; x_wconf 86' lang='lat' dir='ltr'><strong>textu</strong></span> <span class='ocrx_word' id='word_1_212' title='bbox 478 2118 717 2184; x_wconf 89' lang='lat' dir='ltr'><strong>pellucido</strong></span> <span class='ocrx_word' id='word_1_213' title='bbox 756 2117 964 2183; x_wconf 88' lang='lat' dir='ltr'><strong>tegendo</strong></span> <span class='ocrx_word' id='word_1_214' title='bbox 994 2118 1208 2178; x_wconf 89' lang='lat' dir='ltr'><strong>nudavit,</strong></span> <span class='ocrx_word' id='word_1_215' title='bbox 1250 2128 1300 2167; x_wconf 88' lang='lat' dir='ltr'><strong>et</strong></span> <span class='ocrx_word' id='word_1_216' title='bbox 1328 2120 1545 2168; x_wconf 89' lang='lat' dir='ltr'><strong>anhelum</strong></span> <span class='ocrx_word' id='word_1_217' title='bbox 1577 2119 1661 2168; x_wconf 86' lang='lat' dir='ltr'><strong>ad-</strong></span> 
     </span>
     <span class='ocr_line' id='line_1_30' title="bbox 30 2190 1658 2255; baseline 0.001 -17"><span class='ocrx_word' id='word_1_218' title='bbox 30 2190 123 2239; x_wconf 85' lang='lat' dir='ltr'><strong>buc</strong></span> <span class='ocrx_word' id='word_1_219' title='bbox 154 2190 213 2238; x_wconf 84' lang='lat' dir='ltr'><strong>ab</strong></span> <span class='ocrx_word' id='word_1_220' title='bbox 245 2206 392 2255; x_wconf 89' lang='lat' dir='ltr'><strong>opere</strong></span> <span class='ocrx_word' id='word_1_221' title='bbox 422 2190 559 2249; x_wconf 92' lang='lat' dir='ltr'><strong>belli,</strong></span> <span class='ocrx_word' id='word_1_222' title='bbox 606 2199 658 2239; x_wconf 94' lang='lat' dir='ltr'><strong>ut</strong></span> <span class='ocrx_word' id='word_1_223' title='bbox 687 2191 895 2249; x_wconf 87' lang='lat' dir='ltr'><strong>mollius,</strong></span> <span class='ocrx_word' id='word_1_224' title='bbox 937 2191 1197 2240; x_wconf 84' lang='lat' dir='ltr'><strong>ventilante</strong></span> <span class='ocrx_word' id='word_1_225' title='bbox 1229 2191 1386 2238; x_wconf 90' lang='lat' dir='ltr'><strong>serico</strong></span> <span class='ocrx_word' id='word_1_226' title='bbox 1417 2193 1658 2239; x_wconf 81' lang='lat' dir='ltr'><strong>exstinxit.</strong></span> 
     </span>
     <span class='ocr_line' id='line_1_31' title="bbox 29 2259 1659 2321; baseline -0.001 -11"><span class='ocrx_word' id='word_1_227' title='bbox 29 2259 142 2310; x_wconf 88' lang='lat' dir='ltr'><strong>Non</strong></span> <span class='ocrx_word' id='word_1_228' title='bbox 173 2270 279 2310; x_wconf 89' lang='lat' dir='ltr'><strong>erat</strong></span> <span class='ocrx_word' id='word_1_229' title='bbox 306 2263 421 2311; x_wconf 87' lang='lat' dir='ltr'><strong>satis</strong></span> <span class='ocrx_word' id='word_1_230' title='bbox 451 2263 594 2310; x_wconf 88' lang='lat' dir='ltr'><strong>animi</strong></span> <span class='ocrx_word' id='word_1_231' title='bbox 623 2271 806 2310; x_wconf 90' lang='lat' dir='ltr'><strong>tumens</strong></span> <span class='ocrx_word' id='word_1_232' title='bbox 833 2260 1055 2321; x_wconf 86' lang='lat' dir='ltr'><strong>Macedo,</strong></span> <span class='ocrx_word' id='word_1_233' title='bbox 1087 2262 1135 2309; x_wconf 90' lang='lat' dir='ltr'><strong>ni</strong></span> <span class='ocrx_word' id='word_1_234' title='bbox 1165 2262 1294 2311; x_wconf 89' lang='lat' dir='ltr'><strong>illum</strong></span> <span class='ocrx_word' id='word_1_235' title='bbox 1331 2263 1475 2310; x_wconf 88' lang='lat' dir='ltr'><strong>etiam</strong></span> <span class='ocrx_word' id='word_1_236' title='bbox 1511 2263 1659 2311; x_wconf 83' lang='lat' dir='ltr'><strong>vestis</strong></span> 
     </span>
     <span class='ocr_line' id='line_1_32' title="bbox 29 2329 1660 2398; baseline 0.001 -18"><span class='ocrx_word' id='word_1_237' title='bbox 29 2333 240 2381; x_wconf 87' lang='lat' dir='ltr'><strong>inflatior</strong></span> <span class='ocrx_word' id='word_1_238' title='bbox 268 2331 556 2382; x_wconf 83' lang='lat' dir='ltr'><strong>delectasset</strong></span> <span class='ocrx_word' id='word_1_239' title='bbox 569 2334 641 2393; x_wconf 89' lang='lat'><strong>⁵)3</strong></span> <span class='ocrx_word' id='word_1_240' title='bbox 688 2334 778 2381; x_wconf 89' lang='lat' dir='ltr'><strong>nisi</strong></span> <span class='ocrx_word' id='word_1_241' title='bbox 809 2329 936 2398; x_wconf 85' lang='lat' dir='ltr'><strong>qnod</strong></span> <span class='ocrx_word' id='word_1_242' title='bbox 964 2341 1015 2382; x_wconf 92' lang='lat' dir='ltr'><strong>et</strong></span> <span class='ocrx_word' id='word_1_243' title='bbox 1048 2332 1341 2398; x_wconf 89' lang='lat' dir='ltr'><strong>philosophi,</strong></span> <span class='ocrx_word' id='word_1_244' title='bbox 1386 2342 1523 2398; x_wconf 88' lang='lat' dir='ltr'><strong>puto,</strong></span> <span class='ocrx_word' id='word_1_245' title='bbox 1570 2334 1660 2398; x_wconf 88' lang='lat' dir='ltr'><strong>ipsi</strong></span> 
     </span>
     <span class='ocr_line' id='line_1_33' title="bbox 30 2402 1659 2469; baseline 0.001 -18"><span class='ocrx_word' id='word_1_246' title='bbox 30 2402 207 2468; x_wconf 87' lang='lat' dir='ltr'><strong>aliquid</strong></span> <span class='ocrx_word' id='word_1_247' title='bbox 236 2404 466 2453; x_wconf 91' lang='lat' dir='ltr'><strong>eiusmodi</strong></span> <span class='ocrx_word' id='word_1_248' title='bbox 496 2405 736 2452; x_wconf 81' lang='lat' dir='ltr'><strong>affectant.</strong></span> <span class='ocrx_word' id='word_1_249' title='bbox 795 2403 955 2453; x_wconf 88' lang='lat' dir='ltr'><strong>Audio</strong></span> <span class='ocrx_word' id='word_1_250' title='bbox 987 2406 1109 2453; x_wconf 90' lang='lat' dir='ltr'><strong>enim</strong></span> <span class='ocrx_word' id='word_1_251' title='bbox 1149 2413 1198 2452; x_wconf 88' lang='lat' dir='ltr'><strong>et</strong></span> <span class='ocrx_word' id='word_1_252' title='bbox 1233 2405 1281 2451; x_wconf 93' lang='lat' dir='ltr'><strong>in</strong></span> <span class='ocrx_word' id='word_1_253' title='bbox 1319 2421 1526 2469; x_wconf 86' lang='lat' dir='ltr'><strong>purpura</strong></span> <span class='ocrx_word' id='word_1_254' title='bbox 1555 2406 1659 2469; x_wconf 88' lang='lat' dir='ltr'><strong>phi-</strong></span> 
     </span>
     <span class='ocr_line' id='line_1_34' title="bbox 32 2474 1659 2540; baseline 0.001 -18"><span class='ocrx_word' id='word_1_255' title='bbox 32 2475 344 2539; x_wconf 82' lang='lat' dir='ltr'><strong>losophatum.</strong></span> <span class='ocrx_word' id='word_1_256' title='bbox 405 2474 459 2523; x_wconf 92' lang='lat' dir='ltr'><strong>Si</strong></span> <span class='ocrx_word' id='word_1_257' title='bbox 496 2476 801 2540; x_wconf 91' lang='lat' dir='ltr'><strong>philosophus</strong></span> <span class='ocrx_word' id='word_1_258' title='bbox 831 2476 879 2523; x_wconf 91' lang='lat' dir='ltr'><strong>in</strong></span> <span class='ocrx_word' id='word_1_259' title='bbox 908 2491 1138 2540; x_wconf 89' lang='lat' dir='ltr'><strong>purpura,</strong></span> <span class='ocrx_word' id='word_1_260' title='bbox 1179 2491 1264 2522; x_wconf 90' lang='lat' dir='ltr'><strong>cur</strong></span> <span class='ocrx_word' id='word_1_261' title='bbox 1293 2491 1387 2521; x_wconf 89' lang='lat' dir='ltr'><strong>non</strong></span> <span class='ocrx_word' id='word_1_262' title='bbox 1419 2484 1468 2523; x_wconf 89' lang='lat' dir='ltr'><strong>et</strong></span> <span class='ocrx_word' id='word_1_263' title='bbox 1498 2477 1544 2522; x_wconf 89' lang='lat' dir='ltr'><strong>in</strong></span> <span class='ocrx_word' id='word_1_264' title='bbox 1575 2476 1659 2523; x_wconf 89' lang='lat' dir='ltr'><strong>ba-</strong></span> 
     </span>
     <span class='ocr_line' id='line_1_35' title="bbox 30 2545 1659 2611; baseline 0 -17"><span class='ocrx_word' id='word_1_265' title='bbox 30 2548 124 2594; x_wconf 77' lang='lat' dir='ltr'><strong>xa?</strong></span> <span class='ocrx_word' id='word_1_266' title='bbox 178 2545 371 2611; x_wconf 89' lang='lat' dir='ltr'><strong>Tyrium</strong></span> <span class='ocrx_word' id='word_1_267' title='bbox 409 2547 628 2603; x_wconf 89' lang='lat' dir='ltr'><strong>calciari,</strong></span> <span class='ocrx_word' id='word_1_268' title='bbox 661 2547 750 2593; x_wconf 90' lang='lat' dir='ltr'><strong>nisi</strong></span> <span class='ocrx_word' id='word_1_269' title='bbox 781 2562 920 2604; x_wconf 93' lang='lat' dir='ltr'><strong>auro,</strong></span> <span class='ocrx_word' id='word_1_270' title='bbox 961 2546 1147 2592; x_wconf 92' lang='lat' dir='ltr'><strong>minime</strong></span> <span class='ocrx_word' id='word_1_271' title='bbox 1179 2546 1514 2609; x_wconf 77' lang='lat' dir='ltr'><strong>graecatur6).</strong></span> <span class='ocrx_word' id='word_1_272' title='bbox 1576 2545 1659 2594; x_wconf 91' lang='lat' dir='ltr'><strong>Di-</strong></span> 
     </span>
     <span class='ocr_line' id='line_1_36' title="bbox 32 2614 1656 2682; baseline -0.001 -17"><span class='ocrx_word' id='word_1_273' title='bbox 32 2624 137 2665; x_wconf 88' lang='lat' dir='ltr'><strong>cet:</strong></span> <span class='ocrx_word' id='word_1_274' title='bbox 168 2618 331 2682; x_wconf 87' lang='lat' dir='ltr'><strong>atquin</strong></span> <span class='ocrx_word' id='word_1_275' title='bbox 360 2617 478 2665; x_wconf 88' lang='lat' dir='ltr'><strong>alius</strong></span> <span class='ocrx_word' id='word_1_276' title='bbox 509 2625 559 2666; x_wconf 90' lang='lat' dir='ltr'><strong>et</strong></span> <span class='ocrx_word' id='word_1_277' title='bbox 587 2617 818 2664; x_wconf 85' lang='lat' dir='ltr'><strong>sericatus</strong></span> <span class='ocrx_word' id='word_1_278' title='bbox 856 2625 906 2665; x_wconf 91' lang='lat' dir='ltr'><strong>et</strong></span> <span class='ocrx_word' id='word_1_279' title='bbox 935 2614 1176 2680; x_wconf 90' lang='lat' dir='ltr'><strong>crepidam</strong></span> <span class='ocrx_word' id='word_1_280' title='bbox 1214 2624 1403 2664; x_wconf 89' lang='lat' dir='ltr'><strong>aeratus</strong></span> <span class='ocrx_word' id='word_1_281' title='bbox 1440 2617 1656 2665; x_wconf 85' lang='lat' dir='ltr'><strong>incessit:</strong></span> 
     </span>
     <span class='ocr_line' id='line_1_37' title="bbox 32 2685 1658 2753; baseline 0 -18"><span class='ocrx_word' id='word_1_282' title='bbox 32 2685 175 2752; x_wconf 82' lang='lat' dir='ltr'><strong>digne</strong></span> <span class='ocrx_word' id='word_1_283' title='bbox 206 2687 409 2753; x_wconf 90' lang='lat' dir='ltr'><strong>quidem,</strong></span> <span class='ocrx_word' id='word_1_284' title='bbox 441 2698 492 2736; x_wconf 91' lang='lat' dir='ltr'><strong>ut</strong></span> <span class='ocrx_word' id='word_1_285' title='bbox 520 2687 861 2736; x_wconf 87' lang='lat' dir='ltr'><strong>bacchantibus</strong></span> <span class='ocrx_word' id='word_1_286' title='bbox 898 2686 1180 2753; x_wconf 82' lang='lat' dir='ltr'><strong>indumentis</strong></span> <span class='ocrx_word' id='word_1_287' title='bbox 1217 2686 1393 2751; x_wconf 87' lang='lat' dir='ltr'><strong>aliquid</strong></span> <span class='ocrx_word' id='word_1_288' title='bbox 1431 2688 1658 2735; x_wconf 89' lang='lat' dir='ltr'><strong>subtinni—</strong></span> 
     </span>
    </p>
   </div>
   <div class='ocr_carea' id='block_1_3' title="bbox 32 2855 1660 3251">
    <p class='ocr_par' dir='ltr' id='par_1_3' title="bbox 32 2855 1660 3251">
     <span class='ocr_line' id='line_1_38' title="bbox 95 2855 1658 2913; baseline 0.001 -17"><span class='ocrx_word' id='word_1_289' title='bbox 95 2881 98 2883; x_wconf 35' lang='lat' dir='ltr'>v</span> <span class='ocrx_word' id='word_1_290' title='bbox 148 2858 194 2908; x_wconf 89' lang='lat'><strong>1)</strong></span> <span class='ocrx_word' id='word_1_291' title='bbox 223 2855 355 2899; x_wconf 80' lang='lat' dir='ltr'><strong>Rben.</strong></span> <span class='ocrx_word' id='word_1_292' title='bbox 388 2859 454 2896; x_wconf 82' lang='lat' dir='ltr'><strong>ed.</strong></span> <span class='ocrx_word' id='word_1_293' title='bbox 484 2861 514 2896; x_wconf 91' lang='lat'><strong>1.</strong></span> <span class='ocrx_word' id='word_1_294' title='bbox 534 2859 855 2899; x_wconf 77' lang='lat' dir='ltr'><strong>etcod.Sa1m.:</strong></span> <span class='ocrx_word' id='word_1_295' title='bbox 887 2858 1053 2897; x_wconf 73' lang='lat' dir='ltr'><strong>sciria</strong></span> <span class='ocrx_word' id='word_1_296' title='bbox 1086 2859 1135 2909; x_wconf 91' lang='lat' dir='ltr'><strong>(i.</strong></span> <span class='ocrx_word' id='word_1_297' title='bbox 1166 2872 1202 2899; x_wconf 90' lang='lat' dir='ltr'><strong>e.</strong></span> <span class='ocrx_word' id='word_1_298' title='bbox 1232 2857 1443 2913; x_wconf 78' lang='grc' dir='ltr'>σκιρρὶα);</span> <span class='ocrx_word' id='word_1_299' title='bbox 1474 2860 1528 2898; x_wconf 71' lang='lat' dir='ltr'><strong>al.</strong></span> <span class='ocrx_word' id='word_1_300' title='bbox 1557 2860 1658 2898; x_wconf 76' lang='lat' dir='ltr'><strong>nti-</strong></span> 
     </span>
     <span class='ocr_line' id='line_1_39' title="bbox 33 2914 1659 2970; baseline 0.002 -17"><span class='ocrx_word' id='word_1_301' title='bbox 33 2914 128 2953; x_wconf 72' lang='lat' dir='ltr'><strong>ria.</strong></span> <span class='ocrx_word' id='word_1_302' title='bbox 301 2914 348 2970; x_wconf 79' lang='lat'><strong>2)</strong></span> <span class='ocrx_word' id='word_1_303' title='bbox 379 2916 536 2955; x_wconf 71' lang='lat' dir='ltr'><strong>Rhem:</strong></span> <span class='ocrx_word' id='word_1_304' title='bbox 564 2916 796 2965; x_wconf 74' lang='lat' dir='ltr'><strong>vestigia</strong></span> <span class='ocrx_word' id='word_1_305' title='bbox 828 2919 1101 2954; x_wconf 71' lang='lat' dir='ltr'><strong>caestuum</strong></span> <span class='ocrx_word' id='word_1_306' title='bbox 1134 2915 1270 2955; x_wconf 76' lang='lat' dir='ltr'><strong>viria</strong></span> <span class='ocrx_word' id='word_1_307' title='bbox 1301 2917 1659 2966; x_wconf 72' lang='lat' dir='ltr'><strong>occupavit—</strong></span> 
     </span>
     <span class='ocr_line' id='line_1_40' title="bbox 34 2971 1660 3069; baseline 0 -58"><span class='ocrx_word' id='word_1_308' title='bbox 34 2971 283 3013; x_wconf 73' lang='lat' dir='ltr'><strong>ex&#39;trunit.</strong></span> <span class='ocrx_word' id='word_1_309' title='bbox 341 2972 420 3010; x_wconf 87' lang='lat' dir='ltr'><strong>Ed.</strong></span> <span class='ocrx_word' id='word_1_310' title='bbox 446 2973 593 3014; x_wconf 67' lang='lat' dir='ltr'><strong>Eram:</strong></span> <span class='ocrx_word' id='word_1_311' title='bbox 632 2973 855 3022; x_wconf 68' lang='lat' dir='ltr'><strong>fastigia</strong></span> <span class='ocrx_word' id='word_1_312' title='bbox 900 2975 1171 3069; x_wconf 46' lang='lat' dir='ltr'><strong>encastum</strong></span> <span class='ocrx_word' id='word_1_313' title='bbox 1215 2973 1416 3013; x_wconf 71' lang='lat' dir='ltr'><strong>viriosa</strong></span> <span class='ocrx_word' id='word_1_314' title='bbox 1459 2986 1568 3014; x_wconf 85' lang='lat' dir='ltr'><strong>occ.</strong></span> <span class='ocrx_word' id='word_1_315' title='bbox 1601 2995 1660 3005; x_wconf 84' lang='lat'><strong>-·-</strong></span> 
     </span>
     <span class='ocr_line' id='line_1_41' title="bbox 35 3029 1660 3081; baseline 0.002 -15"><span class='ocrx_word' id='word_1_316' title='bbox 35 3029 295 3068; x_wconf 76' lang='lat' dir='ltr'><strong>extruxit.</strong></span> <span class='ocrx_word' id='word_1_317' title='bbox 351 3031 404 3069; x_wconf 83' lang='lat' dir='ltr'><strong>In</strong></span> <span class='ocrx_word' id='word_1_318' title='bbox 427 3030 546 3069; x_wconf 86' lang='lat' dir='ltr'><strong>codd.</strong></span> <span class='ocrx_word' id='word_1_319' title='bbox 579 3043 655 3080; x_wconf 80' lang='lat' dir='ltr'><strong>pro</strong></span> <span class='ocrx_word' id='word_1_320' title='bbox 692 3030 829 3068; x_wconf 73' lang='lat' dir='ltr'><strong>viria</strong></span> <span class='ocrx_word' id='word_1_321' title='bbox 857 3030 942 3080; x_wconf 82' lang='lat' dir='ltr'><strong>leg.</strong></span> <span class='ocrx_word' id='word_1_322' title='bbox 977 3030 1024 3068; x_wconf 84' lang='lat' dir='ltr'><strong>vi</strong></span> <span class='ocrx_word' id='word_1_323' title='bbox 1099 3042 1140 3081; x_wconf 76' lang='lat' dir='ltr'><strong>s,</strong></span> <span class='ocrx_word' id='word_1_324' title='bbox 1172 3031 1283 3079; x_wconf 88' lang='lat' dir='ltr'><strong>quod</strong></span> <span class='ocrx_word' id='word_1_325' title='bbox 1313 3030 1441 3072; x_wconf 81' lang='lat' dir='ltr'><strong>Salm.</strong></span> <span class='ocrx_word' id='word_1_326' title='bbox 1478 3031 1660 3070; x_wconf 80' lang='lat' dir='ltr'><strong>mutavit</strong></span> 
     </span>
     <span class='ocr_line' id='line_1_42' title="bbox 34 3084 1659 3137; baseline 0.003 -15"><span class='ocrx_word' id='word_1_327' title='bbox 34 3084 81 3122; x_wconf 80' lang='lat' dir='ltr'><strong>in</strong></span> <span class='ocrx_word' id='word_1_328' title='bbox 109 3085 278 3125; x_wconf 75' lang='lat' dir='ltr'><strong>viriis.</strong></span> <span class='ocrx_word' id='word_1_329' title='bbox 459 3087 503 3135; x_wconf 82' lang='lat'><strong>3)</strong></span> <span class='ocrx_word' id='word_1_330' title='bbox 533 3087 599 3126; x_wconf 84' lang='lat' dir='ltr'><strong>Al.</strong></span> <span class='ocrx_word' id='word_1_331' title='bbox 629 3099 722 3126; x_wconf 85' lang='lat' dir='ltr'><strong>nec</strong></span> <span class='ocrx_word' id='word_1_332' title='bbox 753 3098 987 3137; x_wconf 80' lang='lat' dir='ltr'><strong>magnae.</strong></span> <span class='ocrx_word' id='word_1_333' title='bbox 1145 3086 1188 3137; x_wconf 77' lang='lat'><strong>4)</strong></span> <span class='ocrx_word' id='word_1_334' title='bbox 1219 3088 1285 3128; x_wconf 81' lang='lat' dir='ltr'><strong>Al.</strong></span> <span class='ocrx_word' id='word_1_335' title='bbox 1315 3090 1406 3127; x_wconf 76' lang='lat' dir='ltr'><strong>sub</strong></span> <span class='ocrx_word' id='word_1_336' title='bbox 1437 3090 1659 3127; x_wconf 86' lang='lat' dir='ltr'><strong>Nerone.</strong></span> 
     </span>
     <span class='ocr_line' id='line_1_43' title="bbox 37 3140 1658 3194; baseline 0.003 -16"><span class='ocrx_word' id='word_1_337' title='bbox 37 3140 83 3188; x_wconf 74' lang='grc'><strong>5)</strong></span> <span class='ocrx_word' id='word_1_338' title='bbox 115 3141 243 3182; x_wconf 74' lang='lat' dir='ltr'><strong>Salm.</strong></span> <span class='ocrx_word' id='word_1_339' title='bbox 273 3145 385 3182; x_wconf 82' lang='lat' dir='ltr'><strong>coni.</strong></span> <span class='ocrx_word' id='word_1_340' title='bbox 417 3142 759 3182; x_wconf 70' lang='lat' dir='ltr'><strong>deiecta-net.</strong></span> <span class='ocrx_word' id='word_1_341' title='bbox 931 3145 977 3193; x_wconf 87' lang='grc'><strong>6)</strong></span> <span class='ocrx_word' id='word_1_342' title='bbox 1009 3144 1071 3183; x_wconf 85' lang='lat' dir='ltr'><strong>Al.</strong></span> <span class='ocrx_word' id='word_1_343' title='bbox 1102 3144 1153 3183; x_wconf 87' lang='lat' dir='ltr'><strong>in</strong></span> <span class='ocrx_word' id='word_1_344' title='bbox 1177 3147 1315 3184; x_wconf 74' lang='lat' dir='ltr'><strong>‘baxa</strong></span> <span class='ocrx_word' id='word_1_345' title='bbox 1353 3146 1514 3194; x_wconf 74' lang='lat' dir='ltr'><strong>Tyria</strong></span> <span class='ocrx_word' id='word_1_346' title='bbox 1544 3145 1658 3184; x_wconf 76' lang='lat' dir='ltr'><strong>cal-</strong></span> 
     </span>
     <span class='ocr_line' id='line_1_44' title="bbox 32 3197 1423 3251; baseline 0.004 -15"><span class='ocrx_word' id='word_1_347' title='bbox 32 3197 205 3247; x_wconf 67' lang='lat' dir='ltr'><strong>ciare,</strong></span> <span class='ocrx_word' id='word_1_348' title='bbox 234 3198 341 3237; x_wconf 72' lang='lat' dir='ltr'><strong>nisi</strong></span> <span class='ocrx_word' id='word_1_349' title='bbox 370 3210 550 3239; x_wconf 73' lang='lat' dir='ltr'><strong>aurum</strong></span> <span class='ocrx_word' id='word_1_350' title='bbox 581 3201 871 3240; x_wconf 71' lang='lat' dir='ltr'><strong>enecato·</strong></span> <span class='ocrx_word' id='word_1_351' title='bbox 902 3200 1062 3240; x_wconf 86' lang='lat' dir='ltr'><strong>decet.</strong></span> <span class='ocrx_word' id='word_1_352' title='bbox 1119 3201 1313 3251; x_wconf 82' lang='lat' dir='ltr'><strong>Atquin</strong></span> <span class='ocrx_word' id='word_1_353' title='bbox 1343 3204 1423 3244; x_wconf 81' lang='lat' dir='ltr'><strong>etc.</strong></span> 
     </span>
    </p>
   </div>
   <div class='ocr_carea' id='block_1_4' title="bbox 1204 3263 1307 3310">
    <p class='ocr_par' dir='ltr' id='par_1_4' title="bbox 1204 3263 1307 3310">
     <span class='ocr_line' id='line_1_45' title="bbox 1204 3263 1307 3310; baseline 0 0"><span class='ocrx_word' id='word_1_354' title='bbox 1204 3263 1307 3310; x_wconf 77' lang='lat'><strong>15*</strong></span> 
     </span>
    </p>
   </div>
  </div>
 </body>
</html>
