1942 3554
586 68 605 81 ,
1282 76 1285 83 ¹
1622 98 1626 101 ,
1666 74 1679 82 ί
1711 75 1737 91 ’γ
1791 0 1942 166 &3:³³

321 212 423 264 114
851 211 1426 250 Aro-LOGEmcus.

321 353 406 402 des
439 369 567 410 suas,
610 350 777 398 modio·
798 350 1092 398 metiebatur.
1162 350 1331 398 Omnes
1364 348 1425 395 dii
1459 350 1606 397 vestri
1635 349 1693 397 ab
1725 352 1942 415 omnibm·

322 423 627 479 colebantur,
670 437 773 468 cum
817 422 965 483 ipsum
998 421 1275 483 Capitolium
1309 419 1522 467 Senones
1568 422 1939 484 occupaverunt

319 492 383 540 Et
410 493 556 550 bene,
590 490 715 555 quod
745 492 782 538 si
815 489 925 554 quid
956 490 1140 538 adversi
1171 489 1347 537 accidit
1375 488 1589 548 urbibus,
1623 487 1938 553 eaedemcla&

321 563 408 614 des
438 564 716 626 templorum
749 577 869 625 quae
902 570 951 608 et
980 562 1210 608 moenium
1257 562 1465 617 fuerunt,
1513 569 1563 607 ut
1598 561 1689 607 iam
1727 561 1818 609 hoc
1857 578 1938 632 ῐ·θεῖ

320 636 526 691 vincam,
561 650 652 679 non
685 649 712 679 a
744 631 845 679 deis
877 632 1090 688 evenire,
1130 632 1236 695 quia
1267 640 1315 677 et
1345 632 1455 694 ipsis
1487 631 1660 678 evenit.
1736 630 1939 695 Sempe&

317 705 516 752 humana
547 719 664 767 gens
687 702 806 749 male
826 701 883 748 de
902 700 992 749 deo
1012 703 1201 748 meruit:
1234 702 1383 764 primo
1401 699 1587 764 quidem
1606 710 1654 747 ut
1668 701 1942 758 inofficiosa«-

317 775 442 832 eius,
492 789 624 838 quem
666 789 768 820 eum
807 772 1098 835 intelligeret
1136 787 1194 818 ex
1224 780 1380 834 parte,
1426 787 1518 817 non
1552 771 1701 818 solum
1731 788 1824 818 non
1856 779 1938 821 rei»

315 845 506 908 quisivit
542 842 816 900 timendum,
864 841 947 890 sed
985 851 1032 888 et
1069 842 1187 888 alios
1218 841 1305 888 sibi
1339 842 1475 888 citius
1507 850 1767 888 commenta
1799 840 1934 906 esth}

315 931 434 979 quos
468 914 675 972 coleret3
719 912 889 960 dehinc
921 911 1043 976 quod
1077 929 1167 958 non
1199 911 1478 976 inquirendo
1511 912 1812 959 innocentiae
1835 928 1942 962 marr

314 986 532 1049 gistrum,
567 993 614 1031 et
644 984 893 1030 nocentiae
926 982 1126 1030 iudicem
1160 991 1208 1030 et
1239 990 1528 1039 exactorem,
1562 980 1772 1029 omnibus
1802 982 1940 1031 vitiis*

314 1063 363 1102 et
395 1054 665 1102 criminibus
696 1054 906 1101 inolevit.
964 1052 1183 1099 Ceterum
1215 1054 1255 1099 si
1287 1053 1577 1115 requisisset,
1614 1054 1932 1115 [sequeretum

313 1126 380 1189 ut]
414 1133 732 1188 cognosceret
765 1133 812 1171 et
842 1131 1218 1187 recognosceret
1247 1123 1536 1186 requisitum,
1571 1131 1619 1169 et
1635 1123 1942 1185 recognitum-

315 1196 610 1252 observaret,
644 1204 691 1242 et
724 1193 1017 1241 observatum
1050 1194 1196 1255 magis
1213 1193 1462 1256 propitium
1480 1193 1780 1255 experiretur
1797 1199 1942 1256 quam>

312 1266 496 1313 iratum.
569 1263 778 1312 Eundem
825 1279 941 1327 ergo
989 1280 1109 1309 nunc
1156 1278 1339 1326 quoque
1385 1264 1509 1309 scire
1556 1261 1699 1310 dehet
1743 1263 1930 1322 iratum,¹

314 1352 452 1399 quem
486 1344 535 1382 et
566 1344 694 1382 retro
726 1350 935 1397 semper,
976 1334 1243 1396 priusquam
1278 1332 1533 1379 Christiani
1561 1333 1928 1395 nominarentur,

313 1405 456 1452 Cuius
488 1405 623 1452 bonis
654 1405 872 1452 utebatur
901 1413 1010 1450 ante
1043 1401 1206 1459 editis,
1255 1418 1389 1465 quam
1428 1400 1544 1450 deos
1583 1401 1672 1449 sihi
1709 1402 1937 1466 fingeret,-

312 1491 397 1523 cur
427 1492 517 1523 non
551 1475 606 1523 ab
648 1492 705 1523 eo
747 1476 884 1522 etiam
925 1473 1044 1520 mala
1090 1473 1323 1535 intelligat
1367 1473 1582 1530 evenire,
1630 1474 1760 1520 cuius
1805 1472 1936 1522 bon&

312 1561 418 1594 esse
451 1562 544 1593 non
576 1547 753 1593 sensit?
828 1545 956 1591 Illius
990 1559 1073 1590 rea
1105 1552 1197 1600 est,
1246 1544 1376 1590 cuius
1409 1552 1457 1590 et
1494 1543 1693 1606 ingrata.
1768 1541 1830 1590 Et
1861 1551 1926 1591 ta-

309 1618 486 1663 mensi
517 1617 740 1679 pristinas
773 1614 933 1662 cla-des
965 1629 1301 1677 comparemus,
1336 1614 1519 1660 leviora
1544 1628 1664 1660 nunc
1690 1612 1924 1672 accidunt,

311 1702 372 1733 ex
416 1703 507 1750 quo
541 1687 833 1733 Christianos
871 1701 900 1731 a
938 1683 1026 1730 deo
1067 1684 1194 1730 orbis
1240 1684 1442 1746 accepit.
1509 1683 1583 1730 Ex
1621 1698 1680 1731 eo
1720 1683 1841 1731 enim
1882 1686 1942 1734 oi?

309 1757 584 1803 innocentia
630 1756 778 1802 seculi
824 1756 1094 1818 iniquitates
1139 1754 1440 1816 temperavit,
1496 1763 1545 1800 et
1590 1752 1924 1818 deprecatores

309 1825 386 1872 dei
419 1842 523 1874 esse
559 1834 832 1889 coeperunt.
907 1824 1120 1887 Denique
1162 1840 1264 1870 cum
1302 1823 1359 1870 ab
1398 1823 1620 1870 imbribus
1650 1825 1827 1871 aestiva
1859 1823 1922 1871 bi-

308 1896 454 1944 berna
487 1895 782 1959 suspendunt
813 1903 859 1941 et
891 1911 1036 1941 annus
1068 1895 1115 1940 in
1147 1909 1260 1940 cura
1291 1902 1386 1951 est,
1417 1910 1500 1940 vos
1533 1893 1742 1956 quidem,
1775 1894 1921 1958 quoti-

307 1965 383 2013 die
424 1968 546 2030 pasti
588 1966 835 2028 statimque
875 1965 1117 2028 pransuri,
1165 1963 1346 2011 balneis
1385 1972 1433 2011 et
1464 1965 1686 2026 cauponis
1719 1973 1767 2012 et
1798 1964 1920 2027 lupas-

306 2037 494 2084 naribus
515 2037 720 2098 operati,
757 2035 975 2098 aquilicia
995 2033 1092 2081 [ovi
1124 2034 1385 2092 immolatis,
1419 2033 1716 2096 nudipedalia
1748 2034 1919 2097 populo

307 2106 613 2161 denuntiatis,
663 2105 845 2152 coelum
892 2104 1014 2168 apud
1047 2103 1325 2166 Capitolium
1373 2104 1620 2167 quaeritis,
1668 2104 1827 2151 nubila
1866 2102 1918 2152 de

306 2175 607 2238 laquearibus
655 2176 964 2236 exspectatis,
1013 2175 1167 2220 aversi
1214 2174 1271 2219 ab
1319 2175 1421 2237 ipso
1468 2183 1516 2222 et
1553 2173 1643 2222 deo
1684 2183 1732 2222 et
1771 2174 1916 2222 coelo.

306 2245 406 2292 Nos
452 2260 567 2291 vero
615 2245 802 2291 ieiuniis
847 2243 966 2291 aridi
1006 2253 1054 2290 et
1092 2245 1216 2290 omni
1256 2245 1543 2292 continentia
1584 2245 1818 2308 expressi,
1867 2242 1918 2292 ab

305 2316 431 2362 omni
462 2315 590 2362 vitae
622 2315 758 2377 fruge
791 2312 945 2371 dilati,
993 2315 1038 2360 in
1071 2329 1211 2360 sacco
1246 2322 1293 2360 et
1325 2314 1485 2361 cinere
1518 2314 1808 2372 volutantes,
1855 2315 1914 2361 in·

304 2385 431 2432 vidia
462 2385 646 2432 coelum
679 2382 932 2441 tundimus,
982 2383 1116 2431 deum
1150 2384 1403 2446 tangimus,
1438 2393 1490 2430 et·
1517 2399 1620 2431 cum
1652 2385 1914 2431 misericor·

304 2455 428 2503 diam
461 2456 824 2512 extorserimus,
858 2453 1037 2517 Iupiter
1067 2454 1325 2500 honoratur
1355 2471 1381 2501 a
1411 2453 1568 2512 vobis,
1615 2453 1742 2502 Deus
1772 2454 1942 2518 negli·'..

304 2528 445 2589 gitur.
462 2526 505 2586 2)
1894 2520 1898 2525 ’

444 2601 528 2646 41.
590 2596 690 2643 Vos
721 2596 867 2658 igitur
897 2595 1147 2658 importuni
1179 2593 1318 2641 rebus
1351 2595 1583 2652 humanis,
1616 2611 1703 2642 vos
1733 2596 1802 2642 rei
1833 2610 1911 2658 pu-

300 2666 530 2714 blicorum
562 2664 976 2721 incommodorum,
1010 2681 1093 2711 vos
1125 2665 1349 2711 malorum
1381 2664 1533 2711 illices
1564 2679 1765 2729 semper,
1798 2663 1911 2729 apud
1939 2682 1942 2683 ⁷

301 2751 419 2800 quos
453 2735 568 2783 deus
601 2737 857 2799 spernitur,
899 2744 1080 2783 statuae
1115 2734 1385 2782 adorantur.
1454 2734 1624 2798 Utique
1657 2736 1782 2783 enim
1814 2743 1942 2797 cre-:j

301 2806 490 2854 dibilius
522 2806 684 2854 haberi
719 2805 879 2863 debet,
924 2821 1025 2853 eum
1058 2806 1198 2852 irasci
1231 2806 1308 2868 qui
1338 2805 1630 2869 negligatur,
1677 2821 1811 2869 quam
1842 2819 1902 2869 qu
1939 2819 1942 2821 ’

415 2946 459 2994 1)
492 2948 554 2983 Ita
593 2947 683 2983 cod.
713 2947 854 2993 Fuld.;
904 2947 1029 2995 vulgo
1060 2947 1298 2996 legebatur:
1340 2958 1439 2984 non
1482 2939 1787 2994 requisivit,
1832 2947 1905 2984 se(
1940 2973 1942 2976 .

298 3006 346 3040 et
375 3003 510 3040 alios
542 3002 757 3050 insuper
788 3003 886 3041 sibi
919 3005 1270 3040 commentata
1294 3005 1393 3049 est,
1427 3015 1551 3050 quos
1577 3003 1799 3050 coleret,·
1830 3002 1905 3040 He·

296 3059 542 3097 ratdicodd.
577 3061 869 3097 commenta
900 3071 1024 3106 quos
1058 3059 1279 3106 coleret,
1311 3059 1402 3096 Ald.
1434 3061 1813 3098 commentaret
1843 3058 1904 3096 de·
1931 3080 1942 3081 „

296 3115 392 3153 letis
431 3126 539 3163 quae
578 3118 828 3162 sequuntur.
946 3117 989 3164 2)
1020 3117 1095 3152 Vv.
1127 3127 1151 3152 a
1183 3115 1348 3164 vobis,
1395 3115 1525 3153 deus»
1548 3114 1843 3165 negligitur
1872 3114 1903 3153 it

295 3172 384 3210 nolo
402 3174 494 3211 cod.
512 3171 629 3210 Fuld.
655 3172 868 3220 leguntur.
1937 3164 1942 3228 j
