1942 3554
313 229 408 282 88
850 230 1405 269 APOLOGETICUS.
1922 201 1942 272 ,³

1928 302 1942 330 J

314 372 373 420 de
413 371 583 417 lumine
629 384 900 416 accensum.
976 368 1138 416 Manet
1181 372 1368 434 integra
1413 378 1461 418 et
1505 368 1745 418 indefecta
1789 379 1942 430 mate-i

314 444 414 490 riae
462 440 661 496 matrix,
710 438 799 486 etsi
843 437 1001 501 plures
1046 438 1155 487 inde
1202 439 1420 488 traduces
1467 439 1738 504 qualitatum
1755 441 1800 505 1)
1839 457 1942 494 inu-23

313 511 489 559 tueris.
534 510 598 557 ita
630 517 678 556 et
709 506 835 573 quod
867 506 926 556 de
959 507 1049 556 deo
1080 510 1346 572 profectum
1378 520 1472 568 cst,
1506 509 1622 558 deus
1652 519 1747 570 est,
1781 520 1829 558 et
1859 509 1942 561 dem

317 582 462 639 filius,
498 589 546 627 et
577 595 694 626 unus
733 577 886 626 ambo.
964 578 1033 626 Ita
1065 587 1112 626 et
1143 578 1201 626 (16
1232 581 1396 644 spiritu
1427 582 1640 645 spiritus,
1674 590 1723 629 et
1753 580 1812 630 de
1845 576 1942 643 deo{

315 651 431 700 deus
464 649 652 698 modulo
685 649 909 708 alterum,
943 666 1036 696 non
1069 666 1287 709 numero,
1322 650 1491 715 gradu,
1525 668 1619 699 non
1650 660 1773 699 statu
1805 645 1939 700 feci

315 731 365 770 et
394 738 422 769 a
461 721 656 769 matrice
697 736 790 767 non
829 721 1054 778 recessit,
1103 719 1187 768 sed
1232 721 1454 769 excessit.
1530 721 1624 770 Iste
1671 721 1817 786 igitur
1861 720 1942 774 det

315 791 496 850 radius,
545 799 595 838 ut
625 799 754 837 retro
797 806 985 854 semper
1021 789 1409 872 praedicabatur,
1460 791 1676 857 delapsus
1716 793 1763 839 in
1793 779 1942 856 virgil¹

314 878 419 910 nem
468 860 719 926 quandam,
771 862 897 908 etin
938 871 1074 909 utero
1123 862 1225 909 eius
1273 878 1382 909 caro
1430 863 1682 926 figuratus,
1731 863 1942 923 nascitm}

314 934 454 981 homo
489 931 578 979 deo
611 932 788 979 mistus.
866 931 988 980 Caro
1022 932 1189 995 spiritu
1229 932 1459 980 instructa
1504 934 1730 992 nutritur,
1776 926 1942 984 adole*

317 1005 428 1060 scit,
476 1002 664 1060 affatur,
721 1001 884 1060 docet,
935 1011 1160 1066 operatur
1205 1012 1253 1049 et
1301 1002 1514 1050 Christus
1561 1011 1647 1050 est.
1721 993 1942 1077 Recipite⁴

316 1074 503 1121 interim
535 1073 655 1119 hanc
690 1071 912 1130 fabulam,
962 1073 1125 1120 similis
1157 1081 1230 1119 est
1259 1075 1450 1131 vestris,
1493 1072 1598 1121 dum
1633 1052 1942 1135 ostendimus,¹

318 1141 552 1208 quomodo
595 1142 807 1189 Christus
852 1142 1096 1206 probetur.
1175 1141 1402 1190 Sciebant
1449 1152 1497 1191 et
1541 1145 1618 1208 qui
1663 1160 1811 1208 penes
1854 1157 1942 1210 voq

320 1212 549 1263 eiusmodi
579 1212 759 1260 fabulas
791 1214 997 1261 aemulas
1028 1213 1087 1261 ad
1121 1212 1490 1261 destructionem
1529 1214 1744 1261 veritatis
1783 1213 1942 1275 istiusssq

317 1283 444 1333 modi
488 1283 1066 1348 praeministraverunt.2)
1147 1284 1374 1332 Sciebant
1414 1293 1462 1331 et
1499 1283 1663 1332 Iudaei
1694 1282 1942 1346 venturum=

320 1371 424 1403 csse
445 1354 703 1411 Christum,
738 1355 923 1401 scilicet
955 1354 1119 1418 quibus
1150 1354 1409 1418 prophetae
1443 1354 1771 1418 loquebantur.
1820 1353 1942 1417 Nam

321 1436 369 1473 et
415 1441 535 1473 nunc
582 1424 829 1473 adventum
877 1426 978 1472 eius
1026 1434 1324 1488 exspectant,
1374 1440 1462 1472 nec
1502 1425 1594 1472 alia
1632 1426 1782 1488 magis
1813 1419 1942 1490 interv

319 1514 406 1544 nos
440 1505 488 1544 et
519 1496 624 1543 illos
657 1496 964 1559 compulsatio
1005 1504 1100 1554 est,
1150 1512 1282 1560 quam
1323 1494 1448 1559 quod
1487 1496 1575 1543 iam
1617 1496 1801 1543 venisse
1847 1492 1942 1557 non*

320 1567 536 1615 credunt.
616 1565 807 1614 Duobus
848 1567 969 1613 enim
1002 1566 1276 1614 adventibus
1310 1568 1412 1614 eius
1444 1566 1741 1629 significatis,
1774 1566 1940 1630 primo«

321 1639 398 1703 qui
444 1639 533 1685 iam
574 1646 833 1700 expunctus
874 1645 946 1684 est
985 1639 1030 1683 in
1070 1637 1330 1685 humilitate
1371 1635 1655 1683 conditionis
1687 1632 1941 1696 humanae),

320 1707 557 1766 secundo,
614 1708 690 1771 qui
738 1706 1066 1755 concludendo
1115 1708 1277 1755 seculo
1324 1707 1533 1754 imminet
1570 1708 1617 1753 in
1657 1705 1940 1758 sublimitat&

320 1778 578 1827 divinitatis
618 1787 861 1826 exsertae:
915 1779 1109 1842 primum
1150 1795 1243 1825 non
1283 1776 1618 1842 intelligendo,
1667 1776 1939 1839 secundum,

321 1865 456 1914 quem
487 1849 781 1898 manifestius
811 1848 1132 1912 praedicatum
1149 1850 1192 1910 ³)
1226 1857 1431 1913 sperant,
1467 1865 1603 1896 unum
1638 1847 1942 1898 6Χίεῑίω3ν6ἰ-

319 1929 445 1968 runt.
523 1919 598 1968 Nc
633 1920 752 1967 enim
786 1919 1110 1983 intelligerent
1140 1920 1408 1983 pristinum,
1443 1918 1693 1977 credituri,
1733 1919 1772 1966 si
1804 1917 1940 1968 intel?

318 1991 573 2049 lexissent‚
608 1998 655 2037 et
688 1992 988 2038 consecuturi
1021 1991 1239 2051 salutem,
1281 1991 1320 2038 si
1354 1988 1691 2048 credidissent,
1725 1981 1939 2039 meritati!

322 2062 408 2109 fuit
426 2061 648 2109 delictum
675 2076 854 2108 eorum.
875 2063 918 2124 4)
982 2061 1072 2125 Ipsi
1097 2062 1259 2124 legunt
1285 2063 1349 2108 ita
1379 2062 1601 2124 scriptum
1619 2062 1675 2143 ⁵).
1695 2060 1937 2117 mulctatos

320 2148 372 2180 56
414 2132 641 2195 sapientia
681 2140 728 2178 et
766 2132 1081 2196 intelligentia
1120 2141 1168 2179 et
1208 2132 1450 2179 oculorum
1489 2140 1538 2179 et
1575 2131 1755 2178 aurium
1786 2130 1935 2194 fruge.

323 2202 469 2261 Quem
515 2203 660 2266 igitur
699 2202 988 2250 solummodo
1029 2203 1260 2250 hominem
1300 2210 1710 2265 praesumpserant
1755 2198 1813 2249 de
1859 2201 1934 2249 hu-

320 2274 543 2331 militate,
592 2272 878 2335 sequebatur
923 2273 989 2319 uti
1035 2289 1219 2336 magum
1259 2273 1562 2320 aestimarent
1593 2271 1652 2319 de
1681 2279 1932 2336 potestate,

323 2360 428 2390 cum
461 2344 539 2390 ille
574 2342 718 2390 verbo
754 2341 1000 2391 daemonia
1041 2343 1098 2390 de
1140 2342 1402 2389 hominibus
1449 2350 1720 2400 excuteret,
1769 2351 1932 2390 caeco}

321 2414 650 2472 reluminaret,
698 2414 910 2477 leprosos
955 2423 1211 2477 purgaret,
1269 2413 1559 2477 paralyticos
1606 2412 1930 2476 restringeret

322 2494 533 2532 mortuos
581 2483 782 2548 denique
831 2484 976 2533 verbo
1016 2483 1242 2532 redderet
1279 2485 1427 2541 vitae,
1478 2484 1713 2531 elementa
1743 2483 1843 2548 ipsa
1873 2482 1928 2539 fa·

320 2555 540 2613 mularet,
592 2570 899 2617 compescens
938 2555 1173 2618 procellas
1206 2563 1253 2601 et
1287 2555 1409 2601 freta
1441 2553 1737 2617 ingrediens,
1785 2561 1929 2601 osten·

323 2625 438 2672 (lens
471 2643 522 2673 se
555 2640 660 2673 6556
693 2619 834 2690 λόγον
867 2624 965 2684 dei,
1005 2624 1051 2672 id
1086 2634 1178 2683 est,
1211 2624 1401 2673 verbum
1435 2623 1547 2671 illud
1577 2621 1919 2688 primordiale⁹

437 2810 481 2854 1)
513 2809 612 2845 Cod.
658 2809 777 2847 Fuld.
824 2813 866 2848 et
902 2810 1058 2848 Pamel.
1094 2810 1397 2858 qualitati83
1442 2809 1577 2858 Lugd.
1609 2811 1659 2847 11.
1705 2807 1912 2846 traduci

322 2863 628 2911 qualitates.
747 2865 791 2913 2)
825 2867 894 2904 Sic
925 2867 1066 2905 locum
1098 2867 1379 2905 restituerunt
1409 2865 1618 2914 Scriver.‚
1657 2864 1748 2914 Rig.
1780 2867 1822 2902 et
1852 2864 1915 2902 Ha

320 2930 461 2968 vere-3
504 2923 630 2957 antea
662 2921 742 2970 leg.
776 2925 1030 2969 probetur
1073 2926 1124 2961 et
1156 2924 1239 2970 qui
1270 2945 1322 2950 —
1356 2920 1920 2970 praeministraverint

322 2975 367 3024 3)
400 2976 564 3014 Gelen.:
597 2978 938 3024 praedictum.
1054 2978 1099 3030 4)
1130 2980 1259 3017 Rhen.
1278 2980 1321 3016 in
1339 2980 1400 3017 ed.
1418 2981 1461 3028 1.‚
1492 2979 1598 3028 Ald„
1631 2977 1802 3026 Pamel.‚
1835 2977 1919 3015 Bar

320 3043 468 3080 racus,
516 3033 695 3079 Gangn.:
740 3036 980 3074 meritum
1013 3036 1115 3074 fuit
1146 3036 1473 3075 delictorum.
1619 3030 1662 3083 5)
1694 3036 1772 3071 les.
1802 3036 1840 3082 6,
1875 3033 1918 3074 lit

321 3090 367 3137 6)
400 3088 633 3127 Cod.Fuld.
655 3091 941 3130 ostendens
975 3105 1028 3131 se
1059 3104 1172 3131 esse
1204 3092 1385 3130 filium
1406 3095 1458 3130 et
1479 3091 1629 3130 illum
1647 3089 1814 3127 olima
1840 3089 1902 3128 de

320 3146 723 3193 praedicatum,
768 3149 819 3184 et
851 3149 910 3186 ad
951 3151 1174 3188 omnium
1219 3149 1455 3187 salutem
1497 3149 1677 3185 natum
1722 3148 1942 3184 verbum*

322 3201 402 3238 dei
432 3202 567 3240 illud
598 3204 692 3250 etc.,
727 3205 768 3239 et
798 3205 964 3243 omissis
997 3207 1154 3246 verbis:
1188 3206 1406 3244 eundem
1437 3203 1868 3252 qui—fecisset.
