1942 3554
485 107 572 146 AD
612 106 993 145 NATIONES
1030 106 1159 145 LIB.
1195 108 1249 147 11.
1589 108 1692 159 1⁷1

21 250 280 313 ,ὴῐσωρο
325 282 528 297 .........
566 247 688 308 Quid
722 249 811 298 sibi
851 250 948 297 vult
983 248 1248 296 intellectio
1289 249 1404 308 ista,
1451 249 1544 298 nisi
1579 248 1691 298 foe-

30 310 128 373 das
164 319 388 368 materias
427 318 639 367 mentitis
678 318 1166 385 argumentationibus
1211 319 1466 368 colorare?
1524 319 1692 371 Satur-

32 406 146 442 m
178 405 333 455 neque
363 388 473 439 ideo
505 391 584 454 qui
614 389 686 439 ..d
693 425 863 439 ........
898 400 1102 454 tempus,
1135 399 1217 438 aut
1247 389 1353 439 dum
1378 407 1482 439 eum
1507 399 1691 455 tempus

31 461 184 520 facis,
235 462 328 510 iam
365 476 456 509 nee
493 460 731 509 hominem
760 462 834 509 vis
873 462 1039 509 fuisse.
1129 460 1211 508 Pla
1227 495 1404 510 ........
1424 478 1447 510 s
1494 463 1686 511 omnino

31 529 273 581 Saturnus
304 532 351 581 in
384 531 527 579 terris
564 531 793 580 humanae
834 532 1072 597 qualitatis
1111 531 1234 596 apud
1273 541 1466 581 veteres
1506 548 1686 581 memo·

24 604 134 653 rias
163 609 464 652 recensetur.
538 600 703 650 Potest
732 603 1105 666 incorporaliter
1133 602 1247 666 fingi
1290 602 1520 666 quodvis,
1554 602 1679 667 quod

26 690 136 723 non
169 673 316 722 fuerit
351 673 568 731 omnin03
616 681 756 721 vacat
794 672 1003 737 fingendi
1045 672 1203 731 loeus,
1256 673 1335 720 ubi
1365 675 1543 722 veritas
1585 683 1676 722 est.

21 743 156 795 ⁵'Cum
197 751 355 792 autem
401 741 653 791 Saturnum
693 752 877 791 constat
923 744 1124 801 vixisse,
1174 744 1349 795 frustra
1395 742 1675 804 demutatis3

21 831 132 866 4ιαοι
162 812 444 863 conceditur
471 812 630 872 vobis,
672 812 808 879 quem
839 831 934 861 non
973 813 1214 878 negabitis
1243 815 1388 863 fuisse
1421 815 1681 873 hominem,

20 885 292 952 ssiqui‘nequo
317 883 434 934 deus
456 900 612 948 neque
637 893 819 950 tempus
839 884 1031 933 defendi
1051 893 1228 949 potest.
1261 884 1433 934 Exstat
1455 884 1579 949 apud
1602 885 1679 932 lit-

34 963 364 1007 mvestns
381 970 716 1021 usquequaque
738 955 932 1004 Saturni
960 972 1155 1014 censum,
1197 956 1398 1020 legimus
1416 955 1537 1021 apud
1561 956 1677 1004 Cas-

38 1027 153 1077 sium
185 1025 439 1085 Severum,
477 1025 600 1090 apud
633 1026 883 1075 Cornelios
913 1027 1150 1091 Nepotem
1192 1036 1241 1075 et
1270 1028 1507 1086 Tacitum,
1555 1026 1677 1092 apud

36 1095 251 1149 &neces
275 1113 462 1163 quoque
488 1096 775 1157 Diodorum,
810 1099 950 1163 quive
969 1099 1050 1146 alii
1067 1098 1392 1162 antiquitatem
1414 1115 1558 1146 canos
1577 1098 1678 1145 col-

19 1168 276 1233 ’agenna
330 1167 439 1217 Nee
469 1167 688 1216 fideliora
721 1170 948 1234 vestigia,
1126 1185 1261 1233 quam
1302 1170 1349 1217 in
1391 1170 1494 1233 ipsa
1539 1168 1676 1218 Italia

31 1240 229 1304 signata
260 1247 386 1288 sunt.
448 1238 567 1288 Nam
607 1249 714 1303 post
751 1240 975 1304 plurimas
1015 1248 1163 1287 tetras
1197 1248 1245 1287 et
1274 1238 1438 1288 Attica
1468 1240 1675 1304 hospitia

24 1310 228 1370 ’ltaliam
266 1310 366 1369 vel,
411 1319 464 1358 ut
493 1305 604 1358 tune
635 1310 940 1369 vocabatur‚‘
967 1310 1251 1369 Oenotriae,
1300 1309 1541 1369 consedit,
1590 1325 1674 1357 ex-

23 1390 208 1446 :ceptus
235 1381 294 1430 ab
326 1381 442 1429 Iano
477 1382 580 1430 sive
608 1380 744 1440 lane,
778 1391 828 1429 ut
860 1380 976 1430 Salii
1016 1383 1060 1441 l)
1093 1390 1284 1429 vocant.
1347 1381 1502 1440 Mons,
1535 1396 1672 1446 quem

28 1453 275 1511 :ool-erat,
299 1449 547 1500 Saturnius
573 1450 749 1511 dietus3
779 1452 916 1510 urbs,
941 1468 1076 1517 quam
1095 1450 1422 1515 depalaverat,
1449 1451 1672 1500 Saturnia

26 1539 182 1589 mque
210 1538 334 1571 nune
365 1531 468 1583 est3
508 1531 612 1570 tota
641 1522 845 1588 denique
884 1522 1022 1570 Italia
1053 1521 1111 1569 de
1146 1521 1353 1570 Saturno
1386 1521 1670 1572 vocabatur:

24 1595 122 1644 *at-li·
163 1603 286 1644 leste
329 1602 530 1652 terram,
585 1610 705 1659 quae
752 1610 876 1643 nune
923 1593 1193 1642 dominatur
1230 1592 1358 1651 orbi,
1394 1594 1580 1642 etiamsi
1609 1591 1670 1642 «le

31 1665 225 1730 *misine
258 1664 450 1714 Saturni
483 1664 744 1724 dubitatur,
786 1663 846 1713 de
884 1674 995 1713 actu
1026 1674 1182 1713 tamen
1217 1673 1403 1713 constat
1432 1665 1668 1713 homiuem

27 1735 161 1785 §illum
190 1737 354 1785 fuisse.
428 1735 499 1784 Ita
538 1737 578 1784 si
610 1737 750 1784 homo
791 1735 1049 1794 Saturnus,
1094 1736 1260 1799 procul
1295 1734 1436 1784 dubio
1470 1733 1529 1785 de
1562 1735 1666 1797 [ho-

25 1809 205 1870 rmineJ,
243 1809 339 1855 imo
378 1808 486 1871 quia
515 1808 679 1865 homo,
733 1823 827 1854 non
866 1808 1027 1871 utique
1069 1805 1130 1854 de
1161 1806 1299 1853 coelo
1339 1814 1482 1870 atque
1513 1814 1664 1854 terra.

24 1876 133 1928 {Sed
164 1879 300 1926 euius
328 1886 552 1942 parentes
583 1878 759 1942 ignoti,
804 1875 1080 1941 quibusdam
1118 1877 1261 1925 facile
1293 1877 1384 1923 fuit
1422 1875 1550 1924 illum
1584 1891 1668 1923 eo·-

32 1965 133 1998 m
176 1949 321 1997 filim
365 1947 486 2007 diei,
523 1965 718 2013 quorum
761 1957 962 2012 possunt
1005 1963 1168 1995 omnes
1212 1945 1383 1995 videri.
1432 1947 1480 2009 2)
1552 1946 1667 2005 Quis

38 2021 163 2069 suin
190 2035 286 2067 non
316 2019 502 2068 eoelum
533 2035 590 2068 ac
621 2029 796 2067 terram
826 2028 1005 2083 patrem
1032 2034 1088 2066 ae
1113 2027 1313 2066 matrem
1343 2017 1666 2066 venerationis

23 2091 190 2155 gratia
224 2090 464 2154 appellet?
514 2088 591 2138 An
630 2089 688 2139 de
729 2088 1075 2138 consuetudine
1112 2089 1336 2146 humana,
1383 2104 1474 2152 qua
1512 2088 1664 2151 ignoti

23 2161 207 2227 usuique
237 2176 300 2208 ex
328 2161 569 2225 inopinato
602 2169 887 2226 apparentes
919 2159 982 2208 de
1021 2160 1163 2208 coelo
1205 2158 1459 2209 advenisse
1498 2157 1664 2207 dieun—

24 2233 144 2280 *Μυῒ
177 2230 381 2280 Proinde
397 2266 527 2280 ......
541 2247 732 2296 semper
769 2232 1251 2296 eg.......repenti·no
1272 2231 1345 2290 ³),
1386 2229 1559 2294 ubique
1592 2230 1664 2276 in-

22 2301 182 2353 aenlovit
208 2302 429 2351 coelitem
461 2301 575 2351 dici.
638 2302 759 2351 Nam
786 2312 834 2350 et
857 2303 1000 2367 vulgo
1033 2303 1227 2366 generis
1259 2303 1470 2349 incertos
1501 2309 1661 2348 terrae

23 2371 158 2422 ‘latios
183 2373 467 2425 lectitamus.
520 2372 650 2422 Nihil
681 2374 838 2438 allego
871 2373 930 2422 de
963 2382 1087 2422 statu
1117 2372 1430 2436 antiquitatis,
1465 2387 1555 2434 qua

33 2441 176 2493 mdes
210 2445 259 2504 4)
295 2451 409 2492 tune
446 2445 710 2509 agebantur
747 2454 796 2492 et
833 2445 959 2492 oculi
998 2453 1049 2492 et
1086 2452 1270 2491 mentes
1308 2442 1565 2498 hominum,
1614 2449 1665 2487 ut

27 2513 286 2574 fefiulibot
328 2516 440 2564 novi
478 2516 573 2564 -viri
618 2524 818 2580 aspectu
858 2516 988 2580 quasi
1028 2512 1189 2562 divino
1229 2520 1659 2568 commoverentur,

37 2582 204 2634 adun
234 2593 287 2635 et
314 2586 468 2651 regis,
508 2595 558 2636 et
587 2585 773 2652 quidem
804 2586 959 2651 primi.
1029 2582 1201 2632 Adbuc
1242 2582 1300 2632 de
1341 2581 1545 2631 Saturno
1576 2583 1665 2630 im·

148 2837 192 2890 1)
226 2839 382 2890 Rigalt.
407 2841 470 2879 ed.
491 2844 550 2881 ut
579 2841 622 2884 si
652 2841 749 2879 alii
785 2842 993 2879 vocant.
1054 2839 1116 2877 Cf.
1139 2838 1399 2888 Apolog.1o.
1437 2841 1490 2877 ut
1528 2839 1660 2879 Salii

40 2896 228 2938 tollunt.
358 2896 404 2946 2)
432 2899 496 2936 lta
526 2898 567 2936 h.
595 2898 624 2935 1.
647 2898 785 2936 restit.
816 2908 871 2935 ex
901 2896 1080 2946 Apolog.
1104 2896 1170 2933 10.
1308 2896 1352 2944 3)
1383 2895 1562 2934 flavere.
1604 2906 1659 2934 ex

39 2951 156 3002 hol.
183 2953 250 2991 1⁰.
276 2953 438 2992 emend.
467 2954 697 2993 Proinde
723 2956 957 2994 Saturno
982 2963 1186 3000 semper
1211 2963 1377 3001 egeno
1399 2955 1449 2991 et
1471 2964 1658 3001 rep-en-

40 3004 152 3050 “nn
180 3009 371 3058 ubique
400 3014 482 3049 etc.
613 3007 658 3061 4)
690 3012 788 3059 Leg.
820 3022 918 3058 qua
968 3010 1048 3049 ita
1068 3009 1225 3051 rudes
1263 3031 1320 3040 -·-
1369 3008 1656 3058 hominum,

24 3064 339 3118 ·=wt„(·lii;.et)
365 3069 445 3105 etc.
