1942 3554
39 125 52 150 ,
127 92 139 95 “
464 99 548 137 AD
592 95 966 136 NATtoNEs
1010 96 1211 133 L113.1.
1540 92 1648 142 155

21 240 182 308 Ergo,
218 240 430 306 inquitis,
462 238 702 285 veteribus
732 253 817 283 vos
850 245 1146 300 comparate3
1182 234 1317 281 nobis
1341 249 1540 282 necesse
1574 244 1652 283 est

13 310 72 377 jn
117 312 251 361 vobis
297 309 407 358 odio
452 309 675 372 prosequi
721 305 846 371 quod
885 323 909 354 a
951 306 1086 352 nobis
1125 322 1215 352 non
1249 304 1497 369 probatur,
1546 306 1653 368 quia

23 380 114 437 nec
147 383 385 430 invenitur
414 380 460 425 in
492 378 642 424 nobis.
706 376 1007 440 Respondete
1041 378 1186 438 igitur
1215 375 1274 423 ad
1306 375 1513 439 singulas
1546 391 1654 439 spe-

24 456 142 504 eies.
220 451 330 500 Non
363 448 526 498 eadem
559 464 679 495 voce
721 446 936 509 exempla
976 445 1205 509 deposco.
1293 445 1344 492 Si
1385 454 1655 507 contemptu

26 523 216 574 seilicet
260 521 424 568 mortis
470 517 652 581 gladius
699 516 757 564 de
798 516 1055 562 maioribus
1096 516 1275 562 fabulas
1316 517 1453 573 fecit,
1494 517 1655 579 utique

25 611 120 643 non
150 594 278 640 vitae
309 605 470 637 amore
503 587 660 651 gladio
692 603 776 634 vos
808 586 867 633 ad
894 587 1085 632 lanistas
1110 587 1391 642 auctoratis,
1425 585 1506 632 sed
1532 601 1658 632 mor-

25 665 87 721 tis
118 677 287 710 nomen
320 659 512 706 militiae
547 656 685 704 datis.
780 655 831 703 Si
872 656 1075 702 feminae
1116 656 1256 702 alicui
1298 654 1355 702 de
1388 654 1555 702 bestiis
1588 656 1657 701 fa-

26 735 160 783 mosa
190 747 316 778 mors
348 738 442 786 est,
481 726 638 774 medio
680 725 891 791 quotidie
922 726 1056 788 pacis
1095 734 1261 788 sponte
1295 725 1442 771 libera
1476 724 1535 772 ad
1558 725 1659 771 ’be-

26 796 142 868 stias
171 802 268 849 itis.
335 798 384 846 Si
412 813 625 854 erucem,
660 794 931 859 configendi
958 797 1173 858 corporis
1198 795 1474 852 machinam,
1508 794 1659 841 nullus

0 873 182 922 ‚adhuc
221 886 281 918 ex
317 869 452 917 vobis
491 868 700 931 Regulus
740 867 944 930 pepigit,
1000 875 1203 913 attamen
1250 865 1340 911 iam
1380 866 1505 928 ignis
1547 882 1661 911 con-

12 951 231 1007 ·-temptus
263 940 435 997 evasit,
483 955 544 986 ex
582 955 674 1001 quo
707 954 757 984 se
791 935 976 1001 quidam
1016 937 1230 1000 proxime
1262 934 1558 982 vestiendum
1592 935 1661 981 in-

12 1012 237 1071 cendiali
281 1011 439 1058 'tunica
485 1007 544 1055 ad
591 1017 769 1055 certum
810 1022 1145 1070 usquequaque
1185 1007 1339 1052 locum
1379 1006 1660 1052 auctoravit.

34 1083 88 1139 si
118 1083 279 1145 flagris
309 1081 479 1127 mulier
508 1078 770 1135 insultavit,
820 1077 911 1124 hoe
953 1093 1139 1140 quoque
1179 1077 1394 1139 proxime
1427 1077 1552 1122 inter
1582 1091 1665 1121 ve-

14 1153 243 1203 natorios
276 1149 442 1198 ordine
474 1158 748 1196 transcurso
781 1162 1024 1194 remensus
1058 1155 1151 1203 est,
1185 1155 1236 1191 ut
1267 1155 1448 1193 taceam
1482 1145 1540 1192 de
1573 1145 1665 1191 La-

33 1224 204 1278 conica
237 1222 406 1285 gloria.

177 1292 261 1343 19.
328 1290 602 1352 Hucusque,
638 1289 826 1351 opinor,
869 1287 1105 1334 horrenda
1138 1288 1501 1334 obstinationum
1530 1285 1666 1333 Chri-

15 1365 314 1419 <stianarum3
351 1376 470 1423 quae
503 1360 542 1405 si
566 1358 806 1405 vobiscum
841 1359 1256 1415 communicamus,
1293 1365 1510 1420 superest
1542 1355 1669 1403 deri-

15 1432 192 1487 -denda
228 1446 534 1494 personarum
569 1429 897 1486 eonferamus3
942 1444 1214 1491 quamquam
1251 1426 1310 1473 de
1342 1428 1666 1490 persuasioni-

16 1503 125 1552 tbus
155 1502 302 1549 omnis
336 1499 592 1546 obstinatio
624 1507 784 1545 nostra
819 1499 1155 1561 praestruitur3
1209 1506 1498 1560 mortuorum
1544 1498 1667 1545 enim

16 1572 373 1640 flptaesumimus
404 1571 822 1618 resurrectionem.
878 1569 998 1631 Spes
1030 1568 1398 1616 resurrectionis
1431 1567 1668 1614 fastidium

17 1653 112 1703 aest
140 1643 320 1691 mortis.
396 1640 565 1687 Ridete
606 1641 751 1702 igitur
788 1638 1132 1702 quantumlibet
1170 1638 1509 1701 stupidissimas
1542 1655 1668 1684 men-

41 1723 139 1773 tes,
178 1728 297 1778 quae
329 1712 590 1758 moriuntur
622 1719 671 1756 ut
710 1711 896 1768 vivant3
939 1708 1020 1755 sed
1056 1725 1147 1771 quo
1182 1709 1365 1754 facilius
1399 1707 1594 1754 rideatis
1626 1717 1674 1755 ct

39 1784 298 1833 resolutius
332 1781 714 1837 decachinnetis,
749 1789 938 1842 arrepta
964 1780 1162 1842 spongia
1187 1780 1259 1824 vel
1294 1779 1479 1825 interim
1516 1779 1673 1840 lingua

18 1854 203 1903 ²delete
235 1853 397 1900 literas
429 1852 612 1897 interim
645 1860 850 1907 vestras,
885 1865 1003 1913 quae
1029 1850 1244 1895 similiter
1268 1858 1546 1894 asseverant
1577 1850 1677 1894 ani-

20 1941 143 1974 ÷mas
181 1925 228 1970 in
276 1938 479 1986 corpora
527 1920 776 1968 redituras.
850 1918 1073 1966 Attamen
1114 1928 1286 1982 quanto
1333 1919 1680 1981 acceptabilior

20 2004 206 2044 mostra
247 1992 564 2057 praesumptio
607 2000 701 2048 est,
744 2006 862 2054 quae
903 1990 947 2036 in
990 1989 1155 2036 eadem
1197 2005 1398 2052 corpora
1439 1989 1677 2036 redituras

24 2063 291 2114 defendit?
329 2062 460 2110 vobis
491 2070 646 2108 autem
681 2070 853 2124 quanto
894 2061 1056 2108 vanius
1088 2059 1308 2106 traditum
1342 2069 1436 2117 est,
1479 2059 1678 2106 hominis

22 2137 259 2200 ¹spiritum
290 2135 338 2180 iu
369 2149 487 2180 cane
519 2133 592 2178 vel
625 2132 749 2178 mulo
781 2140 861 2178 aut
893 2147 1075 2195 pavone
1116 2130 1407 2177 rediturum?
1448 2129 1561 2177 Item
1611 2132 1680 2177 iu-

24 2205 220 2260 -dieium
252 2204 576 2251 annuntiamus
602 2219 628 2249 a
648 2202 739 2249 deo
771 2218 857 2265 pro
892 2203 1119 2265 cuiusque
1147 2202 1325 2248 meritis
1368 2210 1474 2264 post
1515 2202 1682 2248 interi-

25 2284 145 2331 *um
185 2274 482 2322 destinatum.
560 2272 612 2320 ld
643 2290 727 2320 vos
766 2272 914 2319 Minoi
949 2282 996 2319 et
1029 2272 1350 2319 Radamantho
1391 2272 1679 2328 adscribitis,

27 2347 250 2408 -iustiore
268 2345 449 2407 interim
467 2342 681 2391 Aristide
700 2353 943 2390 recusato.
988 2343 1057 2389 Eo
1077 2343 1251 2390 iudicio
1271 2344 1456 2405 iniquos
1482 2353 1682 2389 aeterno

27 2416 176 2481 εἰμί,
199 2417 302 2480 pios
321 2424 372 2463 et
396 2415 609 2462 insontes
634 2430 833 2461 amoeno
866 2414 912 2459 in
947 2413 1054 2460 loco
1089 2412 1284 2460 dicimus
1318 2414 1683 2475 perpetuitatem

55 2494 396 2535 transacturos-
483 2484 626 2549 Apud
665 2502 750 2532 vos
777 2518 954 2531 ......
984 2500 1169 2547 quoque
1218 2483 1684 2546 Pyriphlegethontis

30 2549 290 2621 ἶῖοῐψῗΕΙγείἰ
321 2572 414 2602 non
445 2555 536 2602 alia
569 2555 779 2603 conditio
812 2553 1088 2617 disponitur.
1137 2553 1243 2600 Nec
1270 2553 1463 2617 mythici
1491 2570 1546 2600 ac
1574 2558 1686 2617 poe'-

30 2626 140 2681 -fici
157 2626 244 2673 soli
265 2626 377 2673 talia
395 2634 582 2684 canunt,
602 2625 685 2672 sed
707 2634 755 2672 et
771 2624 1036 2688 philosophi
1058 2623 1115 2670 de
1134 2625 1389 2670 animorum
1412 2626 1687 2687 reciproca-
1724 2665 1727 2667 Α

30 2708 34 2735 ²
56 2687 188 2748 'tione
206 2704 256 2743 et
272 2695 434 2743 iudicii
452 2695 782 2743 distributione
801 2695 1091 2742 confirmant.
1114 2695 1340 2752 Quoniam
1361 2695 1505 2757 igitur
1523 2713 1684 2759 usquc,

58 2766 378 2829 iniquissimae
423 2767 660 2824 nationes,
715 2783 805 2812 non
846 2766 1129 2828 agnoscitis,
1177 2766 1270 2811 imo
1318 2766 1508 2828 insuper
1548 2783 1688 2813 exse-

34 2835 258 2884 cramini
291 2843 500 2892 vestros,
533 2837 570 2882 si
604 2836 717 2883 nihil
750 2838 876 2883 inter
906 2852 988 2882 vos
1015 2835 1261 2882 diversitas
1287 2835 1451 2892 habet,
1485 2838 1524 2883 si
1552 2855 1687 2883 unum

59 2913 114 2957 et
142 2904 295 2953 eidem
327 2921 507 2963 sumus3
543 2907 652 2970 quia
683 2923 776 2953 non
810 2905 975 2953 odistis
1007 2905 1133 2968 quod
1165 2907 1301 2952 estis:
1350 2905 1458 2953 date
1498 2907 1690 2955 dextras

68 2972 251 3041 potius,
321 2976 608 3039 compingite
667 2978 850 3034 oscula,
907 2978 1104 3023 miscete
1159 2977 1460 3040 complexus,
1506 2980 1689 3023 cruenti

63 3047 172 3103 'etim
200 3046 423 3104 cruentis,
458 3047 627 3093 incesti
653 3062 758 3093 eum
791 3047 1012 3103 incestis,
1041 3048 1272 3094 coniurati
1291 3063 1394 3094 cum
1413 3050 1689 3103 coniuratis,

67 3316 126 3387 3¹42
