<?xml version="1.0" encoding="UTF-8"?>
<!DOCTYPE html PUBLIC "-//W3C//DTD XHTML 1.0 Transitional//EN"
    "http://www.w3.org/TR/xhtml1/DTD/xhtml1-transitional.dtd">
<html xmlns="http://www.w3.org/1999/xhtml" xml:lang="en" lang="en">
 <head>
  <title>
</title>
<meta http-equiv="Content-Type" content="text/html;charset=utf-8" />
  <meta name='ocr-system' content='tesseract 3.04.00' />
  <meta name='ocr-capabilities' content='ocr_page ocr_carea ocr_par ocr_line ocrx_word'/>
</head>
<body>
  <div class='ocr_page' id='page_1' title='image "./operatert12tertuoft_0103.png"; bbox 0 0 1942 3554; ppageno 0'>
   <div class='ocr_carea' id='block_1_1' title="bbox 592 149 1705 205">
    <p class='ocr_par' dir='ltr' id='par_1_1' title="bbox 592 149 1705 205">
     <span class='ocr_line' id='line_1_1' title="bbox 592 149 1705 205; baseline 0 -17"><span class='ocrx_word' id='word_1_1' title='bbox 592 149 1178 192; x_wconf 70' lang='lat' dir='ltr'><strong>Aronoenmcus.</strong></span> <span class='ocrx_word' id='word_1_2' title='bbox 1634 154 1705 205; x_wconf 72' lang='lat'><strong>91</strong></span> 
     </span>
    </p>
   </div>
   <div class='ocr_carea' id='block_1_2' title="bbox 0 288 1702 2753">
    <p class='ocr_par' dir='ltr' id='par_1_2' title="bbox 66 288 1702 425">
     <span class='ocr_line' id='line_1_2' title="bbox 68 288 1702 357; baseline 0.001 -15"><span class='ocrx_word' id='word_1_3' title='bbox 68 302 123 342; x_wconf 75' lang='lat' dir='ltr'><strong>et</strong></span> <span class='ocrx_word' id='word_1_4' title='bbox 152 291 432 357; x_wconf 75' lang='lat' dir='ltr'><strong>imaginibus</strong></span> <span class='ocrx_word' id='word_1_5' title='bbox 478 297 791 346; x_wconf 86' lang='lat' dir='ltr'><strong>mortuorum,</strong></span> <span class='ocrx_word' id='word_1_6' title='bbox 844 288 1122 354; x_wconf 79' lang='lat' dir='ltr'><strong>quibusdam</strong></span> <span class='ocrx_word' id='word_1_7' title='bbox 1166 291 1319 356; x_wconf 86' lang='lat' dir='ltr'><strong>signis</strong></span> <span class='ocrx_word' id='word_1_8' title='bbox 1370 301 1420 341; x_wconf 91' lang='lat' dir='ltr'><strong>et</strong></span> <span class='ocrx_word' id='word_1_9' title='bbox 1462 293 1702 343; x_wconf 79' lang='lat' dir='ltr'>miraculis</span> 
     </span>
     <span class='ocr_line' id='line_1_3' title="bbox 66 359 1094 425; baseline -0.002 -14"><span class='ocrx_word' id='word_1_10' title='bbox 66 369 122 417; x_wconf 75' lang='lat' dir='ltr'><strong>[et</strong></span> <span class='ocrx_word' id='word_1_11' title='bbox 151 362 362 411; x_wconf 85' lang='lat' dir='ltr'><strong>oraculis</strong></span> <span class='ocrx_word' id='word_1_12' title='bbox 393 360 533 410; x_wconf 83' lang='lat' dir='ltr'><strong>fidem</strong></span> <span class='ocrx_word' id='word_1_13' title='bbox 562 359 823 408; x_wconf 72' lang='lat' dir='ltr'><strong>divinitatis</strong></span> <span class='ocrx_word' id='word_1_14' title='bbox 852 370 1094 425; x_wconf 72' lang='lat' dir='ltr'><strong>operatu-1·-</strong></span> 
     </span>
    </p>

    <p class='ocr_par' dir='ltr' id='par_1_3' title="bbox 52 429 1702 2400">
     <span class='ocr_line' id='line_1_4' title="bbox 215 429 1702 499; baseline 0.002 -18"><span class='ocrx_word' id='word_1_15' title='bbox 215 438 297 486; x_wconf 82' lang='lat'><strong>22.</strong></span> <span class='ocrx_word' id='word_1_16' title='bbox 351 430 510 496; x_wconf 79' lang='lat' dir='ltr'><strong>Atque</strong></span> <span class='ocrx_word' id='word_1_17' title='bbox 549 429 671 479; x_wconf 80' lang='lat' dir='ltr'><strong>adeo</strong></span> <span class='ocrx_word' id='word_1_18' title='bbox 706 429 935 490; x_wconf 82' lang='lat' dir='ltr'><strong>dicimus,</strong></span> <span class='ocrx_word' id='word_1_19' title='bbox 985 448 1094 481; x_wconf 73' lang='lat' dir='ltr'><strong>esse</strong></span> <span class='ocrx_word' id='word_1_20' title='bbox 1140 431 1428 482; x_wconf 87' lang='lat' dir='ltr'><strong>substantias</strong></span> <span class='ocrx_word' id='word_1_21' title='bbox 1477 434 1702 499; x_wconf 86' lang='lat' dir='ltr'><strong>quasdam</strong></span> 
     </span>
     <span class='ocr_line' id='line_1_5' title="bbox 67 502 1700 570; baseline 0.001 -17"><span class='ocrx_word' id='word_1_22' title='bbox 67 505 336 570; x_wconf 81' lang='lat' dir='ltr'><strong>spiritales3</strong></span> <span class='ocrx_word' id='word_1_23' title='bbox 387 518 478 551; x_wconf 90' lang='lat' dir='ltr'><strong>nec</strong></span> <span class='ocrx_word' id='word_1_24' title='bbox 511 517 686 549; x_wconf 61' lang='lat' dir='ltr'><strong>nomnen</strong></span> <span class='ocrx_word' id='word_1_25' title='bbox 717 518 893 550; x_wconf 86' lang='lat' dir='ltr'><strong>novum</strong></span> <span class='ocrx_word' id='word_1_26' title='bbox 933 512 1024 552; x_wconf 88' lang='lat' dir='ltr'><strong>est.</strong></span> <span class='ocrx_word' id='word_1_27' title='bbox 1103 502 1270 551; x_wconf 89' lang='lat' dir='ltr'><strong>Sciunt</strong></span> <span class='ocrx_word' id='word_1_28' title='bbox 1309 503 1563 553; x_wconf 86' lang='lat' dir='ltr'><strong>daemonas</strong></span> <span class='ocrx_word' id='word_1_29' title='bbox 1595 507 1700 570; x_wconf 89' lang='lat' dir='ltr'><strong>phi-</strong></span> 
     </span>
     <span class='ocr_line' id='line_1_6' title="bbox 67 570 1698 640; baseline 0.001 -17"><span class='ocrx_word' id='word_1_30' title='bbox 67 570 279 640; x_wconf 81' lang='lat' dir='ltr'><strong>losophi,</strong></span> <span class='ocrx_word' id='word_1_31' title='bbox 327 573 526 623; x_wconf 79' lang='lat' dir='ltr'><strong>Socrate</strong></span> <span class='ocrx_word' id='word_1_32' title='bbox 564 572 667 636; x_wconf 59' lang='lat' dir='ltr'><strong>ipso</strong></span> <span class='ocrx_word' id='word_1_33' title='bbox 708 572 767 620; x_wconf 89' lang='lat' dir='ltr'><strong>ad</strong></span> <span class='ocrx_word' id='word_1_34' title='bbox 808 572 1044 621; x_wconf 85' lang='lat' dir='ltr'><strong>daemonii</strong></span> <span class='ocrx_word' id='word_1_35' title='bbox 1083 574 1326 622; x_wconf 81' lang='lat' dir='ltr'><strong>arbitrium</strong></span> <span class='ocrx_word' id='word_1_36' title='bbox 1367 586 1698 640; x_wconf 77' lang='lat' dir='ltr'><strong>exspectante.</strong></span> 
     </span>
     <span class='ocr_line' id='line_1_7' title="bbox 68 642 1698 709; baseline 0.001 -16"><span class='ocrx_word' id='word_1_37' title='bbox 68 645 273 706; x_wconf 69' lang='lat' dir='ltr'><strong>Quidni?</strong></span> <span class='ocrx_word' id='word_1_38' title='bbox 294 661 409 695; x_wconf 38' lang='lat' dir='ltr'><strong>‘cum</strong></span> <span class='ocrx_word' id='word_1_39' title='bbox 436 652 490 692; x_wconf 75' lang='lat' dir='ltr'><strong>et</strong></span> <span class='ocrx_word' id='word_1_40' title='bbox 519 644 607 707; x_wconf 86' lang='lat' dir='ltr'><strong>ipsi</strong></span> <span class='ocrx_word' id='word_1_41' title='bbox 637 642 934 691; x_wconf 85' lang='lat' dir='ltr'><strong>daemonium</strong></span> <span class='ocrx_word' id='word_1_42' title='bbox 967 644 1240 692; x_wconf 76' lang='lat' dir='ltr'><strong>adhaesisse</strong></span> <span class='ocrx_word' id='word_1_43' title='bbox 1269 662 1301 692; x_wconf 86' lang='lat' dir='ltr'><strong>a</strong></span> <span class='ocrx_word' id='word_1_44' title='bbox 1330 647 1535 709; x_wconf 85' lang='lat' dir='ltr'><strong>pueritia</strong></span> <span class='ocrx_word' id='word_1_45' title='bbox 1566 646 1698 695; x_wconf 90' lang='lat' dir='ltr'><strong>dica-</strong></span> 
     </span>
     <span class='ocr_line' id='line_1_8' title="bbox 64 714 1697 781; baseline -0.001 -16"><span class='ocrx_word' id='word_1_46' title='bbox 64 725 165 774; x_wconf 84' lang='lat' dir='ltr'><strong>tur,</strong></span> <span class='ocrx_word' id='word_1_47' title='bbox 199 714 568 765; x_wconf 66' lang='lat' dir='ltr'><strong>delimmtorium</strong></span> <span class='ocrx_word' id='word_1_48' title='bbox 595 714 738 778; x_wconf 85' lang='lat' dir='ltr'><strong>plane</strong></span> <span class='ocrx_word' id='word_1_49' title='bbox 770 731 797 762; x_wconf 90' lang='lat' dir='ltr'><strong>a</strong></span> <span class='ocrx_word' id='word_1_50' title='bbox 825 714 971 762; x_wconf 87' lang='lat' dir='ltr'><strong>bono.</strong></span> <span class='ocrx_word' id='word_1_51' title='bbox 1027 714 1300 763; x_wconf 86' lang='lat' dir='ltr'><strong>Daemonas</strong></span> <span class='ocrx_word' id='word_1_52' title='bbox 1319 716 1364 780; x_wconf 86' lang='lat'><strong>1)</strong></span> <span class='ocrx_word' id='word_1_53' title='bbox 1396 717 1551 764; x_wconf 89' lang='lat' dir='ltr'><strong>sciunt</strong></span> <span class='ocrx_word' id='word_1_54' title='bbox 1578 734 1697 781; x_wconf 90' lang='lat' dir='ltr'><strong>poe—</strong></span> 
     </span>
     <span class='ocr_line' id='line_1_9' title="bbox 65 783 1693 851; baseline -0.001 -16"><span class='ocrx_word' id='word_1_55' title='bbox 65 795 167 846; x_wconf 80' lang='lat' dir='ltr'><strong>tae,</strong></span> <span class='ocrx_word' id='word_1_56' title='bbox 215 787 354 835; x_wconf 76' lang='lat' dir='ltr'><strong>etiam</strong></span> <span class='ocrx_word' id='word_1_57' title='bbox 397 785 564 850; x_wconf 66' lang='lat' dir='ltr'><strong>vulgus</strong></span> <span class='ocrx_word' id='word_1_58' title='bbox 610 783 849 832; x_wconf 82' lang='lat' dir='ltr'><strong>indoctum</strong></span> <span class='ocrx_word' id='word_1_59' title='bbox 886 786 934 832; x_wconf 87' lang='lat' dir='ltr'><strong>in</strong></span> <span class='ocrx_word' id='word_1_60' title='bbox 970 801 1104 833; x_wconf 81' lang='lat' dir='ltr'><strong>usum</strong></span> <span class='ocrx_word' id='word_1_61' title='bbox 1137 785 1375 834; x_wconf 81' lang='lat' dir='ltr'><strong>maledicti</strong></span> <span class='ocrx_word' id='word_1_62' title='bbox 1406 787 1693 851; x_wconf 85' lang='lat' dir='ltr'><strong>frequentat,</strong></span> 
     </span>
     <span class='ocr_line' id='line_1_10' title="bbox 64 854 1694 921; baseline 0 -15"><span class='ocrx_word' id='word_1_63' title='bbox 64 874 171 906; x_wconf 74' lang='lat' dir='ltr'><strong>nam</strong></span> <span class='ocrx_word' id='word_1_64' title='bbox 203 856 501 905; x_wconf 13' lang='lat' dir='ltr'><strong>etdSatanam</strong></span> <span class='ocrx_word' id='word_1_65' title='bbox 518 854 591 920; x_wconf 81' lang='lat'><strong>²),</strong></span> <span class='ocrx_word' id='word_1_66' title='bbox 630 856 893 920; x_wconf 79' lang='lat' dir='ltr'><strong>principem</strong></span> <span class='ocrx_word' id='word_1_67' title='bbox 925 855 1061 904; x_wconf 88' lang='lat' dir='ltr'><strong>huius</strong></span> <span class='ocrx_word' id='word_1_68' title='bbox 1097 857 1206 904; x_wconf 86' lang='lat' dir='ltr'><strong>mali</strong></span> <span class='ocrx_word' id='word_1_69' title='bbox 1237 859 1454 921; x_wconf 79' lang='lat' dir='ltr'><strong>generis,</strong></span> <span class='ocrx_word' id='word_1_70' title='bbox 1491 857 1694 921; x_wconf 81' lang='lat' dir='ltr'><strong>proinde</strong></span> 
     </span>
     <span class='ocr_line' id='line_1_11' title="bbox 63 925 1694 992; baseline 0.001 -18"><span class='ocrx_word' id='word_1_71' title='bbox 63 926 125 977; x_wconf 76' lang='lat' dir='ltr'><strong>de</strong></span> <span class='ocrx_word' id='word_1_72' title='bbox 158 928 355 992; x_wconf 59' lang='lat' dir='ltr'><strong>propria</strong></span> <span class='ocrx_word' id='word_1_73' title='bbox 398 926 695 975; x_wconf 88' lang='lat' dir='ltr'><strong>conscientia</strong></span> <span class='ocrx_word' id='word_1_74' title='bbox 734 927 916 974; x_wconf 77' lang='lat' dir='ltr'><strong>animae</strong></span> <span class='ocrx_word' id='word_1_75' title='bbox 956 925 1124 975; x_wconf 86' lang='lat' dir='ltr'><strong>eadem</strong></span> <span class='ocrx_word' id='word_1_76' title='bbox 1162 943 1227 975; x_wconf 79' lang='lat' dir='ltr'><strong>ex</strong></span> <span class='ocrx_word' id='word_1_77' title='bbox 1256 928 1542 976; x_wconf 83' lang='lat' dir='ltr'><strong>sacramenti</strong></span> <span class='ocrx_word' id='word_1_78' title='bbox 1572 944 1694 976; x_wconf 85' lang='lat' dir='ltr'><strong>voce</strong></span> 
     </span>
     <span class='ocr_line' id='line_1_12' title="bbox 61 996 1688 1064; baseline -0.001 -18"><span class='ocrx_word' id='word_1_79' title='bbox 61 999 353 1064; x_wconf 70' lang='lat' dir='ltr'><strong>pronuntiat.</strong></span> <span class='ocrx_word' id='word_1_80' title='bbox 444 996 660 1061; x_wconf 84' lang='lat' dir='ltr'><strong>Angelos</strong></span> <span class='ocrx_word' id='word_1_81' title='bbox 715 1013 901 1061; x_wconf 91' lang='lat' dir='ltr'><strong>quoque</strong></span> <span class='ocrx_word' id='word_1_82' title='bbox 957 998 1096 1045; x_wconf 88' lang='lat' dir='ltr'><strong>etiam</strong></span> <span class='ocrx_word' id='word_1_83' title='bbox 1143 997 1277 1046; x_wconf 81' lang='lat' dir='ltr'><strong>Plato</strong></span> <span class='ocrx_word' id='word_1_84' title='bbox 1323 1016 1416 1047; x_wconf 86' lang='lat' dir='ltr'><strong>non</strong></span> <span class='ocrx_word' id='word_1_85' title='bbox 1469 1000 1688 1063; x_wconf 79' lang='lat' dir='ltr'><strong>negavit3</strong></span> 
     </span>
     <span class='ocr_line' id='line_1_13' title="bbox 61 1069 1694 1133; baseline -0.001 -16"><span class='ocrx_word' id='word_1_86' title='bbox 61 1069 305 1133; x_wconf 76' lang='lat' dir='ltr'><strong>utriusque</strong></span> <span class='ocrx_word' id='word_1_87' title='bbox 352 1069 554 1116; x_wconf 88' lang='lat' dir='ltr'><strong>nominis</strong></span> <span class='ocrx_word' id='word_1_88' title='bbox 602 1076 750 1116; x_wconf 87' lang='lat' dir='ltr'><strong>testes</strong></span> <span class='ocrx_word' id='word_1_89' title='bbox 797 1084 904 1117; x_wconf 90' lang='lat' dir='ltr'><strong>esse</strong></span> <span class='ocrx_word' id='word_1_90' title='bbox 949 1069 1027 1117; x_wconf 88' lang='lat' dir='ltr'><strong>vel</strong></span> <span class='ocrx_word' id='word_1_91' title='bbox 1067 1070 1191 1133; x_wconf 89' lang='lat' dir='ltr'><strong>magi</strong></span> <span class='ocrx_word' id='word_1_92' title='bbox 1227 1071 1531 1130; x_wconf 83' lang='lat' dir='ltr'><strong>asserunt.3)</strong></span> <span class='ocrx_word' id='word_1_93' title='bbox 1593 1069 1694 1117; x_wconf 87' lang='lat' dir='ltr'><strong>Sed</strong></span> 
     </span>
     <span class='ocr_line' id='line_1_14' title="bbox 60 1137 1693 1205; baseline -0.001 -17"><span class='ocrx_word' id='word_1_94' title='bbox 60 1138 298 1205; x_wconf 79' lang='lat' dir='ltr'><strong>quomodo</strong></span> <span class='ocrx_word' id='word_1_95' title='bbox 345 1138 404 1187; x_wconf 88' lang='lat' dir='ltr'><strong>dc</strong></span> <span class='ocrx_word' id='word_1_96' title='bbox 443 1138 625 1203; x_wconf 86' lang='lat' dir='ltr'><strong>angelis</strong></span> <span class='ocrx_word' id='word_1_97' title='bbox 660 1137 939 1204; x_wconf 88' lang='lat' dir='ltr'><strong>quibusdam</strong></span> <span class='ocrx_word' id='word_1_98' title='bbox 979 1155 1062 1187; x_wconf 87' lang='lat' dir='ltr'><strong>sua</strong></span> <span class='ocrx_word' id='word_1_99' title='bbox 1101 1148 1270 1204; x_wconf 90' lang='lat' dir='ltr'><strong>spo-nte</strong></span> <span class='ocrx_word' id='word_1_100' title='bbox 1312 1141 1549 1204; x_wconf 86' lang='lat' dir='ltr'><strong>corruptis</strong></span> <span class='ocrx_word' id='word_1_101' title='bbox 1582 1156 1693 1187; x_wconf 87' lang='lat' dir='ltr'><strong>cor-</strong></span> 
     </span>
     <span class='ocr_line' id='line_1_15' title="bbox 61 1208 1692 1275; baseline 0 -17"><span class='ocrx_word' id='word_1_102' title='bbox 61 1211 246 1275; x_wconf 70' lang='lat' dir='ltr'><strong>ruptior</strong></span> <span class='ocrx_word' id='word_1_103' title='bbox 281 1226 399 1275; x_wconf 80' lang='lat' dir='ltr'><strong>gens</strong></span> <span class='ocrx_word' id='word_1_104' title='bbox 439 1208 717 1258; x_wconf 82' lang='lat' dir='ltr'><strong>daemonum</strong></span> <span class='ocrx_word' id='word_1_105' title='bbox 756 1211 963 1271; x_wconf 81' lang='lat' dir='ltr'><strong>evaserit</strong></span> <span class='ocrx_word' id='word_1_106' title='bbox 1001 1208 1218 1258; x_wconf 84' lang='lat' dir='ltr'><strong>damnata</strong></span> <span class='ocrx_word' id='word_1_107' title='bbox 1256 1227 1285 1257; x_wconf 91' lang='lat' dir='ltr'><strong>a</strong></span> <span class='ocrx_word' id='word_1_108' title='bbox 1329 1210 1421 1258; x_wconf 91' lang='lat' dir='ltr'><strong>deo</strong></span> <span class='ocrx_word' id='word_1_109' title='bbox 1463 1228 1566 1258; x_wconf 88' lang='lat' dir='ltr'><strong>cum</strong></span> <span class='ocrx_word' id='word_1_110' title='bbox 1603 1227 1692 1274; x_wconf 83' lang='lat' dir='ltr'><strong>ge-</strong></span> 
     </span>
     <span class='ocr_line' id='line_1_16' title="bbox 61 1279 1693 1346; baseline 0 -18"><span class='ocrx_word' id='word_1_111' title='bbox 61 1280 192 1328; x_wconf 79' lang='lat' dir='ltr'><strong>neris</strong></span> <span class='ocrx_word' id='word_1_112' title='bbox 221 1279 521 1338; x_wconf 75' lang='lat' dir='ltr'><strong>auctoribus,</strong></span> <span class='ocrx_word' id='word_1_113' title='bbox 569 1289 619 1327; x_wconf 85' lang='lat' dir='ltr'><strong>ct</strong></span> <span class='ocrx_word' id='word_1_114' title='bbox 649 1296 753 1327; x_wconf 89' lang='lat' dir='ltr'><strong>cum</strong></span> <span class='ocrx_word' id='word_1_115' title='bbox 786 1295 845 1327; x_wconf 88' lang='lat' dir='ltr'><strong>eo</strong></span> <span class='ocrx_word' id='word_1_116' title='bbox 880 1296 1016 1345; x_wconf 87' lang='lat' dir='ltr'><strong>quem</strong></span> <span class='ocrx_word' id='word_1_117' title='bbox 1049 1279 1251 1328; x_wconf 85' lang='lat' dir='ltr'><strong>diximus</strong></span> <span class='ocrx_word' id='word_1_118' title='bbox 1281 1282 1519 1346; x_wconf 87' lang='lat' dir='ltr'><strong>principe,</strong></span> <span class='ocrx_word' id='word_1_119' title='bbox 1567 1279 1693 1345; x_wconf 86' lang='lat' dir='ltr'><strong>apud</strong></span> 
     </span>
     <span class='ocr_line' id='line_1_17' title="bbox 59 1349 1688 1416; baseline 0.001 -17"><span class='ocrx_word' id='word_1_120' title='bbox 59 1350 246 1399; x_wconf 78' lang='lat' dir='ltr'><strong>litteras</strong></span> <span class='ocrx_word' id='word_1_121' title='bbox 293 1360 480 1399; x_wconf 87' lang='lat' dir='ltr'><strong>sanctas</strong></span> <span class='ocrx_word' id='word_1_122' title='bbox 519 1349 687 1398; x_wconf 87' lang='lat' dir='ltr'><strong>ordine</strong></span> <span class='ocrx_word' id='word_1_123' title='bbox 726 1352 1055 1415; x_wconf 84' lang='lat' dir='ltr'><strong>cognoscitur.</strong></span> <span class='ocrx_word' id='word_1_124' title='bbox 1134 1350 1273 1400; x_wconf 79' lang='lat' dir='ltr'><strong>Nunc</strong></span> <span class='ocrx_word' id='word_1_125' title='bbox 1306 1350 1365 1399; x_wconf 82' lang='lat' dir='ltr'><strong>de</strong></span> <span class='ocrx_word' id='word_1_126' title='bbox 1407 1353 1688 1416; x_wconf 85' lang='lat' dir='ltr'><strong>operatione</strong></span> 
     </span>
     <span class='ocr_line' id='line_1_18' title="bbox 57 1420 1689 1486; baseline 0 -16"><span class='ocrx_word' id='word_1_127' title='bbox 57 1437 224 1470; x_wconf 71' lang='lat' dir='ltr'><strong>eorum</strong></span> <span class='ocrx_word' id='word_1_128' title='bbox 269 1423 383 1471; x_wconf 84' lang='lat' dir='ltr'><strong>satis</strong></span> <span class='ocrx_word' id='word_1_129' title='bbox 437 1422 529 1469; x_wconf 87' lang='lat' dir='ltr'><strong>erit</strong></span> <span class='ocrx_word' id='word_1_130' title='bbox 569 1437 836 1485; x_wconf 80' lang='lat' dir='ltr'><strong>exponere.</strong></span> <span class='ocrx_word' id='word_1_131' title='bbox 917 1420 1142 1486; x_wconf 77' lang='lat' dir='ltr'><strong>Operatio</strong></span> <span class='ocrx_word' id='word_1_132' title='bbox 1182 1438 1345 1469; x_wconf 85' lang='lat' dir='ltr'><strong>eorum</strong></span> <span class='ocrx_word' id='word_1_133' title='bbox 1385 1431 1458 1469; x_wconf 83' lang='lat' dir='ltr'><strong>est</strong></span> <span class='ocrx_word' id='word_1_134' title='bbox 1488 1423 1689 1470; x_wconf 88' lang='lat' dir='ltr'><strong>hominis</strong></span> 
     </span>
     <span class='ocr_line' id='line_1_19' title="bbox 57 1491 1689 1556; baseline -0.002 -14"><span class='ocrx_word' id='word_1_135' title='bbox 57 1493 273 1550; x_wconf 78' lang='lat' dir='ltr'><strong>eversio,</strong></span> <span class='ocrx_word' id='word_1_136' title='bbox 319 1493 391 1540; x_wconf 84' lang='lat' dir='ltr'><strong>sic</strong></span> <span class='ocrx_word' id='word_1_137' title='bbox 434 1491 613 1539; x_wconf 82' lang='lat' dir='ltr'><strong>malitia</strong></span> <span class='ocrx_word' id='word_1_138' title='bbox 651 1491 875 1555; x_wconf 84' lang='lat' dir='ltr'><strong>spiritalis</strong></span> <span class='ocrx_word' id='word_1_139' title='bbox 905 1508 934 1538; x_wconf 87' lang='lat' dir='ltr'><strong>a</strong></span> <span class='ocrx_word' id='word_1_140' title='bbox 970 1491 1230 1555; x_wconf 91' lang='lat' dir='ltr'><strong>primordio</strong></span> <span class='ocrx_word' id='word_1_141' title='bbox 1263 1493 1505 1556; x_wconf 85' lang='lat' dir='ltr'><strong>auspicata</strong></span> <span class='ocrx_word' id='word_1_142' title='bbox 1537 1502 1611 1540; x_wconf 91' lang='lat' dir='ltr'><strong>est</strong></span> <span class='ocrx_word' id='word_1_143' title='bbox 1641 1494 1689 1539; x_wconf 89' lang='lat' dir='ltr'><strong>in</strong></span> 
     </span>
     <span class='ocr_line' id='line_1_20' title="bbox 57 1561 1686 1627; baseline -0.001 -15"><span class='ocrx_word' id='word_1_144' title='bbox 57 1563 258 1612; x_wconf 70' lang='lat' dir='ltr'><strong>hominis</strong></span> <span class='ocrx_word' id='word_1_145' title='bbox 290 1563 501 1612; x_wconf 79' lang='lat' dir='ltr'><strong>exitium.</strong></span> <span class='ocrx_word' id='word_1_146' title='bbox 576 1562 741 1627; x_wconf 87' lang='lat' dir='ltr'><strong>Itaque</strong></span> <span class='ocrx_word' id='word_1_147' title='bbox 773 1561 1057 1625; x_wconf 69' lang='lat' dir='ltr'><strong>corporibus</strong></span> <span class='ocrx_word' id='word_1_148' title='bbox 1090 1562 1277 1626; x_wconf 89' lang='lat' dir='ltr'><strong>quidem</strong></span> <span class='ocrx_word' id='word_1_149' title='bbox 1309 1571 1358 1609; x_wconf 89' lang='lat' dir='ltr'><strong>et</strong></span> <span class='ocrx_word' id='word_1_150' title='bbox 1387 1561 1686 1611; x_wconf 85' lang='lat' dir='ltr'><strong>valetudines</strong></span> 
     </span>
     <span class='ocr_line' id='line_1_21' title="bbox 55 1632 1687 1698; baseline -0.001 -15"><span class='ocrx_word' id='word_1_151' title='bbox 55 1633 273 1698; x_wconf 72' lang='lat' dir='ltr'><strong>infligunt</strong></span> <span class='ocrx_word' id='word_1_152' title='bbox 303 1642 354 1682; x_wconf 87' lang='lat' dir='ltr'><strong>et</strong></span> <span class='ocrx_word' id='word_1_153' title='bbox 382 1634 565 1697; x_wconf 80' lang='lat' dir='ltr'><strong>aliquos</strong></span> <span class='ocrx_word' id='word_1_154' title='bbox 595 1649 737 1681; x_wconf 36' lang='lat' dir='ltr'><strong>‘casus</strong></span> <span class='ocrx_word' id='word_1_155' title='bbox 768 1632 994 1690; x_wconf 88' lang='lat' dir='ltr'><strong>acerbos,</strong></span> <span class='ocrx_word' id='word_1_156' title='bbox 1042 1634 1229 1681; x_wconf 85' lang='lat' dir='ltr'><strong>animae</strong></span> <span class='ocrx_word' id='word_1_157' title='bbox 1261 1650 1378 1681; x_wconf 88' lang='lat' dir='ltr'><strong>vero</strong></span> <span class='ocrx_word' id='word_1_158' title='bbox 1410 1634 1687 1697; x_wconf 83' lang='lat' dir='ltr'><strong>repentinos</strong></span> 
     </span>
     <span class='ocr_line' id='line_1_22' title="bbox 57 1703 1688 1768; baseline 0 -16"><span class='ocrx_word' id='word_1_159' title='bbox 57 1712 108 1752; x_wconf 79' lang='lat' dir='ltr'><strong>et</strong></span> <span class='ocrx_word' id='word_1_160' title='bbox 155 1703 564 1753; x_wconf 65' lang='lat' dir='ltr'><strong>exn-nordinalios</strong></span> <span class='ocrx_word' id='word_1_161' title='bbox 615 1720 706 1768; x_wconf 83' lang='lat' dir='ltr'><strong>per</strong></span> <span class='ocrx_word' id='word_1_162' title='bbox 759 1705 851 1751; x_wconf 90' lang='lat' dir='ltr'><strong>vim</strong></span> <span class='ocrx_word' id='word_1_163' title='bbox 898 1719 1142 1751; x_wconf 80' lang='lat' dir='ltr'><strong>excessus,</strong></span> <span class='ocrx_word' id='word_1_164' title='bbox 1222 1703 1444 1768; x_wconf 86' lang='lat' dir='ltr'><strong>Suppetit</strong></span> <span class='ocrx_word' id='word_1_165' title='bbox 1488 1704 1582 1752; x_wconf 92' lang='lat' dir='ltr'><strong>illis</strong></span> <span class='ocrx_word' id='word_1_166' title='bbox 1627 1704 1688 1752; x_wconf 90' lang='lat' dir='ltr'><strong>ad</strong></span> 
     </span>
     <span class='ocr_line' id='line_1_23' title="bbox 55 1773 1689 1840; baseline 0 -18"><span class='ocrx_word' id='word_1_167' title='bbox 55 1783 300 1840; x_wconf 72' lang='lat' dir='ltr'><strong>utramque</strong></span> <span class='ocrx_word' id='word_1_168' title='bbox 333 1774 638 1822; x_wconf 80' lang='lat' dir='ltr'><strong>substant-iam</strong></span> <span class='ocrx_word' id='word_1_169' title='bbox 671 1774 873 1822; x_wconf 89' lang='lat' dir='ltr'><strong>hominis</strong></span> <span class='ocrx_word' id='word_1_170' title='bbox 912 1773 1173 1822; x_wconf 86' lang='lat' dir='ltr'><strong>adeundam</strong></span> <span class='ocrx_word' id='word_1_171' title='bbox 1211 1776 1327 1821; x_wconf 88' lang='lat' dir='ltr'><strong>mira</strong></span> <span class='ocrx_word' id='word_1_172' title='bbox 1366 1774 1598 1822; x_wconf 78' lang='lat' dir='ltr'><strong>subtilitas</strong></span> <span class='ocrx_word' id='word_1_173' title='bbox 1636 1784 1689 1822; x_wconf 88' lang='lat' dir='ltr'><strong>et</strong></span> 
     </span>
     <span class='ocr_line' id='line_1_24' title="bbox 54 1843 1686 1908; baseline -0.001 -15"><span class='ocrx_word' id='word_1_174' title='bbox 54 1846 262 1895; x_wconf 79' lang='lat' dir='ltr'><strong>tenuitas</strong></span> <span class='ocrx_word' id='word_1_175' title='bbox 294 1861 396 1893; x_wconf 72' lang='lat' dir='ltr'><strong>sua.</strong></span> <span class='ocrx_word' id='word_1_176' title='bbox 473 1845 671 1892; x_wconf 78' lang='lat' dir='ltr'><strong>Multum</strong></span> <span class='ocrx_word' id='word_1_177' title='bbox 712 1844 1002 1908; x_wconf 87' lang='lat' dir='ltr'><strong>spiritalibus</strong></span> <span class='ocrx_word' id='word_1_178' title='bbox 1041 1843 1220 1892; x_wconf 83' lang='lat' dir='ltr'><strong>viribus</strong></span> <span class='ocrx_word' id='word_1_179' title='bbox 1259 1846 1395 1903; x_wconf 86' lang='lat' dir='ltr'><strong>licet,</strong></span> <span class='ocrx_word' id='word_1_180' title='bbox 1442 1854 1493 1892; x_wconf 88' lang='lat' dir='ltr'><strong>ut</strong></span> <span class='ocrx_word' id='word_1_181' title='bbox 1523 1846 1686 1892; x_wconf 89' lang='lat' dir='ltr'><strong>invisi-</strong></span> 
     </span>
     <span class='ocr_line' id='line_1_25' title="bbox 53 1914 1687 1980; baseline -0.001 -17"><span class='ocrx_word' id='word_1_182' title='bbox 53 1914 178 1963; x_wconf 83' lang='lat' dir='ltr'><strong>biles</strong></span> <span class='ocrx_word' id='word_1_183' title='bbox 208 1924 259 1964; x_wconf 86' lang='lat' dir='ltr'><strong>et</strong></span> <span class='ocrx_word' id='word_1_184' title='bbox 287 1914 590 1963; x_wconf 73' lang='lat' dir='ltr'><strong>insensibiles</strong></span> <span class='ocrx_word' id='word_1_185' title='bbox 622 1917 670 1962; x_wconf 89' lang='lat' dir='ltr'><strong>in</strong></span> <span class='ocrx_word' id='word_1_186' title='bbox 704 1915 879 1963; x_wconf 86' lang='lat' dir='ltr'><strong>effectu</strong></span> <span class='ocrx_word' id='word_1_187' title='bbox 912 1915 1069 1978; x_wconf 84' lang='lat' dir='ltr'><strong>potius</strong></span> <span class='ocrx_word' id='word_1_188' title='bbox 1100 1931 1235 1978; x_wconf 89' lang='lat' dir='ltr'><strong>quam</strong></span> <span class='ocrx_word' id='word_1_189' title='bbox 1269 1915 1315 1961; x_wconf 92' lang='lat' dir='ltr'><strong>in</strong></span> <span class='ocrx_word' id='word_1_190' title='bbox 1345 1924 1455 1962; x_wconf 88' lang='lat' dir='ltr'><strong>actu</strong></span> <span class='ocrx_word' id='word_1_191' title='bbox 1486 1932 1570 1963; x_wconf 90' lang='lat' dir='ltr'><strong>suo</strong></span> <span class='ocrx_word' id='word_1_192' title='bbox 1602 1932 1687 1980; x_wconf 89' lang='lat' dir='ltr'><strong>ap-</strong></span> 
     </span>
     <span class='ocr_line' id='line_1_26' title="bbox 53 1984 1685 2050; baseline -0.001 -17"><span class='ocrx_word' id='word_1_193' title='bbox 53 1994 269 2050; x_wconf 84' lang='lat' dir='ltr'><strong>pareant.</strong></span> <span class='ocrx_word' id='word_1_194' title='bbox 345 1984 396 2033; x_wconf 78' lang='lat' dir='ltr'><strong>Si</strong></span> <span class='ocrx_word' id='word_1_195' title='bbox 423 2001 587 2050; x_wconf 82' lang='lat' dir='ltr'><strong>poma,</strong></span> <span class='ocrx_word' id='word_1_196' title='bbox 628 1986 667 2033; x_wconf 89' lang='lat' dir='ltr'><strong>si</strong></span> <span class='ocrx_word' id='word_1_197' title='bbox 697 1986 862 2048; x_wconf 84' lang='lat' dir='ltr'><strong>fruges</strong></span> <span class='ocrx_word' id='word_1_198' title='bbox 893 1986 1058 2032; x_wconf 86' lang='lat' dir='ltr'><strong>nescio</strong></span> <span class='ocrx_word' id='word_1_199' title='bbox 1092 1985 1219 2049; x_wconf 89' lang='lat' dir='ltr'><strong>quod</strong></span> <span class='ocrx_word' id='word_1_200' title='bbox 1257 2001 1401 2033; x_wconf 87' lang='lat' dir='ltr'><strong>aurae</strong></span> <span class='ocrx_word' id='word_1_201' title='bbox 1433 1986 1584 2034; x_wconf 89' lang='lat' dir='ltr'><strong>latens</strong></span> <span class='ocrx_word' id='word_1_202' title='bbox 1618 1987 1685 2033; x_wconf 93' lang='lat' dir='ltr'><strong>vi-</strong></span> 
     </span>
     <span class='ocr_line' id='line_1_27' title="bbox 53 2055 1683 2119; baseline 0 -16"><span class='ocrx_word' id='word_1_203' title='bbox 53 2056 168 2103; x_wconf 84' lang='lat' dir='ltr'><strong>tium</strong></span> <span class='ocrx_word' id='word_1_204' title='bbox 198 2055 246 2102; x_wconf 89' lang='lat' dir='ltr'><strong>in</strong></span> <span class='ocrx_word' id='word_1_205' title='bbox 277 2056 396 2104; x_wconf 87' lang='lat' dir='ltr'><strong>flore</strong></span> <span class='ocrx_word' id='word_1_206' title='bbox 426 2056 724 2119; x_wconf 86' lang='lat' dir='ltr'><strong>praecipitat,</strong></span> <span class='ocrx_word' id='word_1_207' title='bbox 760 2056 806 2101; x_wconf 89' lang='lat' dir='ltr'><strong>in</strong></span> <span class='ocrx_word' id='word_1_208' title='bbox 840 2055 1052 2118; x_wconf 82' lang='lat' dir='ltr'><strong>germine</strong></span> <span class='ocrx_word' id='word_1_209' title='bbox 1085 2057 1337 2113; x_wconf 84' lang='lat' dir='ltr'><strong>exanimat,</strong></span> <span class='ocrx_word' id='word_1_210' title='bbox 1370 2058 1416 2102; x_wconf 92' lang='lat' dir='ltr'><strong>in</strong></span> <span class='ocrx_word' id='word_1_211' title='bbox 1433 2056 1683 2119; x_wconf 85' lang='lat' dir='ltr'><strong>pubertate</strong></span> 
     </span>
     <span class='ocr_line' id='line_1_28' title="bbox 53 2126 1683 2190; baseline 0 -16"><span class='ocrx_word' id='word_1_212' title='bbox 53 2126 390 2184; x_wconf 72' lang='lat' dir='ltr'><strong>convulnerat,</strong></span> <span class='ocrx_word' id='word_1_213' title='bbox 437 2142 494 2173; x_wconf 82' lang='lat' dir='ltr'><strong>ac</strong></span> <span class='ocrx_word' id='word_1_214' title='bbox 533 2126 573 2173; x_wconf 91' lang='lat' dir='ltr'><strong>si</strong></span> <span class='ocrx_word' id='word_1_215' title='bbox 614 2141 759 2173; x_wconf 89' lang='lat' dir='ltr'><strong>caeca</strong></span> <span class='ocrx_word' id='word_1_216' title='bbox 796 2127 980 2173; x_wconf 88' lang='lat' dir='ltr'><strong>ratione</strong></span> <span class='ocrx_word' id='word_1_217' title='bbox 1024 2134 1232 2174; x_wconf 86' lang='lat' dir='ltr'><strong>tentatus</strong></span> <span class='ocrx_word' id='word_1_218' title='bbox 1278 2129 1362 2174; x_wconf 69' lang='lat' dir='ltr'><strong>aer</strong></span> <span class='ocrx_word' id='word_1_219' title='bbox 1404 2126 1683 2190; x_wconf 87' lang='lat' dir='ltr'><strong>pestilentes</strong></span> 
     </span>
     <span class='ocr_line' id='line_1_29' title="bbox 52 2194 1683 2260; baseline -0.001 -14"><span class='ocrx_word' id='word_1_220' title='bbox 52 2195 244 2246; x_wconf 71' lang='lat' dir='ltr'><strong>haustus</strong></span> <span class='ocrx_word' id='word_1_221' title='bbox 275 2213 385 2246; x_wconf 74' lang='lat' dir='ltr'><strong>suos</strong></span> <span class='ocrx_word' id='word_1_222' title='bbox 416 2194 635 2244; x_wconf 84' lang='lat' dir='ltr'><strong>offundit:</strong></span> <span class='ocrx_word' id='word_1_223' title='bbox 679 2195 849 2244; x_wconf 86' lang='lat' dir='ltr'><strong>eadem</strong></span> <span class='ocrx_word' id='word_1_224' title='bbox 880 2197 1026 2260; x_wconf 77' lang='lat' dir='ltr'><strong>igitur</strong></span> <span class='ocrx_word' id='word_1_225' title='bbox 1057 2196 1346 2245; x_wconf 86' lang='lat' dir='ltr'><strong>obscuritate</strong></span> <span class='ocrx_word' id='word_1_226' title='bbox 1381 2198 1683 2260; x_wconf 84' lang='lat' dir='ltr'><strong>contagionis</strong></span> 
     </span>
     <span class='ocr_line' id='line_1_30' title="bbox 52 2265 1684 2332; baseline -0.001 -16"><span class='ocrx_word' id='word_1_227' title='bbox 52 2265 313 2332; x_wconf 72' lang='lat' dir='ltr'><strong>adspiratio</strong></span> <span class='ocrx_word' id='word_1_228' title='bbox 347 2265 630 2315; x_wconf 81' lang='lat' dir='ltr'><strong>daemonum</strong></span> <span class='ocrx_word' id='word_1_229' title='bbox 671 2276 720 2315; x_wconf 87' lang='lat' dir='ltr'><strong>et</strong></span> <span class='ocrx_word' id='word_1_230' title='bbox 756 2267 1032 2331; x_wconf 87' lang='lat' dir='ltr'><strong>angelorum</strong></span> <span class='ocrx_word' id='word_1_231' title='bbox 1061 2268 1231 2315; x_wconf 88' lang='lat' dir='ltr'><strong>mentis</strong></span> <span class='ocrx_word' id='word_1_232' title='bbox 1262 2283 1449 2332; x_wconf 87' lang='lat' dir='ltr'><strong>quoque</strong></span> <span class='ocrx_word' id='word_1_233' title='bbox 1481 2284 1684 2332; x_wconf 81' lang='lat' dir='ltr'><strong>corrup-</strong></span> 
     </span>
     <span class='ocr_line' id='line_1_31' title="bbox 53 2335 1683 2400; baseline 0 -16"><span class='ocrx_word' id='word_1_234' title='bbox 53 2335 174 2386; x_wconf 71' lang='lat' dir='ltr'><strong>telas</strong></span> <span class='ocrx_word' id='word_1_235' title='bbox 203 2339 303 2400; x_wconf 83' lang='lat' dir='ltr'><strong>agit</strong></span> <span class='ocrx_word' id='word_1_236' title='bbox 330 2337 570 2387; x_wconf 78' lang='lat' dir='ltr'><strong>furoribus</strong></span> <span class='ocrx_word' id='word_1_237' title='bbox 603 2346 652 2384; x_wconf 88' lang='lat' dir='ltr'><strong>et</strong></span> <span class='ocrx_word' id='word_1_238' title='bbox 681 2339 898 2384; x_wconf 81' lang='lat' dir='ltr'><strong>amentiis</strong></span> <span class='ocrx_word' id='word_1_239' title='bbox 929 2335 1113 2396; x_wconf 82' lang='lat' dir='ltr'><strong>foedis,</strong></span> <span class='ocrx_word' id='word_1_240' title='bbox 1163 2347 1243 2385; x_wconf 86' lang='lat' dir='ltr'><strong>aut</strong></span> <span class='ocrx_word' id='word_1_241' title='bbox 1279 2339 1435 2386; x_wconf 88' lang='lat' dir='ltr'><strong>saevis</strong></span> <span class='ocrx_word' id='word_1_242' title='bbox 1474 2337 1683 2386; x_wconf 89' lang='lat' dir='ltr'><strong>libidini-</strong></span> 
     </span>
    </p>

    <p class='ocr_par' dir='ltr' id='par_1_4' title="bbox 0 2405 1682 2753">
     <span class='ocr_line' id='line_1_32' title="bbox 0 2405 1681 2472; baseline 0.001 -18"><span class='ocrx_word' id='word_1_243' title='bbox 0 2419 1 2422; x_wconf 75' lang='grc'>’</span> <span class='ocrx_word' id='word_1_244' title='bbox 53 2405 141 2455; x_wconf 77' lang='lat' dir='ltr'><strong>bus</strong></span> <span class='ocrx_word' id='word_1_245' title='bbox 173 2423 277 2456; x_wconf 87' lang='lat' dir='ltr'><strong>cum</strong></span> <span class='ocrx_word' id='word_1_246' title='bbox 308 2407 551 2457; x_wconf 84' lang='lat' dir='ltr'><strong>erroribus</strong></span> <span class='ocrx_word' id='word_1_247' title='bbox 581 2408 748 2466; x_wconf 82' lang='lat' dir='ltr'><strong>variis3</strong></span> <span class='ocrx_word' id='word_1_248' title='bbox 783 2424 977 2472; x_wconf 89' lang='lat' dir='ltr'><strong>quorum</strong></span> <span class='ocrx_word' id='word_1_249' title='bbox 1008 2409 1098 2457; x_wconf 88' lang='lat' dir='ltr'><strong>iste</strong></span> <span class='ocrx_word' id='word_1_250' title='bbox 1130 2409 1417 2472; x_wconf 79' lang='lat' dir='ltr'><strong>potissimus,</strong></span> <span class='ocrx_word' id='word_1_251' title='bbox 1448 2425 1542 2472; x_wconf 86' lang='lat' dir='ltr'><strong>quo</strong></span> <span class='ocrx_word' id='word_1_252' title='bbox 1563 2407 1681 2456; x_wconf 84' lang='lat' dir='ltr'><strong>deos</strong></span> 
     </span>
     <span class='ocr_line' id='line_1_33' title="bbox 54 2477 1682 2543; baseline -0.001 -18"><span class='ocrx_word' id='word_1_253' title='bbox 54 2477 172 2526; x_wconf 74' lang='lat' dir='ltr'><strong>istos</strong></span> <span class='ocrx_word' id='word_1_254' title='bbox 204 2479 352 2543; x_wconf 78' lang='lat' dir='ltr'><strong>captis</strong></span> <span class='ocrx_word' id='word_1_255' title='bbox 390 2487 441 2527; x_wconf 86' lang='lat' dir='ltr'><strong>ct</strong></span> <span class='ocrx_word' id='word_1_256' title='bbox 471 2479 841 2541; x_wconf 76' lang='lat' dir='ltr'><strong>circumscriptis</strong></span> <span class='ocrx_word' id='word_1_257' title='bbox 880 2479 1115 2526; x_wconf 89' lang='lat' dir='ltr'><strong>hominum</strong></span> <span class='ocrx_word' id='word_1_258' title='bbox 1162 2479 1394 2526; x_wconf 85' lang='lat' dir='ltr'><strong>mentibus</strong></span> <span class='ocrx_word' id='word_1_259' title='bbox 1441 2494 1682 2525; x_wconf 85' lang='lat' dir='ltr'><strong>commen-</strong></span> 
     </span>
     <span class='ocr_line' id='line_1_34' title="bbox 55 2545 1676 2613; baseline 0.001 -18"><span class='ocrx_word' id='word_1_260' title='bbox 55 2545 156 2606; x_wconf 77' lang='lat' dir='ltr'><strong>dat,</strong></span> <span class='ocrx_word' id='word_1_261' title='bbox 202 2557 254 2596; x_wconf 87' lang='lat' dir='ltr'><strong>ut</strong></span> <span class='ocrx_word' id='word_1_262' title='bbox 279 2557 332 2598; x_wconf 80' lang='lat' dir='ltr'><strong>et</strong></span> <span class='ocrx_word' id='word_1_263' title='bbox 356 2548 449 2598; x_wconf 59' lang='lat' dir='ltr'><strong>sibi</strong></span> <span class='ocrx_word' id='word_1_264' title='bbox 478 2548 648 2613; x_wconf 86' lang='lat' dir='ltr'><strong>pabula</strong></span> <span class='ocrx_word' id='word_1_265' title='bbox 691 2549 884 2612; x_wconf 87' lang='lat' dir='ltr'><strong>propria</strong></span> <span class='ocrx_word' id='word_1_266' title='bbox 927 2548 1108 2596; x_wconf 89' lang='lat' dir='ltr'><strong>nidoris</strong></span> <span class='ocrx_word' id='word_1_267' title='bbox 1155 2558 1203 2595; x_wconf 86' lang='lat' dir='ltr'><strong>et</strong></span> <span class='ocrx_word' id='word_1_268' title='bbox 1233 2549 1474 2611; x_wconf 82' lang='lat' dir='ltr'><strong>sanguinis</strong></span> <span class='ocrx_word' id='word_1_269' title='bbox 1505 2565 1676 2612; x_wconf 88' lang='lat' dir='ltr'><strong>procu-</strong></span> 
     </span>
     <span class='ocr_line' id='line_1_35' title="bbox 54 2618 1678 2683; baseline 0.001 -18"><span class='ocrx_word' id='word_1_270' title='bbox 54 2625 131 2665; x_wconf 84' lang='lat' dir='ltr'><strong>ret</strong></span> <span class='ocrx_word' id='word_1_271' title='bbox 159 2618 420 2667; x_wconf 89' lang='lat' dir='ltr'><strong>simulacris</strong></span> <span class='ocrx_word' id='word_1_272' title='bbox 461 2629 509 2667; x_wconf 88' lang='lat' dir='ltr'><strong>et</strong></span> <span class='ocrx_word' id='word_1_273' title='bbox 545 2619 826 2683; x_wconf 85' lang='lat' dir='ltr'><strong>imaginibus</strong></span> <span class='ocrx_word' id='word_1_274' title='bbox 858 2619 1037 2676; x_wconf 87' lang='lat' dir='ltr'><strong>oblata,</strong></span> <span class='ocrx_word' id='word_1_275' title='bbox 1086 2627 1134 2665; x_wconf 90' lang='lat' dir='ltr'><strong>et</strong></span> <span class='ocrx_word' id='word_1_276' title='bbox 1179 2634 1297 2682; x_wconf 89' lang='lat' dir='ltr'><strong>quae</strong></span> <span class='ocrx_word' id='word_1_277' title='bbox 1343 2619 1434 2665; x_wconf 91' lang='lat' dir='ltr'><strong>illis</strong></span> <span class='ocrx_word' id='word_1_278' title='bbox 1481 2635 1678 2666; x_wconf 88' lang='lat' dir='ltr'><strong>accura-</strong></span> 
     </span>
     <span class='ocr_line' id='line_1_36' title="bbox 47 2687 1669 2753; baseline 0.002 -19"><span class='ocrx_word' id='word_1_279' title='bbox 47 2688 151 2740; x_wconf 66' lang='lat' dir='ltr'><strong>tior</strong></span> <span class='ocrx_word' id='word_1_280' title='bbox 178 2704 351 2753; x_wconf 87' lang='lat' dir='ltr'><strong>pascua</strong></span> <span class='ocrx_word' id='word_1_281' title='bbox 383 2697 479 2748; x_wconf 86' lang='lat' dir='ltr'><strong>est,</strong></span> <span class='ocrx_word' id='word_1_282' title='bbox 511 2689 746 2737; x_wconf 88' lang='lat' dir='ltr'><strong>hominem</strong></span> <span class='ocrx_word' id='word_1_283' title='bbox 779 2706 806 2736; x_wconf 92' lang='lat' dir='ltr'><strong>a</strong></span> <span class='ocrx_word' id='word_1_284' title='bbox 832 2691 1043 2753; x_wconf 87' lang='lat' dir='ltr'><strong>cogitatu</strong></span> <span class='ocrx_word' id='word_1_285' title='bbox 1075 2705 1217 2736; x_wconf 89' lang='lat' dir='ltr'><strong>verae</strong></span> <span class='ocrx_word' id='word_1_286' title='bbox 1251 2687 1507 2736; x_wconf 88' lang='lat' dir='ltr'><strong>divinitatis</strong></span> <span class='ocrx_word' id='word_1_287' title='bbox 1539 2705 1669 2737; x_wconf 84' lang='lat' dir='ltr'><strong>aver-</strong></span> 
     </span>
    </p>
   </div>
   <div class='ocr_carea' id='block_1_3' title="bbox 31 2898 1676 3174">
    <p class='ocr_par' dir='ltr' id='par_1_5' title="bbox 31 2898 1676 3174">
     <span class='ocr_line' id='line_1_37' title="bbox 31 2898 1675 2950; baseline 0.002 -15"><span class='ocrx_word' id='word_1_288' title='bbox 31 2934 34 2935; x_wconf 10' lang='lat'><em>?</em></span> <span class='ocrx_word' id='word_1_289' title='bbox 169 2899 214 2948; x_wconf 85' lang='lat'><strong>1)</strong></span> <span class='ocrx_word' id='word_1_290' title='bbox 245 2900 1039 2950; x_wconf 72' lang='lat' dir='ltr'><strong>Wouw.ems.etnig.Daemonas3</strong></span> <span class='ocrx_word' id='word_1_291' title='bbox 1072 2900 1224 2938; x_wconf 81' lang='lat' dir='ltr'><strong>ceteri:</strong></span> <span class='ocrx_word' id='word_1_292' title='bbox 1259 2901 1455 2938; x_wconf 83' lang='lat' dir='ltr'><strong>Omnes.</strong></span> <span class='ocrx_word' id='word_1_293' title='bbox 1516 2898 1675 2949; x_wconf 83' lang='lat' dir='ltr'><strong>2)Hav.</strong></span> 
     </span>
     <span class='ocr_line' id='line_1_38' title="bbox 50 2955 1673 3005; baseline 0.001 -11"><span class='ocrx_word' id='word_1_294' title='bbox 50 2955 207 2994; x_wconf 72' lang='lat' dir='ltr'><strong>etalii:</strong></span> <span class='ocrx_word' id='word_1_295' title='bbox 239 2955 545 3002; x_wconf 77' lang='lat' dir='ltr'><strong>frequentat</strong></span> <span class='ocrx_word' id='word_1_296' title='bbox 574 2959 833 2996; x_wconf 83' lang='lat' dir='ltr'><strong>satanam.</strong></span> <span class='ocrx_word' id='word_1_297' title='bbox 892 2956 973 2993; x_wconf 87' lang='lat' dir='ltr'><strong>Sed</strong></span> <span class='ocrx_word' id='word_1_298' title='bbox 1003 2967 1069 2993; x_wconf 87' lang='lat' dir='ltr'><strong>vv.</strong></span> <span class='ocrx_word' id='word_1_299' title='bbox 1095 2967 1208 2994; x_wconf 84' lang='lat' dir='ltr'><strong>nam</strong></span> <span class='ocrx_word' id='word_1_300' title='bbox 1239 2960 1311 3005; x_wconf 89' lang='lat' dir='ltr'><strong>et,</strong></span> <span class='ocrx_word' id='word_1_301' title='bbox 1345 2956 1520 3003; x_wconf 87' lang='lat' dir='ltr'><strong>quaein</strong></span> <span class='ocrx_word' id='word_1_302' title='bbox 1553 2957 1673 2995; x_wconf 86' lang='lat' dir='ltr'><strong>codd.</strong></span> 
     </span>
     <span class='ocr_line' id='line_1_39' title="bbox 32 3010 1674 3062; baseline -0.002 -11"><span class='ocrx_word' id='word_1_303' title='bbox 32 3010 179 3051; x_wconf 54' lang='grc' dir='ltr'><strong>θοι-ι.</strong></span> <span class='ocrx_word' id='word_1_304' title='bbox 202 3016 244 3048; x_wconf 89' lang='lat' dir='ltr'><strong>et</strong></span> <span class='ocrx_word' id='word_1_305' title='bbox 270 3012 402 3060; x_wconf 70' lang='lat' dir='ltr'><strong>bugd.</strong></span> <span class='ocrx_word' id='word_1_306' title='bbox 427 3013 645 3062; x_wconf 80' lang='lat' dir='ltr'><strong>leguntur,</strong></span> <span class='ocrx_word' id='word_1_307' title='bbox 678 3025 757 3052; x_wconf 87' lang='lat' dir='ltr'><strong>nec</strong></span> <span class='ocrx_word' id='word_1_308' title='bbox 782 3023 1052 3060; x_wconf 78' lang='lat' dir='ltr'><strong>supervacua</strong></span> <span class='ocrx_word' id='word_1_309' title='bbox 1077 3023 1157 3050; x_wconf 86' lang='lat' dir='ltr'><strong>nec</strong></span> <span class='ocrx_word' id='word_1_310' title='bbox 1184 3011 1406 3050; x_wconf 87' lang='lat' dir='ltr'><strong>eiicienda.</strong></span> <span class='ocrx_word' id='word_1_311' title='bbox 1527 3014 1570 3061; x_wconf 81' lang='lat'><strong>3)</strong></span> <span class='ocrx_word' id='word_1_312' title='bbox 1603 3013 1674 3051; x_wconf 81' lang='lat' dir='ltr'><strong>Sic</strong></span> 
     </span>
     <span class='ocr_line' id='line_1_40' title="bbox 47 3067 1676 3117; baseline -0.002 -10"><span class='ocrx_word' id='word_1_313' title='bbox 47 3067 302 3116; x_wconf 44' lang='lat' dir='ltr'><strong>utrumq</strong></span> <span class='ocrx_word' id='word_1_314' title='bbox 333 3068 478 3116; x_wconf 66' lang='lat' dir='ltr'><strong>Rhen„</strong></span> <span class='ocrx_word' id='word_1_315' title='bbox 513 3070 626 3107; x_wconf 79' lang='lat' dir='ltr'><strong>Pam.</strong></span> <span class='ocrx_word' id='word_1_316' title='bbox 651 3070 826 3116; x_wconf 80' lang='lat' dir='ltr'><strong>aliique:</strong></span> <span class='ocrx_word' id='word_1_317' title='bbox 857 3068 938 3106; x_wconf 80' lang='lat' dir='ltr'><strong>vel</strong></span> <span class='ocrx_word' id='word_1_318' title='bbox 964 3080 1137 3117; x_wconf 75' lang='lat' dir='ltr'><strong>magos</strong></span> <span class='ocrx_word' id='word_1_319' title='bbox 1166 3071 1440 3116; x_wconf 79' lang='lat' dir='ltr'><strong>asserunt3</strong></span> <span class='ocrx_word' id='word_1_320' title='bbox 1475 3069 1676 3107; x_wconf 84' lang='lat' dir='ltr'><strong>cod.Put.</strong></span> 
     </span>
     <span class='ocr_line' id='line_1_41' title="bbox 50 3123 1414 3174; baseline -0.001 -12"><span class='ocrx_word' id='word_1_321' title='bbox 50 3123 136 3162; x_wconf 73' lang='lat' dir='ltr'><strong>vel</strong></span> <span class='ocrx_word' id='word_1_322' title='bbox 162 3124 299 3174; x_wconf 77' lang='lat' dir='ltr'><strong>magi</strong></span> <span class='ocrx_word' id='word_1_323' title='bbox 329 3124 535 3173; x_wconf 80' lang='lat' dir='ltr'><strong>adsunt,</strong></span> <span class='ocrx_word' id='word_1_324' title='bbox 569 3126 679 3172; x_wconf 91' lang='lat' dir='ltr'><strong>quod</strong></span> <span class='ocrx_word' id='word_1_325' title='bbox 705 3127 959 3174; x_wconf 82' lang='lat' dir='ltr'><strong>receperunt</strong></span> <span class='ocrx_word' id='word_1_326' title='bbox 982 3125 1093 3173; x_wconf 58' lang='lat' dir='ltr'><strong>Rigz,</strong></span> <span class='ocrx_word' id='word_1_327' title='bbox 1127 3125 1255 3171; x_wconf 84' lang='lat' dir='ltr'><strong>Hav.‚</strong></span> <span class='ocrx_word' id='word_1_328' title='bbox 1289 3125 1414 3163; x_wconf 87' lang='lat' dir='ltr'><strong>Seml.</strong></span> 
     </span>
    </p>
   </div>
   <div class='ocr_carea' id='block_1_4' title="bbox 26 3388 77 3448">
    <p class='ocr_par' dir='ltr' id='par_1_6' title="bbox 26 3384 77 3448">
     <span class='ocr_line' id='line_1_42' title="bbox 26 3388 77 3448; baseline 0 -19"><span class='ocrx_word' id='word_1_329' title='bbox 26 3395 46 3448; x_wconf 54' lang='grc' dir='ltr'><strong><em>ἕ</em></strong></span> <span class='ocrx_word' id='word_1_330' title='bbox 51 3388 77 3437; x_wconf 57' lang='lat'><strong>&#39;1</strong></span> 
     </span>
    </p>
   </div>
   <div class='ocr_carea' id='block_1_5' title="bbox 12 3462 89 3554">
    <p class='ocr_par' dir='ltr' id='par_1_7' title="bbox 12 3462 89 3554">
     <span class='ocr_line' id='line_1_43' title="bbox 19 3462 69 3476; baseline -0.04 0"><span class='ocrx_word' id='word_1_331' title='bbox 19 3462 69 3476; x_wconf 45' lang='grc' dir='ltr'><strong>ΝΕ.</strong></span> 
     </span>
     <span class='ocr_line' id='line_1_44' title="bbox 12 3473 88 3554; baseline 0 0"><span class='ocrx_word' id='word_1_332' title='bbox 12 3473 88 3554; x_wconf 47' lang='grc' dir='ltr'><strong>ἓ</strong></span> 
     </span>
     <span class='ocr_line' id='line_1_45' title="bbox 72 3501 89 3511; baseline 0.059 -1"><span class='ocrx_word' id='word_1_333' title='bbox 72 3501 89 3511; x_wconf 61' lang='lat' dir='ltr'><strong>a.</strong></span> 
     </span>
    </p>
   </div>
  </div>
 </body>
</html>
