1942 3554
1856 0 1924 156 'E

292 303 482 351 dimittit
511 300 700 358 delicta,
734 301 780 347 ni
811 301 936 366 solus
968 300 1082 347 deus
1099 302 1178 359 1)?
1207 309 1255 347 et
1285 301 1443 364 utique
1475 301 1689 349 mortalia
1719 317 1835 365 quae
1859 304 1907 350 in

289 377 436 438 ipsum
468 373 642 418 fuerint
673 369 887 427 admissa,
921 379 971 418 et
1000 371 1046 437 in
1078 371 1297 433 templum
1337 372 1453 418 eius.
1514 370 1635 418 Nam
1673 372 1758 419 tibi
1788 387 1906 436 quae

289 446 337 491 in
370 452 414 489 te
447 450 625 488 reatum
657 441 885 496 habeant,
933 442 1073 488 etiam
1111 441 1379 504 septuagies
1417 443 1593 525 septies
1630 442 1806 490 iuberis
1835 443 1908 489 in-

290 513 484 575 dulgere
516 513 563 558 in
593 527 798 575 persona
828 511 1036 571 Petri2).
1098 511 1260 575 Itaque
1292 512 1331 558 si
1361 521 1411 559 et
1440 512 1567 575 ipsos
1595 511 1763 560 beatos
1793 486 1925 578 apo-9

289 584 438 630 Stolos
477 583 570 629 tale
609 581 784 645 aliquid
816 581 1063 629 indulsisse
1097 590 1360 639 constaret,
1408 583 1538 630 cuius
1573 580 1712 630 venia
1741 599 1768 630 a
1800 582 1918 647 deod

288 670 380 700 non
413 653 469 700 ab
502 653 736 710 homine,
766 661 1061 716 competeret
1097 669 1190 698 non
1229 669 1290 700 ex
1320 651 1588 717 disciplina,
1620 652 1703 701 sed
1734 669 1795 701 ex
1823 664 1915 717 po·-

288 733 460 771 testate
492 724 680 771 fecisse.
756 722 875 770 Nam
916 731 965 770 et
995 731 1204 769 mortuos
1235 724 1599 780 suscitaverunt,
1640 723 1763 788 quod
1794 722 1914 772 deus'

287 795 429 852 solus,
463 802 512 842 et
542 793 722 841 debiles
753 792 1211 856 redintegraverunt,
1246 793 1368 857 quod
1392 810 1535 841 vnemo
1567 795 1655 841 nisi
1681 795 1917 852 Christus,

286 867 379 913 imo
413 873 461 912 et
489 865 652 928 plagas
683 865 966 921 inflixerunt,
1001 863 1124 927 quod
1164 865 1314 911 noluit
1351 864 1591 912 Christus.
1639 864 1748 912 Non
1786 866 1911 912 enim

287 935 490 983 decebat
522 951 626 983 eum
657 936 858 992 saevire,
893 936 968 998 qui
998 936 1095 998 pati
1125 942 1336 982 venerat.
1397 934 1655 985 Percussus
1684 943 1759 993 est
1779 933 1914 983 Ana-

286 1008 388 1053 nias
420 1014 468 1053 et
497 1005 688 1063 Elimas,
721 1004 930 1052 Ananias
962 1014 1135 1063 morte,
1175 1004 1350 1052 Elimas
1390 996 1622 1053 caecitate
1639 998 1717 1067 322
1729 1014 1788 1055 ut
1815 1006 1909 1054 hoc

285 1079 388 1142 ipso
421 1077 725 1139 probaretur,
760 1076 993 1122 Christum
1026 1085 1075 1123 et
1104 1076 1223 1123 haec
1255 1076 1416 1123 facere
1455 1077 1679 1140 potuisse.
1740 1067 1821 1124 Sic
1861 1085 1912 1124 et

285 1147 548 1211 prophetae
582 1145 776 1193 caedem
809 1155 858 1192 et
890 1162 992 1192 cum
1024 1161 1081 1192 ea
1111 1146 1371 1192 moechiam
1402 1147 1786 1212 poenitentibus
1773 1163 1910 1210 igno-

285 1226 480 1273 verant,
530 1217 633 1279 quia
682 1225 731 1263 et
775 1217 1041 1262 severitatis
1088 1215 1370 1263 documenta
1421 1216 1652 1265 fecerunt.
1725 1216 1910 1265 Exhibe

287 1289 434 1350 igitur
478 1296 534 1333 et.
571 1303 692 1333 nunc
738 1287 872 1344 mihi,
920 1287 1207 1349 apostolice,
1252 1286 1533 1354 prophetica
1577 1287 1815 1351 exempla,
1861 1295 1914 1335 et

286 1374 540 1421 agnoscam
580 1357 893 1414 divinitatem,
943 1365 992 1404 et
1021 1356 1208 1405 vindica
1246 1357 1331 1404 tibi
1372 1356 1651 1405 delictorum
1682 1356 1913 1406 eiusmodi

286 1427 674 1476 remittendorum
705 1436 1007 1492 potestatem.
1070 1426 1206 1486 Quod
1242 1429 1286 1474 si
1316 1422 1774 1493 disciplinaesolius
1806 1428 1913 1476 offi-

289 1501 364 1547 cia
395 1501 586 1547 sortitus
618 1515 685 1556 es,
718 1515 806 1546 nec
839 1499 1037 1561 imperio
1067 1497 1358 1561 praesidere,
1393 1497 1476 1554 sed
1496 1496 1782 1557 ministerio,
1810 1500 1912 1563 quis

287 1580 369 1617 aut
400 1579 594 1634 quantus
627 1586 677 1617 es
709 1568 987 1632 indulgere?
1018 1570 1095 1632 qui
1126 1585 1276 1632 neque
1307 1566 1583 1633 prophetam
1604 1575 1696 1627 hec
1718 1578 1913 1634 aposto-

288 1642 380 1688 lum
413 1641 662 1698 exhibens,
713 1656 847 1687 cares
880 1656 937 1687 ea
966 1641 1163 1697 virtute,
1213 1641 1342 1687 cuius
1381 1648 1454 1687 est
1490 1639 1752 1703 indulgere.
1813 1638 1912 1688 Sed

286 1712 452 1769 habet,
499 1712 673 1774 inquis,
721 1719 1003 1774 potestatem
1034 1711 1253 1757 ecclesia
1295 1709 1470 1757 delicta
1515 1709 1751 1758 donandi?
1807 1710 1912 1759 Hoc

287 1799 378 1845 ego
412 1784 559 1844 magis
591 1790 639 1828 et
669 1798 878 1844 agnosco
912 1789 960 1827 et
991 1780 1212 1843 dispono,
1253 1781 1329 1845 qui
1361 1781 1507 1844 ipsum
1545 1776 1833 1845 paracletum
1863 1782 1913 1828 in

285 1853 530 1917 prophetis
576 1853 709 1898 novis
754 1852 906 1898 habeo
954 1850 1225 1898 dicentem:
1281 1850 1445 1898 Potest
1489 1852 1694 1899 ecclesia
1731 1850 1911 1899 donare

287 1924 531 1980 delictum,
571 1921 654 1970 sed
687 1939 779 1968 non
811 1923 1004 1979 faciam,
1045 1937 1103 1969 ne
1136 1931 1184 1969 et
1213 1922 1307 1969 alia
1338 1920 1624 1985 delinquant.
1687 1921 1829 1981 Quid,
1871 1921 1916 1970 fi·

284 1993 772 2060 pseudopropheticus
804 1994 992 2056 spiritus
1023 1994 1370 2055 pronuntiavit?
1419 1994 1563 2056 Atqui
1596 1993 1743 2055 magis
1773 2007 1912 2041 ever-

286 2067 407 2112 soris
444 2066 631 2121 fuisset,
679 2073 729 2111 et
774 2064 1071 2126 semetipsum
1111 2062 1169 2111 de
1210 2064 1460 2111 clementia
1499 2062 1829 2111 commendare
1858 2069 1913 2112 et

287 2145 476 2182 ceteros
507 2134 566 2181 ad
597 2134 961 2197 delinquentiam
994 2143 1276 2196 temperare.
1335 2131 1433 2180 Aut
1462 2135 1501 2180 si
1533 2134 1625 2180 hoc
1655 2132 1911 2182 secundum

286 2207 497 2269 spiritum
535 2206 748 2251 veritatis
787 2205 1015 2263 affectare
1048 2205 1262 2265 gestivit,
1310 2220 1427 2266 ergo
1467 2205 1657 2267 spiritus
1694 2205 1910 2252 veritatis

284 2284 444 2340 potest
489 2274 673 2338 quidem
720 2273 966 2336 indulgere
1013 2274 1380 2320 fornicatoribus
1424 2275 1630 2331 veniam,
1676 2273 1760 2321 sed
1806 2290 1910 2321 cum

284 2347 484 2410 plurium
516 2346 636 2391 malo
670 2361 763 2391 non
792 2345 904 2391 vult.
945 2343 1014 2390 De
1046 2353 1126 2390 tua
1155 2361 1276 2391 nunc
1309 2343 1909 2407 sententia-quaero‚unde

285 2417 377 2464 hoc
417 2418 487 2463 ius
526 2416 761 2463 ecclesiae
800 2430 1027 2477 usurpes:
1060 2416 1099 2461 si
1139 2416 1245 2478 quia
1284 2413 1458 2461 dixerit
1487 2413 1630 2461 Petro
1669 2412 1904 2462 dominus:

286 2503 428 2551 super
463 2487 583 2533 hanc
630 2495 810 2550 petram
856 2484 1118 2532 aedificabo
1166 2486 1417 2532 ecclesiam
1456 2500 1628 2542 meam,
1675 2485 1762 2533 tibi
1799 2483 1911 2534 dedi

287 2559 445 2605 claves
476 2558 612 2619 regni
645 2557 895 2615 coelestis;
926 2556 1025 2603 vel:
1062 2568 1364 2619 quaecunque
1403 2555 1671 2618 alligaveris
1699 2555 1775 2604 vel
1814 2556 1910 2603 sol-

284 2630 410 2676 veris
441 2630 487 2674 in
519 2638 664 2685 terra,
698 2636 835 2675 erunt
865 2627 1058 2688 alligata
1089 2627 1162 2673 vel
1194 2627 1346 2674 soluta
1376 2627 1431 2672 in·
1456 2626 1604 2684 coelis
1619 2627 1692 2686 4);
1724 2625 1908 2673 idcirco

285 2700 546 2764 praesumis
578 2707 627 2746 et
657 2697 717 2744 ad
748 2707 795 2745 te
836 2696 1076 2745 derivasse
1107 2696 1320 2755 solvendi
1358 2705 1407 2744 et
1444 2695 1668 2759 alligandi
1698 2705 1911 2760 potesta-

287 2779 397 2828 tem,
431 2770 478 2816 id
510 2778 583 2816 est
613 2768 672 2815 ad
706 2784 889 2816 omnem
921 2768 1173 2815 ecclesiam
1205 2767 1333 2815 Petri
1363 2768 1702 2831 propinquam?
1759 2767 1910 2830 qualis

289 2857 355 2897 es,
412 2849 629 2887 evertens
673 2848 811 2902 atque
859 2847 1147 2887 commutans
1193 2839 1482 2885 manifestam
1536 2837 1710 2886 domini
1755 2838 1909 2885 inten-

288 2912 464 2957 tionem
509 2911 825 2974 personaliter
875 2909 966 2956 hoc
1012 2908 1156 2956 Petro
1212 2910 1573 2974 conferentem?
1646 2906 1800 2972 Super
1843 2916 1914 2977 te,v

290 189 412 234 126
870 189 955 226 DE
983 175 1326 228 Pomm-rm.

403 3078 442 3127 1)
460 3081 590 3118 Marc.
609 3081 647 3126 2,
667 3082 705 3118 7.
879 3080 923 3129 2)
941 3078 1091 3118 Matth.
1109 3081 1175 3129 18,
1195 3080 1261 3118 22.
1439 3078 1482 3128 3)
1503 3079 1593 3118 Act.
1621 3081 1660 3127 5,
1680 3080 1718 3117 5.
1743 3077 1810 3126 13,
1838 3078 1905 3116 11.

290 3136 335 3186 4)
354 3137 502 3174 Matth.
522 3138 588 3183 16,
609 3138 659 3172 18
679 3148 738 3183 sq.
