1942 3554
1892 186 1902 207 1

1860 235 1867 245 t
1879 211 1902 242 εδ

1889 243 1901 266 l

300 249 416 295 122
872 246 957 283 DE
984 244 1328 283 run-mrsu.

305 362 479 418 Filioli,
513 360 630 406 haec
663 357 829 420 scripsi
858 356 1015 414 vobis,
1062 373 1120 404 ne
1154 356 1458 421 delinquatis,
1500 365 1555 404 et
1582 359 1622 412 si
1657 354 1937 423 ’ἁθίἰφιει-ἰλ

300 436 376 489 tis,
409 430 685 478 advocatum
715 427 937 474 habemus
969 427 1091 491 apud
1123 426 1268 475 deum'
1289 436 1484 491 patrem,
1515 427 1667 479 lesum
1686 420 1902 478 Christu
1933 464 1937 465 ν

300 505 491 558 iustum,
532 509 581 547 et
609 501 708 562 ipse
740 498 945 561 placatio
979 507 1057 545 est·
1079 514 1166 562 pro
1200 497 1401 545 delictis.
1424 499 1595 549 nostris
1613 501 1675 560 1).
1739 495 1916 562 Ξθοιι

301 573 407 620 dum
437 573 572 628 haec,
606 570 772 633 inquis,
807 577 856 615 et
884 567 1159 632 delinquere
1191 585 1276 615 nos
1307 577 1356 616 et
1384 569 1566 616 veniam
1598 569 1773 618 habere
1807 575 1873 618 co?
1900 612 1902 614 .

300 644 455 691 stabit.
520 640 650 700 Quid„
671 656 786 702 ergo
819 639 914 696 fiet,
949 656 1084 702 quum
1115 638 1380 703 procedens
1410 639 1535 688 aliud
1565 641 1785 688 invenio?
1821 610 1938 689 Nfi

301 723 382 778 gat
412 714 533 760 enim
565 728 650 758 nos
683 711 870 757 omnino
905 708 1202 773 delinquere,
1250 718 1298 757 et
1335 711 1382 756 in
1420 709 1511 757 hoc
1548 711 1790 774 plurimum
1823 720 1882 759 tr
1923 769 1926 772 ἢ

302 793 421 841 ctat,
450 791 527 830 'ut
570 783 683 830 nihil
728 782 821 828 tale
869 780 1117 839 concedat,
1163 796 1432 844 proponens
1477 781 1622 828 semel
1666 798 1694 828 a
1733 778 1938 829 Chris-l:

301 854 475 902 delicta
506 852 677 910 deleta,
704 868 796 899 non
827 852 1044 899 habitura
1074 861 1239 915 postea
1268 852 1467 908 veniam,
1496 852 1546 898 -in
1565 867 1668 915 'quo
1687 869 1784 899 ⁴nos
1815 869 1906 900 se*
1927 869 1930 871 ·

301 941 378 973 sus
410 924 468 972 ad
500 923 864 971 admonitionem
897 924 1201 971 castimoniae
1232 920 1514 970 demandat.v
1549 921 1723 980 Omnis,
1755 922 1937 987 inquisti

301 997 379 1060 qui
416 995 560 1042 habet
596 1010 724 1058 spem
763 994 921 1074 istam,
971 994 1203 1040 castificat
1240 994 1561 1055 semetipsum,
1610 994 1717 1056 quia
1755 1003 1804 1041 et
1841 994 1892 1041 ill

302 1075 458 1114 castus
497 1073 582 1112 est.
646 1064 803 1112 Omnis
842 1064 918 1126 qui
962 1064 1079 1110 facit
1117 1063 1339 1110 delictum
1378 1072 1426 1110 et
1462 1064 1751 1133 iniquitatem
1789 1062 1930 1118 facit⁴

301 1146 351 1184 et
380 1136 599 1183 delictum
633 1142 704 1181 est
734 1134 966 1196 iniquitas.
1041 1133 1103 1179 Et
1148 1135 1278 1180 scitis
1318 1132 1440 1196 quod
1478 1134 1557 1180 ille
1603 1135 1913 1182 manifestata.
1934 1155 1939 1159 ’

302 1208 460 1263 sit„ut
489 1206 675 1252 auferat
694 1202 900 1259 delicta,
933 1204 1092 1266 utique
1124 1203 1351 1250 hactenus
1387 1202 1690 1251 admittenda.
1766 1203 1911 1269 Siqui

301 1276 406 1324 dem
453 1276 711 1338 subiungit:
775 1273 932 1320 Omnis
979 1275 1056 1338 qui
1102 1283 1258 1321 manet
1302 1275 1349 1320 in
1393 1274 1499 1331 illo,
1545 1291 1639 1321 non
1679 1272 1938 1340 delinquit?

302 1347 460 1395 Omnis
493 1348 568 1410 qui
600 1345 849 1407 delinquit,
896 1360 1047 1411 neque
1078 1344 1195 1391 vidit
1233 1360 1384 1426 neque
1416 1346 1640 1407 cognovit
1670 1361 1789 1393 eum.
1850 1345 1914 1394 Fi<

300 1418 426 1476 lioli,
472 1433 608 1464 nemo
646 1432 731 1463 vos
771 1413 980 1462 seducat.
1044 1415 1201 1462 Omnis
1233 1417 1310 1479 qui
1341 1416 1457 1462 facit
1486 1417 1732 1474 iustitiam,
1779 1418 1938 1465 iustu.

301 1498 389 1546 est,
423 1489 544 1535 sicut
574 1487 731 1534 etille
763 1487 909 1532 iustus
941 1494 1028 1533 est.
1094 1486 1181 1544 Qui
1212 1487 1329 1533 facit
1359 1485 1603 1544 delictum,
1644 1503 1704 1534 ex
1735 1483 1907 1535 diabol«

302 1569 389 1617 est,
423 1559 637 1622 quoniam
670 1556 883 1603 diabolus
914 1573 942 1602 a
972 1556 1230 1620 primordio
1263 1552 1505 1620 delinquit.
1581 1557 1633 1604 In
1672 1558 1763 1605 hoc
1803 1574 1883 1605 en
1921 1581 1926 1584 ·

300 1627 622 1678 manifestatus
654 1636 726 1675 est
756 1628 876 1674 filius
909 1626 1013 1685 Dei,
1046 1636 1099 1674 ut
1129 1628 1279 1674 solvat
1310 1644 1455 1691 opera
1477 1626 1741 1686 dunholm).
1801 1627 1936 1678 Nan-

302 1710 352 1750 et
382 1702 520 1747 solvit
550 1699 755 1746 liberans
785 1698 1016 1746 hominem
1050 1714 1140 1762 per
1176 1699 1432 1755 lavacrum,
1458 1697 1645 1758 *donato
1676 1699 1906 1763 chirogra-
1936 1724 1939 1725 ⁷

299 1772 392 1837 pho
426 1771 587 1817 mortis
604 1771 667 1830 3).
728 1769 790 1816 Et
820 1767 928 1816 ideo
962 1770 1124 1826 omnis,
1159 1771 1235 1832 qui
1267 1785 1327 1816 ex
1357 1768 1448 1816 deo
1479 1765 1702 1827 nascitur,
1735 1786 1828 1816 non
1852 1772 1906 1818 fa·
1931 1790 1934 1793 ·

303 1844 367 1890 cit
399 1841 650 1897 delictum,¹
691 1841 798 1903 quia
829 1856 987 1887 semen
1020 1839 1097 1887 dei
1127 1849 1285 1887 manet
1309 1841 1365 1887 in
1398 1841 1503 1897 illo,
1551 1848 1601 1887 et
1637 1846 1730 1886 non'
1767 1849 1935 1904 potes„

301 1912 600 1976 delinquere,
649 1912 755 1975 quia
793 1927 852 1957 ex
891 1910 980 1958 deo
1021 1920 1154 1958 natus
1193 1920 1279 1958 est.
1342 1910 1392 1957 In
1431 1911 1522 1958 hoc
1554 1911 1788 1959 manifesti
1819 1926 1932 1962 suasss

299 1984 384 2031 filii
416 1983 493 2030 dei
524 1991 572 2030 et
602 1982 684 2028 filii
717 1981 891 2029 diaboli
907 1983 971 2040 4).
1034 1981 1085 2028 In
1118 1982 1224 2044 quo,
1257 1982 1344 2027 nisi
1375 1982 1443 2028 illi
1472 1997 1566 2028 non
1591 1980 1932 2045 delinquendo⁴>

301 2071 362 2103 ex
393 2071 483 2118 quo
516 2053 574 2100 de
608 2052 698 2100 deo
733 2054 830 2099 nati
861 2061 988 2110 sunt3
1022 2053 1098 2098 isti
1131 2051 1470 2115 delinquendo,
1505 2053 1611 2116 quia
1642 2051 1701 2100 de
1734 2051 1933 2104 diabolo:

301 2134 421 2182 sunt,
455 2123 652 2188 proinde
685 2132 822 2186 atque
855 2124 894 2169 si
925 2139 1154 2185 nunquam
1187 2124 1280 2169 sint
1311 2139 1370 2178 ex
1401 2122 1491 2177 deo
1532 2123 1658 2169 nati?
1717 2122 1854 2181 Quod
1882 2128 1937 2179 s'

301 2195 439 2242 dicit:
475 2196 551 2256 qui
584 2210 676 2239 non
709 2202 780 2240 est
810 2194 981 2249 iustus,
1015 2208 1075 2239 ex
1105 2192 1195 2240 deo
1227 2209 1320 2239 non
1352 2193 1510 2252 est⁵)‚
1558 2194 1633 2256 qui
1665 2210 1757 2240 non
1788 2192 1911 2257 pudi·

302 2282 400 2323 cus,
435 2263 666 2327 quomodo
699 2279 856 2309 rursus
889 2278 950 2309 ex
979 2261 1069 2309 deo
1103 2263 1197 2319 fiet,
1232 2263 1309 2326 qui
1339 2264 1428 2309 iam
1461 2278 1564 2310 esse
1591 2262 1759 2310 desiit?
1789 2264 1904 2310 qut·

302 2345 375 2383 est
418 2336 561 2398 igitur
604 2342 655 2380 ut
699 2332 931 2380 excidisse
978 2333 1066 2379 sihi
1113 2332 1318 2379 dicamus
1365 2332 1587 2379 Ioannem
1632 2334 1679 2379 in
1716 2335 1904 2397 primor<

302 2405 487 2470 quidem
533 2405 732 2467 epistola
777 2397 1025 2466 negantem
1070 2420 1155 2450 nos
1201 2405 1300 2450 sine
1347 2401 1522 2449 delicto
1569 2419 1672 2450 esse
1690 2404 1762 2466 ⁶),
1800 2420 1903 2451 nun·

301 2493 415 2524 vero
455 2475 862 2555 praescribentem
897 2491 989 2520 non
1028 2473 1301 2536 delinquere
1349 2474 1560 2534 omnino,
1598 2482 1656 2521 et
1693 2475 1789 2522 illic
1822 2475 1903 2539 qui

303 2547 408 2595 dem
448 2545 619 2609 aliquid
660 2544 718 2592 de
757 2546 896 2592 venia
933 2543 1272 2602 blandientem,
1318 2543 1396 2590 hic
1433 2559 1547 2591 vero
1587 2543 1800 2593 districte
1839 2559 1902 2608 ne

303 2627 489 2699 gantem
522 2618 642 2663 filios
674 2615 773 2672 dei,
808 2616 1068 2679 quicun'que
1109 2614 1404 2678 deliquerint.
1467 2612 1563 2661 Sed
1603 2615 1740 2665 absit.
1797 2615 1917 2663 'N„‹

302 2705 390 2736 nec
423 2689 511 2751 ipsi
543 2686 801 2734 excidimus
839 2702 867 2732 a
906 2702 994 2748 qua
1032 2685 1232 2748 digressi
1271 2701 1424 2732 sumus
1461 2683 1764 2735 distinctione
1803 2685 1907 2738 del&

305 2768 501 2806 ctorum.
542 2757 604 2804 Et
634 2758 709 2804 hic
743 2757 863 2804 enim
894 2757 1019 2802 illam
1053 2756 1252 2803 loannes
1276 2754 1639 2838 commendavit,
1674 2755 1797 2820 quod
1827 2758 1929 2805 sit-

305 2828 532 2892 quaedam
571 2826 744 2875 delicta
782 2823 1080 2890 quotidianae
1113 2827 1417 2884 incursionis,
1465 2826 1628 2890 quibus
1667 2842 1828 2875 omnes
1857 2818 1935 2875 ds

305 2915 404 2946 mus
436 2899 626 2946 obiecti.
704 2898 790 2944 Cui
822 2898 943 2945 enim
981 2913 1073 2944 non
1105 2897 1301 2955 accidit,
1347 2906 1427 2944 aut
1462 2898 1604 2944 irasci
1642 2897 1824 2962 inique,
1868 2905 1922 2945 e*

304 2970 428 3017 ultra
458 2970 569 3016 solis
602 2985 836 3027 occasum,
869 2975 948 3014 aut
978 2977 1027 3015 et
1056 2985 1236 3016 manum
1266 2969 1531 3026 immittere,
1556 2975 1636 3015 aut
1656 2969 1797 3016 facile
1820 2981 1903 3016 ma·

420 3138 463 3186 1)
480 3140 504 3174 1
524 3140 606 3175 loa.
625 3140 662 3185 1,
681 3139 705 3174 8
723 3149 811 3186 sqq.
829 3140 867 3187 2,
888 3140 911 3175 1
929 3150 989 3186 sq.
1107 3138 1151 3187 2)
1173 3141 1195 3176 1
1212 3140 1295 3178 loa.
1312 3139 1350 3187 3,
1369 3139 1505 3177 3-8,
1615 3135 1768 3187 3)(301.
1787 3137 1825 3186 2,
1848 3137 1908 3175 14,

302 3192 354 3248 4)
372 3196 394 3232 1
411 3197 495 3234 loa.
513 3194 551 3244 3,
572 3196 594 3230 9
613 3205 671 3241 sq.
787 3193 832 3247 5)
853 3197 874 3232 1
893 3198 975 3233 loa.
994 3196 1032 3244 3,
1053 3197 1117 3232 10.
1233 3196 1277 3244 6)
1297 3198 1319 3233 1
1336 3197 1420 3234 loa.
1440 3197 1477 3245 1,
1495 3196 1534 3231 8.
