1942 3554
291 146 371 191 12
870 145 953 182 DE
992 146 1330 183 ORA‘rmNE.

1934 113 1942 272 ..n-...a-v-44.
1934 0 1942 104 ,.-,....Α-.

291 261 410 308 filias
446 257 679 305 hominum
725 253 1024 303 desciverunt
1067 272 1096 302 a
1140 255 1246 303 deo.
1322 256 1452 315 Quis.
1477 273 1593 320 ergo
1632 257 1942 324 contendat&

291 331 415 378 solas
445 327 687 383 mulieres,
734 325 782 372 id
821 334 914 382 est,
962 334 1126 389 nuptas
1163 328 1254 372 iam
1293 336 1342 374 et
1368 328 1628 390 virginitati
1659 327 1914 386 defunctas}

292 397 703 461 concupiscentiae
721 397 792 455 1),
825 396 914 442 nisi
939 397 979 442 si
1005 412 1096 442 non
1121 397 1235 444 licet
1263 406 1312 444 et
1340 398 1546 460 virgines
1576 400 1736 462 specie
1766 417 1909 463 prae·

290 478 416 516 stare
448 475 498 514 et
525 474 760 513 amatores
791 466 1033 513 invenire?
1103 466 1201 513 Imo
1244 466 1479 533 videmus,
1516 467 1650 531 quod
1686 485 1780 516 non
1809 471 1914 518 vir--

290 540 423 602 gines
454 537 578 583 solas
611 536 957 600 concupierint,
1006 552 1142 600 quum
1174 535 1302 584 dicat
1331 539 1564 601 scriptura
1600 539 1719 586 filias
1755 539 1910 588 homi-⁴·-

290 626 420 666 num,
468 608 576 670 quia
604 608 757 670 potuit
786 623 957 654 uxores
988 607 1222 654 hominum
1259 609 1549 666 nominasse,
1593 610 1670 657 vel
1712 609 1922 662 femina·

289 678 630 727 indifferenter.
705 676 858 723 Etiam
891 676 1013 740 quod
1044 678 1130 724 ait:
1177 677 1239 724 Et
1276 687 1563 742 acceperunt
1598 679 1687 726 sibi
1717 680 1763 726 in
1793 674 1916 731 uxot·—

290 766 368 797 res
391 751 463 810 2),
512 764 570 795 eo
602 748 740 805 facit,
775 746 898 810 quod
928 748 1223 811 accipiuntur
1251 749 1308 795 in‘
1336 765 1530 806 uxores,
1579 764 1697 813 quae
1742 744 1927 798 vacan'u

290 820 490 867 scilicet.
565 817 635 865 De
666 834 759 865 non
789 818 1061 865 vacantibus
1093 827 1247 865 autem
1279 819 1418 866 aliter
1448 820 1748 867 enuntiasset.
1816 820 1917 876 Ita-⁷

293 906 380 954 que
410 897 583 936 vacant
605 897 699 935 tam
722 887 972 945 viduitate,
1007 904 1141 952 quam
1173 897 1221 939 et
1242 890 1528 952 virginitate.
1587 887 1725 938 Adeo
1751 904 1928 947 sexum

290 957 573 1007 nominando
601 959 890 1021 generaliter
914 959 1031 1006 filias
1057 968 1106 1006 et
1129 960 1313 1022 species
1335 960 1383 1006 in
1408 975 1584 1022 genere
1604 960 1906 1009 commiscuit}

292 1031 409 1078 Item
442 1045 579 1093 quum
610 1028 747 1085 dicit,
788 1037 1001 1076 naturam
1039 1030 1185 1092 ipsam
1217 1028 1416 1087 docere,
1462 1030 1660 1078 feminas
1688 1030 1907 1080 velandas

288 1116 421 1157 esse,
469 1115 586 1162 quae
634 1099 849 1161 capillum
894 1115 980 1161 pro
1019 1107 1290 1160 tegumento
1322 1109 1371 1146 et
1401 1109 1675 1147 ornamento
1705 1102 1922 1150 mulieris--

288 1171 377 1218 bus
409 1170 681 1230 assignarit:
715 1184 868 1214 nonne
900 1167 1024 1215 idem
1053 1177 1393 1231 tegumentum,
1427 1177 1476 1216 et
1497 1168 1622 1216 idem
1651 1169 1805 1218 honor
1835 1186 1926 1219 car—

290 1241 402 1304 pitis
431 1239 690 1301 virginibus
722 1253 904 1301 quoque
937 1237 1199 1302 adscriptus
1231 1241 1333 1286 est?
1393 1237 1444 1286 Si
1471 1239 1654 1287 mulieri
1676 1249 1811 1306 turpe
1843 1257 1894 1291 es

291 1309 424 1366 radi,
458 1316 507 1355 et
535 1309 708 1371 virgini
737 1306 934 1372 perinde
958 1308 1021 1370 5).
1104 1308 1157 1355 ln
1202 1309 1365 1373 quibus
1410 1325 1526 1373 ergo
1571 1326 1663 1357 una
1707 1310 1846 1359 condi
1870 1313 1892 1372 ⁸,

296 1380 463 1444 capitis
495 1377 767 1442 deputatur,
815 1394 907 1426 una
937 1387 986 1426 et
1015 1378 1262 1443 disciplina
1299 1381 1466 1444 capitis
1503 1381 1727 1443 exigitur,
1775 1383 1840 1429 eti

292 1450 355 1498 ad
385 1466 466 1497 eas
495 1450 727 1511 virgines,
775 1465 888 1513 quas
925 1450 1128 1512 pueritia
1166 1449 1399 1510 defendit3
1446 1467 1475 1507 a
1509 1452 1660 1515 primo
1691 1453 1814 1500 enim
1843 1453 1902 1514 fe·

291 1523 420 1570 mina
450 1521 687 1567 nominata
717 1528 803 1567 est.
867 1517 947 1566 Sic
987 1519 1185 1584 denique
1225 1529 1274 1567 et
1316 1521 1464 1569 Israel
1518 1521 1750 1570 observat.
1819 1520 1852 1570 S
1895 1521 1901 1528 ’

293 1593 335 1639 si
367 1607 460 1638 non
492 1590 790 1647 observaret,
837 1598 999 1637 nostra
1037 1591 1115 1638 lex
1153 1591 1373 1654 ampliata
1410 1600 1550 1656 atque
1589 1593 1803 1656 suppleta
1833 1591 1919 1646 dg..

291 1660 514 1711 fenderet
543 1661 632 1707 sibi
663 1659 993 1708 adiectionem.
1070 1660 1344 1725 Virginibus
1376 1678 1558 1726 quoque
1589 1663 1806 1711 iniiciens
1835 1675 1906 1712 ve*

294 1733 547 1780 lamentum
579 1740 846 1778 excusetur.
920 1730 1059 1778 Nunc
1090 1740 1245 1788 actas,
1279 1747 1397 1795 quac
1429 1748 1590 1783 sexum
1620 1749 1750 1787 suum
1780 1734 1902 1797 igno·

293 1812 393 1860 rat,
427 1802 739 1864 simplicitatis
769 1801 1065 1864 privilegium
1095 1810 1270 1849 teneat.
1331 1801 1453 1850 Nam
1483 1811 1533 1850 et
1560 1801 1661 1851 Eva
1684 1811 1734 1850 et
1746 1799 1912 1858 Adam

293 1873 377 1921 ubi
407 1874 477 1919 eis
510 1872 709 1934 contigit
737 1887 928 1935 sapere,
974 1880 1195 1919 texerunt
1224 1873 1402 1931 statim,
1449 1871 1573 1937 quod
1586 1882 1909 1939 j'agnoveranjn

296 1944 442 1991 Certe
474 1943 521 1989 in
553 1942 716 2006 quibus
746 1943 949 2006 pueritia
979 1944 1193 2000 mutavit,
1234 1944 1357 1991 sicut
1392 1952 1611 2003 naturae,
1649 1945 1717 1993 ita
1746 1954 1795 1993 et
1824 1944 1932 1998 dis·⁴

296 2014 501 2078 ciplinae
549 2011 693 2060 debet
731 2022 864 2060 aetas
911 2029 1016 2060 esse
1061 2013 1293 2061 munifica.
1366 2013 1488 2062 Nam
1532 2023 1582 2062 et
1617 2015 1836 2063 membris
1868 2024 1909 2076 ,gr

296 2084 470 2131 officiis
515 2083 785 2130 mulieribus
830 2085 1143 2146 resignantur.
1217 2082 1359 2132 Nulla
1401 2086 1537 2148 virgo
1583 2094 1676 2144 est,
1723 2102 1784 2134 ex
1828 2085 1897 2150 q&

295 2163 457 2218 potest
486 2154 688 2211 nubere,
737 2155 952 2217 quoniam
998 2163 1129 2202 aetas
1174 2156 1266 2202 iam
1309 2156 1357 2202 in
1396 2171 1454 2203 ea
1490 2157 1648 2220 nupsit
1683 2172 1767 2204 suo
1797 2157 1918 2218 vir&

295 2223 348 2271 id
379 2232 452 2271 est
480 2225 696 2287 tempori.
774 2221 871 2270 Sed
908 2225 1064 2287 aliqua
1102 2241 1152 2272 se
1192 2224 1282 2272 deo
1318 2227 1460 2273 vovit.
1535 2225 1632 2277 lam
1662 2235 1713 2274 et
1742 2228 1871 2290 erin,

297 2293 471 2343 exinde
503 2293 826 2356 transfigurat,
860 2302 909 2340 et
938 2310 1117 2341 omnem
1150 2295 1356 2341 habitum
1387 2294 1447 2342 ad
1477 2296 1697 2344 mulieres
1722 2288 1910 2370 conve}

298 2366 372 2412 tit.
431 2364 599 2411 Totum
630 2380 746 2427 ergo
772 2372 1035 2421 asseveret,
1069 2373 1118 2411 et
1140 2373 1286 2411 totum
1310 2366 1506 2428 virginis
1530 2375 1763 2429 praestet;
1795 2375 1885 2432 qu*

299 2443 498 2500 propter
528 2434 665 2482 deum
696 2433 966 2492 abscondit,
997 2434 1135 2498 plane
1169 2435 1430 2483 obumbret.
1505 2435 1712 2485 Interest
1741 2435 1882 2487 nost‘s

301 2504 427 2570 quod
460 2503 536 2553 dei
569 2506 722 2568 gratia
752 2513 998 2562 exerceat,
1046 2505 1188 2552 solius
1227 2504 1303 2553 dei
1336 2507 1652 2555 conscientiae
1686 2513 1905 2573 comme&

301 2577 440 2635 dare,
483 2590 540 2623 ne
573 2574 696 2639 quod
735 2592 763 2622 a
793 2574 882 2622 deo
922 2591 1183 2639 speramuS,
1229 2576 1286 2623 ab
1318 2576 1504 2624 homine
1551 2587 1908 2648 compensem&⁴

303 2648 423 2709 Quid
455 2645 666 2696 denudas
697 2655 805 2693 ante
837 2645 996 2704 deum,
1029 2645 1152 2709 quod
1183 2655 1290 2694 ante
1322 2647 1532 2697 homines
1556 2653 1716 2714 tegis?
1767 2651 1894 2703 Ver&
1920 2642 1923 2643 ⁷

303 2718 625 2767 cundioreris
656 2718 704 2765 in
744 2717 957 2780 publico,
1006 2732 1139 2780 quam
1177 2718 1224 2763 in
1262 2718 1500 2768 ecclesia?
1556 2718 1609 2768 Si
1646 2720 1723 2769 dei
1767 2710 1899 2786 grati&

303 2800 396 2848 est,
444 2799 493 2837 et
536 2788 788 2852 accepisti,
837 2786 945 2851 quid
983 2787 1224 2850 gloriaris,
1270 2788 1440 2854 inquit,
1487 2792 1617 2855 quasi
1655 2809 1748 2839 non
1777 2787 1905 2860 acce>-

302 2862 428 2925 peris
451 2862 530 2919 4)?
602 2858 722 2918 Quid
770 2859 888 2907 alias
933 2859 1250 2908 ostentatione
1295 2862 1362 2908 tui
1414 2860 1626 2910 iudicas?
1690 2878 1749 2909 an
1800 2859 1902 2923 alin*

306 3028 351 3081 1)
384 3030 643 3068 Muratorius
665 3030 733 3068 hic
750 3031 956 3070 vocabula
987 3030 1238 3070 desideravit
1272 3031 1422 3081 ignes
1453 3031 1719 3083 excitare,
1749 3032 1815 3071 vel
1829 3016 1920 3087 tolzg

305 3086 473 3135 aliquid.
588 3087 632 3137 2)
664 3087 766 3125 Gen.
781 3090 820 3141 6,
838 3090 875 3126 2.
993 3086 1036 3138 3)
1066 3091 1089 3127 1
1108 3086 1204 3128 Cor.
1221 3090 1286 3140 11,
1303 3092 1341 3127 6.
1454 3088 1500 3138 4)
1531 3089 1554 3126 1
1572 3089 1666 3128 Cor.
1681 3090 1722 3142 4,
1738 3091 1775 3127 7.
