1942 3554
294 234 423 280 903
662 231 746 271 DE
775 231 1147 271 VIRGINIBUS
1175 231 1514 272 VELANDIS.

292 350 402 398 hinc
435 363 520 411 per
549 347 703 408 legem
734 353 783 392 et
812 345 1066 408 prophetas
1095 346 1329 408 promovit
1364 346 1412 392 in
1441 346 1706 406 infantiam,
1738 341 1908 396 dehinc

294 436 382 484 per
402 416 704 479 ‘evangelium
736 415 956 463 efferbuit
985 416 1034 461 in
1063 416 1371 474 iuventutem3
1408 432 1532 464 nunc
1571 432 1658 480 per
1694 419 1910 482 paracle-

291 499 387 536 tum
427 487 722 551 componitur
757 487 803 532 in
844 488 1172 533 maturitatem.
1235 487 1322 534 Hic
1370 487 1464 534 erit
1500 487 1626 535 solus
1664 504 1692 535 a
1723 488 1934 540 Christ02

292 559 521 622 magister
552 566 601 605 et
631 555 858 604 dicendus
891 565 940 603 et
967 555 1216 604 verendus.
1278 556 1386 604 Non
1418 558 1538 605 enim
1570 558 1628 605 ab
1660 573 1710 606 se
1749 560 1927 623 loque-v

294 639 371 676 tur
387 630 449 688 1),
482 626 564 675 sed
598 643 713 691 quae
745 626 1022 674 mandantur
1050 643 1078 674 a
1109 627 1312 675 Christo.
1347 625 1434 676 Hic
1466 629 1593 676 solus
1622 622 1925 687 antecessor,¹

294 701 402 763 quia
432 700 557 746 solus
587 707 695 762 post
726 698 974 745 Christum.
1037 697 1170 745 Hunc
1202 700 1278 762 qui
1317 707 1626 762 receperunt,
1663 701 1929 748 veritatemv

295 768 623 817 consuetudini
663 777 965 833 anteponunt.
1037 768 1169 816 Hunc
1210 770 1286 832 qui
1318 768 1576 816 audierunt
1610 786 1756 835 usque
1793 786 1915 818 nune

294 857 388 888 non
421 841 529 887 olim
546 841 593 899 2)
626 840 999 903 prophetantem,
1030 841 1238 902 virgines
1271 849 1542 903 contegunt.

436 916 505 962 2.,
548 908 644 957 Sed
683 911 792 957 nolo
831 910 1017 957 interim
1055 910 1176 957 hunc
1222 926 1399 958 morem
1435 913 1625 959 veritati
1663 911 1939 976 deputare,

299 979 588 1029 consuetudo
621 981 682 1027 sit
710 981 954 1043 tantisper,
987 989 1038 1027 ut
1070 980 1397 1028 consuetudini
1436 983 1577 1031 etiam
1616 981 1918 1030 eonsuetudi-

298 1068 402 1099 nem
442 1068 689 1115 opponam.
750 1050 843 1098 Per
876 1050 1122 1098 Graeciam
1170 1060 1219 1098 et
1263 1051 1483 1115 quasdam
1527 1052 1772 1100 barbarias
1818 1054 1919 1100 eius

295 1123 454 1186 plures
486 1122 721 1168 ecclesiae
759 1122 969 1183 virgines
1000 1138 1105 1168 suas
1137 1121 1444 1169 abscondunt.
1505 1121 1593 1170 Est
1628 1131 1678 1170 et
1713 1123 1795 1170 suh
1827 1124 1918 1170 hoc

299 1193 434 1239 coelo
467 1192 723 1238 institutum
754 1189 877 1238 istud
908 1191 1094 1248 alicubi,
1127 1208 1187 1239 ne
1218 1193 1294 1255 qui
1325 1193 1577 1255 gentilitati
1608 1186 1919 1256 graecanicae

299 1271 379 1309 aut
421 1261 702 1309 barbaricae
749 1260 1134 1309 consuetudinem
1179 1262 1306 1309 illam
1351 1261 1606 1310 adscribat.
1686 1262 1793 1314 ,Sed
1839 1280 1920 1311 eas

300 1349 390 1395 ego
425 1332 655 1380 ecclesias
685 1333 931 1396 proposui,
966 1348 1078 1396 quas
1117 1341 1165 1380 et
1202 1334 1291 1397 ipsi
1328 1334 1531 1397 apo-stoli
1566 1334 1643 1381 vel
1674 1335 1923 1398 apostolici

298 1404 387 1450 viri
420 1401 755 1461 condiderunt,
804 1411 852 1450 et
882 1411 994 1466 puto
1033 1411 1142 1451 ante
1183 1402 1422 1467 quosdam.
1484 1403 1671 1451 Habent
1699 1405 1845 1468 igitur
1873 1413 1923 1452 et

300 1474 410 1521 illae
442 1472 640 1521 eandem
679 1473 1028 1521 consuetudinis
1059 1475 1413 1532 auctoritatem,
1460 1483 1674 1539 tempora
1711 1483 1760 1523 et
1788 1483 1921 1523 ante-

303 1560 519 1592 cessores
553 1553 793 1608 opponunt
823 1546 985 1607 magis,
1020 1561 1154 1609 quam
1184 1554 1406 1609 posterae
1437 1547 1573 1593 istae.
1607 1544 1727 1604 Quid
1759 1546 1923 1593 obser-

300 1615 524 1672 vabimus,
559 1614 668 1678 quid
699 1613 987 1678 deligemus?
1044 1614 1153 1662 Non
1185 1631 1429 1679 possumus
1465 1632 1691 1680 respuere
1725 1632 1924 1664 consue-

302 1684 534 1743 tudinem,
569 1701 703 1749 quam
735 1684 955 1733 damnare
995 1702 1088 1733 non
1118 1702 1382 1750 possumuS,
1428 1695 1591 1752 utpote
1634 1703 1729 1733 non
1767 1695 1926 1734 extra-

303 1772 461 1813 neam,
509 1757 617 1820 quia
646 1773 739 1802 non
771 1765 1124 1815 extraneorum,
1173 1774 1274 1804 cum
1307 1758 1470 1821 quibus
1507 1758 1692 1805 scilicet
1722 1773 1926 1805 commu-

303 1828 514 1874 nicamus
544 1827 614 1874 ius
646 1827 777 1890 pacis
809 1836 858 1874 et
888 1843 1057 1874 nomen
1094 1828 1420 1876 fraternitatis.
1461 1826 1563 1875 Una
1591 1827 1728 1875 nobis
1758 1836 1807 1875 et
1835 1828 1928 1875 illis

305 1896 436 1954 fides,
468 1914 584 1946 unus
616 1896 747 1954 deuS,
779 1897 903 1945 idem
937 1897 1164 1956 Christus,
1198 1898 1363 1947 eadem
1394 1914 1517 1964 spes,
1550 1897 1716 1947 eadem
1749 1898 1927 1946 lavacri

306 1977 627 2027 sacramenta,
661 1969 806 2015 semel
838 1968 1051 2025 dixerim,
1084 1985 1176 2016 una
1194 1970 1400 2018 ecclesia
1418 1986 1587 2017 sumus.
1629 1969 1701 2016 Ita
1717 1977 1925 2016 nostrum

307 2046 402 2095 est,
449 2038 758 2103 quodcunque
800 2048 1065 2086 nostrorum
1104 2048 1190 2087 est.
1260 2040 1480 2088 Ceterum
1518 2038 1688 2087 dividis
1732 2055 1926 2103 corpus3

307 2118 462 2156 tamen
492 2110 586 2166 hic,
619 2111 742 2156 sicut
770 2110 817 2156 in
849 2110 1060 2157 omnibus
1089 2112 1219 2158 varie
1251 2111 1474 2158 institutis
1513 2119 1562 2158 et
1592 2109 1742 2158 dubiis
1780 2119 1830 2158 et
1857 2109 1929 2156 in-

310 2180 455 2226 certis
486 2180 590 2227 fieri
621 2180 758 2237 solet,
791 2177 1059 2227 adhibenda
1089 2181 1177 2227 fuit
1207 2182 1507 2238 examinatio,
1542 2181 1839 2244 quae-magis
1870 2194 1931 2227 ex

311 2249 487 2297 duabus
518 2259 612 2296 tam
643 2248 842 2296 diversis
875 2250 1288 2298 consuetudinibus
1328 2250 1602 2314 disciplinae
1641 2249 1718 2297 dei
1757 2252 1930 2301 conve-

311 2321 450 2366 niret.
512 2318 574 2366 Et
603 2321 761 2383 utique
794 2335 853 2367 ea
882 2318 1155 2383 deligenda,
1190 2336 1308 2384 quae
1338 2322 1545 2384 virgines
1575 2318 1795 2377 includit,
1841 2319 1929 2366 soli

313 2389 402 2437 deo
435 2398 592 2447 notas,
642 2390 828 2453 quibuS,
873 2399 1065 2454 praeter
1103 2389 1227 2455 quod
1264 2407 1294 2438 a
1323 2389 1413 2438 deo
1445 2407 1538 2438 non
1576 2389 1634 2438 ab
1666 2390 1929 2437 hominibus

314 2459 544 2524 captanda
581 2461 735 2523 gloria
765 2468 859 2518 est,
899 2462 1040 2508 etiam
1078 2462 1226 2525 ipsum
1269 2460 1441 2508 honum
1478 2477 1608 2508 suum
1646 2460 1931 2508 erubescen-

313 2529 418 2578 dum
450 2539 536 2578 est.
595 2530 841 2593 Virginem
871 2532 1018 2594 magis
1050 2530 1282 2579 laudando
1315 2548 1448 2596 quam
1476 2529 1786 2595 vituperando
1818 2546 1931 2578 con-

312 2600 500 2660 fundas3
534 2602 641 2665 quia
671 2600 834 2649 delicti
865 2599 1028 2648 durior
1056 2602 1186 2649 frons
1217 2611 1304 2660 est,
1336 2602 1393 2651 ab
1425 2603 1526 2667 ipso
1559 2611 1608 2649 et
1637 2602 1684 2648 in
1714 2601 1816 2666 ipso
1848 2599 1931 2648 de-

314 2673 426 2719 licto
458 2671 789 2736 impudentiam
827 2669 985 2719 docta.
1045 2671 1165 2720 Nam
1202 2673 1328 2720 illam
1365 2671 1772 2730 consuetudinem,
1813 2685 1931 2735 quae

314 2743 520 2805 virgines
550 2752 715 2807 negat,
762 2741 869 2790 dum
901 2742 1128 2801 ostendit,
1175 2759 1311 2791 nemo
1349 2743 1620 2808 probasset,
1665 2743 1754 2790 nisi
1791 2741 1934 2805 aliqui

318 2813 453 2870 tales,
485 2814 647 2878 quales
676 2815 884 2877 virgines
921 2815 1067 2878 ipsae.
1133 2813 1272 2862 Tales
1309 2815 1432 2862 enim
1470 2815 1594 2862 oculi
1635 2814 1798 2861 volent
1839 2812 1933 2859 vir-

433 2969 478 3016 1)
510 2970 609 3009 Cod.
642 2971 859 3008 VVouweri
889 2973 933 3008 et
961 2972 1052 3019 Rig.
1082 2971 1331 3018 loquitur.
1474 2968 1519 3022 2)
1551 2972 1614 3008 lta
1643 2969 1733 3018 Rig.
1769 2978 1826 3006 ex
1855 2978 1932 3006 au-

322 3025 520 3064 ctoritate
552 3027 670 3064 codd.
704 3028 872 3066 VVouw.
903 3030 945 3065 et
974 3027 1137 3074 Ursini3
1170 3028 1260 3067 cod.
1289 3027 1617 3075 Divion.,Rhen.
1648 3031 1689 3065 et
1717 3025 1814 3063 alii:
1848 3032 1933 3063 ur·

322 3093 414 3128 que
445 3093 546 3119 non
575 3083 711 3119 olim.
784 3084 866 3122 Sed
900 3084 1176 3132 probabiliter
1204 3084 1294 3134 Rig.
1332 3096 1396 3122 vv.
1436 3095 1536 3121 non
1573 3082 1695 3121 olim
1724 3082 1933 3129 interpre-

323 3137 441 3175 tandi
471 3149 623 3175 cau-sa
653 3150 746 3178 ense
784 3140 1010 3192 adscripta,
1041 3143 1089 3179 ut
1119 3141 1211 3180 sola
1247 3152 1311 3179 w.
1349 3151 1516 3188 unque
1553 3151 1684 3178 nunc
1717 3137 1801 3177 sint
1828 3134 1931 3175 reti-

323 3194 473 3246 nenda,
507 3194 702 3233 coniecit.
