1942 3554
0 130 2 185 ς
475 137 559 173 An
599 134 981 173 ΝΑΤιοΝΕε
1020 135 1205 174 L1B.1,
1537 135 1651 185 145

0 269 119 332 rmus
151 277 250 324 eius
293 292 437 340 super
476 274 798 340 Sarpedonem
831 276 1036 334 excutit,
1084 284 1164 322 aut
1202 275 1513 323 luxuriantem
1546 293 1648 325 cum

0 347 198 397 {lunone
230 345 502 395 foedissime
541 345 744 404 inducit,
791 344 1119 393 commendato
1160 345 1367 394 libidinis
1407 345 1648 395 desiderio

23 434 107 484 per
139 418 632 466 commemorationem
664 417 932 463 amicarum.
1008 414 1191 464 Exinde
1224 418 1326 480 quis
1358 434 1449 464 non
1481 420 1648 481 poe'ta-

23 505 121 537 rum
153 505 214 537 ex
245 489 528 536 auctoritate
559 487 787 550 principis
819 487 891 533 sui
924 487 968 533 in
1009 485 1125 534 deos
1157 487 1391 546 insolens,
1423 496 1504 535 aut
1534 504 1647 536 vera

21 558 263 624 prodendo
294 567 374 606 aut
403 557 520 605 salsa
552 556 806 621 lingendo?
833 556 896 603 Et
927 559 1098 621 tragici
1139 557 1324 622 quidem
1365 567 1444 606 aut
1476 560 1647 606 comici

20 637 356 694 pepercerunt,
390 636 438 675 ut
470 644 561 674 non
593 643 840 675 aerumnas
870 643 927 674 ac
958 644 1136 691 poenas
1175 627 1251 676 dei
1283 628 1647 691 praefarentur?

0 698 268 751 Taceo'de
297 698 618 764 philosophis,
662 714 780 763 quos
819 698 1039 762 superbia
1078 699 1348 746 severitatis
1387 707 1436 747 et
1474 698 1647 748 duritia

18 769 291 834 disciplinae
322 769 381 817 ab
413 769 538 816 omni
570 769 739 817 timore
771 785 989 827 securos,
1024 769 1274 816 nonnullus
1300 770 1440 817 etiam
1465 769 1646 817 afflatus

0 841 230 890 wei-itatis
262 838 486 888 adversus
518 838 633 893 deos
666 840 831 904 erigit:
874 838 1075 904 (lenique
1108 849 1156 887 et
1189 838 1416 888 Socrates
1447 840 1496 887 in
1530 856 1645 887 con-

7 910 248 960 ¹tumeliam
280 925 441 958 eorum
474 926 698 974 quercum
725 919 774 958 et
798 926 960 958 canem
988 919 1035 958 et
1059 911 1238 958 hircum
1262 913 1306 973 1)
1332 912 1473 958 iurat.
1520 910 1643 958 Nam

17 983 105 1030 etsi
130 981 310 1029 iccirco
337 979 579 1030 damnatus
604 990 690 1040 est,
726 997 828 1028 cum
853 982 1144 1045 poenituerit
1166 980 1489 1030 Athenienses
1516 980 1644 1029 dam-

0 1053 242 1111 mationis,
277 1051 680 1100 discriminatores
712 1067 898 1116 quoque
931 1051 1236 1116 impenderit,
1272 1054 1539 1100 restituitur
1569 1062 1643 1100 te-

7 1124 277 1171 stimonium
310 1121 520 1181 Socrati,
556 1131 603 1170 et
626 1139 812 1186 possum
836 1131 1142 1187 retorquere,
1176 1122 1423 1187 probatum
1458 1139 1564 1171 esse
1596 1124 1643 1170 in

15 1193 121 1253 illo,
161 1192 286 1259 quod
326 1210 447 1242 nunc
494 1193 777 1257 reprobatur
821 1194 867 1241 in
914 1193 1067 1241 nobis.
1160 1193 1257 1241 Sed
1304 1202 1353 1241 et
1397 1193 1643 1258 Diogenes

13 1265 178 1312 nescio
219 1263 329 1330 quid
365 1265 413 1312 in
454 1264 707 1312 Herculem
745 1265 876 1323 lusit,
906 1273 981 1311 ‘et
1020 1263 1215 1311 Romani
1256 1264 1351 1311 stili
1397 1263 1642 1328 Diogenes

13 1333 452 1383 Varro.trecentos
491 1334 653 1393 IoveS‚
699 1350 784 1382 seu
823 1335 1056 1399 Iupiteres
1096 1334 1347 1383 dicendum
1395 1343 1489 1393 est,
1537 1336 1640 1383 sine

14 1405 244 1469 capitibus
276 1404 469 1453 inducit.
533 1405 704 1453 Cetera
737 1406 962 1453 lasciviae
988 1406 1181 1468 ingenia
1207 1407 1347 1453 etiam
1375 1406 1641 1469 voluptates

12 1484 197 1535 vestras
228 1492 315 1541 per
345 1474 555 1524 dedecus
589 1475 783 1523 deorum
816 1474 1158 1523 administrant.
1244 1475 1477 1540 Dispicite
1517 1475 1641 1540 apud

12 1563 96 1594 vos
123 1545 427 1595 Lentulorum
461 1555 510 1594 et
547 1546 816 1594 Hostiorum
857 1547 1117 1610 sacrilegas
1149 1556 1443 1606 venustates,
1482 1556 1637 1594 utrum

5 1617 172 1666 mimos
202 1634 259 1665 an
292 1616 407 1666 deos
438 1626 623 1665 vestros
655 1618 702 1664 in
740 1617 945 1681 strophis
978 1626 1026 1665 et
1057 1617 1177 1664 iocis
1209 1617 1431 1677 rideati53
1469 1616 1557 1665 sed
1590 1627 1639 1665 et

8 1688 308 1736 histrionicas
346 1688 528 1736 litteras
560 1705 727 1752 magna
767 1705 868 1736 cum
901 1688 1142 1751 voluptate
1198 1689 1461 1753 suscipitis,
1516 1704 1637 1752 quae

9 1774 191 1806 omnem
222 1757 496 1806 foeditatem
524 1757 773 1822 designant
797 1758 1008 1807 deorum.
1070 1758 1446 1822 Constuprantur
1477 1775 1636 1806 coram

8 1829 142 1883 vobis
171 1828 443 1877 maiestates
474 1829 520 1875 in
554 1845 757 1892 corpore
791 1830 987 1892 impuro.
1070 1828 1314 1876 Famosum
1357 1838 1404 1876 et
1436 1828 1635 1875 diminu-

10 1909 104 1947 tum
137 1908 276 1963 caput
311 1900 467 1963 imago
516 1899 768 1947 cuiuslibet
813 1899 890 1946 dei
935 1900 1095 1946 vestit.
1172 1898 1330 1963 Luget
1363 1898 1446 1945 Sol
1494 1899 1635 1947 filium

9 1971 199 2018 fulmine
220 1971 476 2018 extinctum
495 1969 776 2017 laetantibus
793 1969 942 2027 vobis,
971 1969 1150 2034 Cybela
1166 1979 1402 2033 pastorem
1428 1971 1636 2033 suspirat

10 2039 302 2088 fastidiosum
343 2057 434 2088 non
474 2040 864 2088 erubescentibus
911 2039 1067 2097 vobis,
1123 2049 1169 2087 et
1217 2040 1459 2087 sustinetis
1508 2040 1634 2087 Iovis

9 2112 166 2174 elogia
205 2110 446 2159 modulari.
530 2110 672 2159 Plane
711 2111 1044 2174 religiosiores
1085 2112 1198 2158 estis
1235 2111 1282 2158 in
1316 2109 1631 2174 gladiatorum

9 2197 175 2240 cavea,
215 2181 292 2229 ubi
323 2198 466 2246 super
496 2183 769 2247 sanguinem
802 2182 1068 2241 humanum,
1109 2197 1253 2245 super
1283 2182 1631 2246 inquinamenta

10 2253 286 2316 poenarum,
325 2251 524 2317 proinde
557 2253 726 2301 saltant
757 2252 834 2300 dci
866 2254 1036 2310 vestri,
1077 2261 1353 2317 argumenta
1395 2261 1444 2299 et
1482 2253 1629 2299 histo-

8 2323 104 2376 rias
131 2323 408 2372 nocentibus
433 2322 711 2388 erogandis,
741 2333 823 2372 aut
845 2323 890 2370 in
915 2324 1028 2388 ipsis
1054 2322 1154 2370 deis
1178 2331 1408 2371 nocentes
1430 2324 1632 2386 puniun-

10 2400 99 2442 tur.
170 2392 384 2442 Vidimus
430 2411 577 2459 saepe
624 2403 875 2442 castratum
914 2393 1048 2442 Attin
1089 2393 1222 2440 deum
1263 2410 1290 2439 a
1330 2393 1628 2449 Pessinunte,

11 2465 165 2529 etqui
201 2466 332 2512 vivus
378 2466 674 2514 cremabatur
718 2465 970 2512 Herculem
1016 2462 1249 2511 induerat.
1340 2462 1541 2509 Risimus
1582 2471 1631 2509 et

10 2533 252 2584 meridiani
284 2535 377 2583 ludi
409 2535 467 2585 de
501 2535 602 2584 deis
634 2536 803 2594 lusum,
845 2552 936 2599 quo
975 2534 1058 2581 Dis
1090 2535 1257 2590 Pater,
1300 2532 1425 2579 Iovis
1463 2534 1626 2591 frater,

11 2603 319 2668 gladiatorum
351 2608 598 2673 exsequias
631 2622 735 2653 cum
768 2606 935 2652 malleo
969 2603 1182 2663 deducit,
1223 2620 1314 2667 quo
1345 2602 1627 2660 Mercurius,

9 2675 56 2723 iu
94 2675 282 2723 calvitio
319 2678 618 2740 pennatulus,
667 2679 712 2724 in
755 2675 967 2724 caduceo
1006 2675 1256 2738 ignituluS‚
1304 2689 1506 2738 corpora
1545 2689 1628 2720 ex-

10 2746 209 2793 animata
242 2747 328 2794 iam
360 2757 617 2796 mortemve
650 2747 911 2795 simulantia
951 2762 977 2794 e
1011 2746 1223 2793 cauterio
1258 2744 1439 2810 probat.
1517 2743 1623 2791 Sin-

12 2815 120 2878 gula
152 2817 241 2862 ista
271 2833 482 2882 quaeque
513 2818 665 2866 adhuc
697 2818 984 2880 investigare
1025 2818 1127 2880 quis
1158 2817 1338 2880 possit?
1391 2814 1443 2862 Si
1474 2815 1627 2862 hono·

11 2900 109 2934 rem
141 2886 402 2950 inquietant
433 2887 711 2946 divinitatis,
753 2889 791 2935 si
823 2887 1079 2934 maiestatis
1117 2887 1354 2951 fastigium
1393 2885 1624 2943 adsolant,

94 3080 135 3132 1)
150 3083 302 3132 Rigalt.
325 3085 525 3134 heram,
555 3087 627 3124 ned
651 3086 762 3124 hirc
777 3098 850 3124 um
877 3085 1138 3124 scribendum
1162 3097 1255 3124 esse
1275 3086 1397 3124 docet
1426 3084 1546 3131 Apol.
1562 3084 1623 3119 14.

64 3167 297 3206 Tan-rum..
326 3172 357 3207 1.
1208 3174 1272 3220 10

24 3451 49 3475 (μ,
