1942 3554
305 219 426 270 204
583 221 673 258 DE
711 219 895 258 FUGA
934 220 1004 257 IN
1041 218 1625 259 PERsEcu‘rtoNE.
1781 209 1793 252 Α
1918 196 1922 202 ’

306 370 599 424 negatorum.
691 360 790 406 Hae
824 361 963 406 etiam
995 359 1176 416 scalae,
1218 375 1331 422 quas
1369 359 1571 406 somniat
1609 357 1776 416 Iacob,
1823 361 1927 419 aliis

303 447 552 478 ascensum
591 431 637 476 in
664 430 934 493 superiora,
969 430 1073 476 aliis
1098 429 1376 477 descensum
1400 428 1460 477 ad
1482 430 1711 477 inferiora
1736 428 1926 482 ‹temon-q

306 510 525 548 strantes.
633 499 714 547 Sic
762 509 811 547 et
854 516 1056 563 agonem
1110 499 1311 563 intelligi
1359 500 1486 563 capit
1532 497 1929 563 persecutionem

303 569 348 618 A
381 587 472 635 quo
521 580 759 618 certamen
807 569 1032 627 edicitur,
1086 570 1174 616 nisi
1220 586 1247 616 a
1279 587 1370 634 quo
1417 586 1595 618 corona
1635 579 1684 618 et
1720 571 1926 634 praemia

303 644 657 705 proponuntur?
709 640 855 704 Legis
903 639 1106 688 edictum
1153 642 1319 703 agonis
1366 641 1498 688 istius
1537 641 1582 686 in
1619 639 1926 705 Apocalypsi3

304 712 469 775 quibus
501 712 721 775 praemiis
759 710 819 758 ad
858 711 1103 758 victoriam
1137 711 1304 758 invitet
1333 712 1409 759 vel
1447 712 1646 758 maxime
1677 711 1806 769 illos,
1848 704 1930 775 qul

302 783 495 845 proprie
534 783 739 830 vicerint
777 783 823 827 in
863 782 1224 846 persecutione,
1271 780 1503 830 vincentio
1549 781 1710 829 luctati
1756 796 1938 831 rever&

301 869 395 899 non
435 851 659 900 adversus
700 867 887 899 carnem
929 861 976 898 et
1014 852 1312 915 sanguinem,
1368 851 1453 899 sed
1483 850 1708 900 adversus
1739 842 1927 916 spirita-¹

302 922 365 970 lia
396 924 632 986 nequitiae
652 924 714 985 ¹).
765 923 833 969 lta
867 939 1101 985 agnosces
1132 921 1190 969 ad
1223 921 1421 970 eundem
1453 922 1788 986 agonothetam
1818 937 1924 986 pen-

301 994 456 1040 tineie
490 994 759 1041 certaminis
791 992 1057 1050 albitrium,
1098 994 1174 1056 qui
1207 994 1374 1039 invitat
1404 992 1462 1040 ad
1496 993 1770 1056 praemium.
1832 992 1922 1045 To'-

301 1072 395 1110 tum
429 1063 554 1126 quod
585 1065 740 1127 agitur
771 1064 815 1109 in
857 1064 1192 1126 persecutione
1231 1063 1387 1126 gloria
1425 1062 1502 1110 dei
1534 1072 1628 1122 est,
1683 1062 1942 1128 probanti!>

300 1143 351 1180 et
382 1134 702 1197 ieprobantis‚
738 1135 1022 1214 imponentis
1056 1143 1104 1180 et
1135 1132 1429 1196 deponentis.
1507 1132 1644 1191 Quod
1680 1142 1834 1180 autem
1866 1123 1940 1186 adi

298 1204 502 1267 gloriam
551 1203 627 1251 dei
673 1204 903 1268 pertinet,
958 1204 1117 1267 utique
1165 1220 1225 1250 ex
1270 1204 1508 1250 voluntate
1556 1203 1679 1250 illius
1720 1203 1919 1252 evenien

302 1273 400 1320 Sed
433 1273 617 1338 quando
653 1274 767 1322 deus
807 1274 953 1337 magis
994 1273 1225 1332 creditur,
1282 1274 1369 1320 nisi
1408 1290 1511 1320 cum
1543 1274 1690 1337 magis
1721 1275 1920 1332 timetur&

300 1345 390 1390 nisi
437 1345 484 1390 in
531 1354 745 1409 tempore
791 1345 1167 1408 persecutionis?
1220 1344 1452 1392 'Ecclesia
1496 1345 1544 1391 in
1589 1344 1789 1391 attonito
1836 1351 1920 1397 est,

298 1415 428 1462 Tunc
470 1424 516 1462 et
554 1414 671 1464 fides
710 1417 754 1462 in
796 1414 1102 1478 expeditione
1141 1414 1393 1462 sollicitior
1431 1423 1479 1461 et
1509 1414 1850 1479 disciplinatior
1877 1413 1932 1463 iu»,

299 1486 491 1532 ieiuniis
531 1495 580 1533 et
617 1485 894 1534 stationibus
933 1494 982 1532 et
1020 1485 1310 1533 orationibus
1350 1494 1398 1533 et
1435 1485 1742 1544 humilitate,-
1773 1485 1819 1531 in
1857 1481 1921 1537 a}-

301 1565 482 1604 terutra
515 1555 760 1620 diligentia
792 1565 839 1603 et
871 1554 1151 1614 dilectione,
1199 1557 1246 1602 in
1279 1557 1529 1604 sanctitate
1569 1564 1618 1602 et
1648 1550 1919 1609 sobrietatis

296 1625 410 1673 Non
456 1628 579 1674 enim
625 1635 822 1674 vacatur
866 1627 954 1673 nisi
1000 1627 1156 1672 timori
1195 1635 1243 1673 et
1281 1627 1397 1690 spei.
1470 1624 1608 1673 Adeo
1650 1636 1699 1674 et
1737 1641 1797 1673 ex
1833 1626 1942 1686 luip-

298 1698 401 1760 ipso
450 1696 715 1744 ostenditur
759 1697 918 1754 nobis,
982 1713 1073 1743 non
1119 1712 1259 1760 posse
1307 1696 1495 1743 diabolo
1543 1695 1759 1759 deputari
1807 1706 1916 1755 eam,

301 1784 420 1831 quae
453 1769 675 1816 meliores
708 1767 851 1815 efficit
883 1767 957 1814 dei
992 1783 1171 1815 servos.

442 1843 490 1889 2.
553 1837 628 1896 Si,
683 1838 807 1902 quod
843 1838 1060 1901 iniquitas
1093 1854 1119 1884 a
1152 1836 1242 1884 deo
1275 1854 1367 1884 non
1400 1845 1496 1895 est,
1543 1836 1628 1884 sed
1659 1854 1685 1884 a
1718 1798 1914 1895 diabolo,

295 1910 570 1972 persecutio
598 1918 751 1956 autem
778 1925 838 1956 ex
861 1908 1105 1972 iniquitate
1132 1908 1366 1966 consistit,
1404 1906 1535 1972 (quid
1559 1907 1681 1955 enim
1705 1899 1913 1971 iniquiufl,

298 1996 434 2042 quam
466 1981 568 2027 veri
600 1979 678 2028 dei
709 1979 958 2037 antistites,
993 1995 1155 2026 omnes
1187 1987 1453 2026 sectatores
1484 1978 1714 2036 veritatis,
1746 1980 1911 2029 ηοοθῗι-
1934 2008 1942 2021 1

299 2051 583 2097 tissimorum
615 2067 746 2097 more
779 2050 1028 2107 tractari?)
1084 2048 1194 2097 ideo
1232 2048 1421 2097 videtur
1457 2049 1728 2114 persecutio
1767 2065 1795 2095 a
1825 2047 1910 2106 ‹lia-
1938 2073 1942 2075 >

294 2119 408 2167 bolo
443 2121 658 2178 evenire,
713 2137 740 2167 a
772 2136 862 2184 quo
894 2120 1114 2183 iniquitas
1146 2122 1325 2183 agitur,
1374 2136 1434 2167 ex
1472 2136 1562 2184 qua
1600 2127 1786 2167 constat
1814 2124 1908 2184 pe'r-
1936 2150 1942 2174 ς

296 2192 504 2237 secutio:
563 2191 688 2237 scire
722 2189 967 2247 debemus,
1017 2199 1243 2252 quatenus
1283 2205 1372 2237 nec
1410 2191 1681 2253 persecutio
1715 2198 1788 2238 est
1820 2190 1942 2236 sinu

297 2260 544 2325 iniquitate
578 2259 752 2307 diaboli
784 2275 872 2307 nec
905 2259 1123 2324 probatio
1155 2259 1265 2307 fidei
1296 2261 1398 2307 sine
1429 2261 1780 2324 persecutione,
1811 2275 1909 2324 pro1
1937 2259 1942 2286 ³

296 2340 404 2395 pter
442 2331 768 2394 probationem
808 2329 918 2377 fidei
957 2331 1276 2377 necessariam
1309 2330 1599 2393 iniquitatem
1632 2347 1723 2376 non
1762 2339 1938 2393 patro-Y

299 2403 469 2448 cinium
502 2409 744 2465 praestare
775 2401 1119 2465 persecutioni,
1152 2399 1235 2447 sed
1261 2400 1594 2461 ministerium3
1629 2399 1902 2464 praecedam

297 2473 420 2519 enim
454 2471 530 2519 dei
562 2471 847 2519 voluntatem
881 2473 1009 2519 circa
1040 2470 1147 2518 fidei
1173 2469 1521 2534 probationem,
1557 2487 1677 2536 quae
1702 2480 1776 2519 est
1797 2467 1900 2537 rati!
1931 2521 1933 2524 Α

296 2543 667 2606 persecutionis,
722 2544 857 2607 sequi
902 2551 1057 2589 autem
1103 2540 1277 2588 diaboli
1317 2541 1607 2605 iniquitatem
1648 2540 1707 2589 ad
1751 2543 1893 2606 instn'j

298 2623 500 2661 mentum
531 2613 900 2677 persecutionis,
940 2629 1059 2677 quae
1093 2613 1212 2659 ratio
1246 2620 1319 2658 est
1347 2611 1655 2674 probationis.
1722 2611 1842 2658 Nam
1869 2621 1897 2671 9

298 2684 415 2731 alias
455 2686 501 2730 in
542 2692 758 2747 quantum
798 2684 1006 2731 iustitiae
1047 2684 1267 2746 iniquitas
1306 2683 1487 2730 aemula
1526 2691 1619 2741 est,
1667 2684 1714 2729 in
1745 2686 1896 2733 tantun

298 2755 498 2801 materia
538 2763 611 2801 est
647 2754 706 2801 ad
746 2754 1011 2802 testimonia
1050 2754 1174 2811 eiuS‚
1230 2754 1361 2799 cuius
1401 2762 1472 2801 est
1510 2753 1715 2812 aemula,
1762 2761 1814 2798 ut
1847 2750 1923 2815 ᾦ·

299 2824 476 2871 iustitia
502 2826 548 2871 in
574 2825 819 2889 iniquitate
845 2824 1136 2889 perficiatur,
1171 2822 1405 2887 quomodo
1423 2826 1568 2871 virtus
1586 2825 1631 2870 in
1649 2817 1897 2873 infirmitate

298 2895 556 2956 perficitur.
581 2896 626 2952 2)
681 2895 800 2943 Nam
826 2896 1006 2943 infirma
1031 2893 1186 2941 mundi
1212 2894 1368 2941 electa
1393 2903 1500 2942 sunt
1529 2910 1558 2940 a
1587 2892 1701 2952 deo,
1734 2901 1783 2940 ut
1806 2895 1890 2940 edu

300 2963 553 3011 fundantur
583 2966 746 3024 fortia,
780 2975 829 3014 et
859 2966 1000 3014 stulta
1031 2967 1153 3022 eius,
1187 2973 1237 3011 ut
1269 2964 1582 3013 confundatur
1610 2961 1884 3028 sapientia.·⁸
1920 2980 1924 2991 ·

414 3177 457 3224 1)
490 3176 643 3223 Ephes.
662 3180 701 3226 6,
730 3180 797 3215 12.
915 3178 960 3226 2)
994 3180 1018 3215 2
1042 3179 1135 3216 Cor.
1152 3179 1217 3227 12,
1236 3179 1274 3217 9.
1390 3176 1435 3226 3)
1469 3179 1491 3214 1
1510 3178 1604 3214 Cor.
1622 3178 1661 3224 1,
1686 3177 1750 3212 27.
1778 3185 1876 3222 {sq-f<⁴⁴
