1942 3554
1834 0 1916 147 li

286 227 417 274 100
862 224 942 261 DE
971 223 1320 261 PUmclTIA:

287 352 374 389 tus.
437 338 558 386 Sane
589 336 753 383 relatio
772 335 816 392 1)
849 336 960 380 satis
989 335 1209 391 habetur,
1258 349 1358 380 cum
1401 334 1583 381 inflatus
1627 336 1880 400 increpitus

288 420 379 466 est,
407 411 613 454 incestus
641 421 754 451 vero
787 403 1025 450 damnatus
1056 412 1142 451 est.
1202 403 1366 450 Inflato
1389 404 1668 466 ignoscitur,
1699 405 1782 453 sed
1811 408 1882 454 in-

289 480 490 542 crepit03
523 478 702 522 incesto
734 490 826 520 non
855 473 1038 520 videtur
1067 475 1296 535 ignotum,
1342 482 1392 520 ut
1436 473 1668 521 damnato.
1743 474 1795 523 Si
1839 469 1911 524 ei>¹

286 547 640 611 ignoscebatur,
687 545 762 591 cui
808 542 1048 590 devoratio
1089 559 1149 590 ex
1178 559 1394 590 moerore
1432 545 1573 591 nimio
1618 545 1910 609 timebatur„

288 618 502 665 devorari
535 614 684 662 adhuc
715 615 968 679 increpitus
999 613 1372 676 periclitabatur,
1411 612 1634 661 deficiens
1666 615 1724 662 ob
1757 632 1885 662 com-

286 688 584 735 minationem
629 691 677 732 et
719 699 933 731 moerens
979 684 1036 730 ob
1069 683 1458 746 increpationem3
1505 682 1743 731 damnatus
1770 684 1917 733 vero

288 767 338 806 et
367 758 501 820 culpa
531 763 578 803 et
614 755 844 801 sententia
881 755 970 801 iam
1009 752 1256 799 devoratus
1302 752 1630 816 deputabatur,
1677 756 1752 818 qui
1795 771 1888 802 non

286 842 501 876 moerere
532 826 750 880 haberet,
797 822 879 870 sed
923 824 1018 886 pati
1064 822 1184 886 quod
1229 831 1336 870 ante
1380 825 1642 886 passionem
1673 841 1887 874 moerere

287 899 530 963 potuisset.
607 893 657 941 Si
702 893 879 940 idcirco
926 893 1277 955 ignoscebatur,
1311 909 1367 939 ne
1407 893 1730 941 fraudaremur
1756 911 1784 942 a
1814 911 1890 942 sa·-
1919 912 1921 915 ·

287 977 419 1024 tana,
463 968 511 1013 in
557 979 615 1012 eo
658 970 813 1026 utique
861 962 1182 1010 detrimentum
1219 964 1589 1026 praecavebatur
1619 963 1746 1027 quod
1772 981 1888 1011 non-

289 1037 395 1084 dum
425 1036 639 1100 perisset.
701 1034 829 1080 Nihil
862 1032 918 1079 de
953 1041 1186 1082 transacto
1218 1043 1548 1096 praecavetur,
1594 1031 1677 1080 sed
1715 1033 1774 1082 de
1806 1033 1890 1081 ad-

287 1108 378 1155 huc
423 1107 565 1152 salvo.
641 1104 890 1151 Damnatus
935 1112 1088 1161 autem
1133 1110 1181 1148 et
1225 1102 1406 1164 quidem
1457 1104 1504 1149 in
1547 1106 1889 1166 possessionem

290 1186 504 1231 satanae,
543 1176 632 1220 iam
663 1183 772 1219 tunc
803 1173 1011 1234 perierat
1041 1172 1296 1228 ecclesiae,
1338 1189 1439 1218 cum
1476 1172 1569 1219 tale
1599 1174 1778 1221 facinus
1808 1173 1892 1221 ad-

289 1248 500 1301 miserat,
532 1242 699 1291 nedum
732 1259 833 1289 cum
865 1250 913 1288 et
942 1242 999 1288 ab
1030 1243 1130 1304 ipsa
1161 1241 1439 1288 eierabatur.
1487 1241 1728 1300 Quomodo
1756 1259 1892 1291 vere-

288 1325 421 1363 retur
450 1313 660 1360 fraudem
691 1313 787 1375 pati
818 1313 941 1369 eius,
975 1327 1106 1374 quem
1138 1311 1227 1356 iam
1260 1319 1307 1357 et
1337 1320 1545 1375 ereptum
1575 1314 1814 1370 amiserat,
1846 1321 1896 1360 et

291 1386 551 1433 damnatum
582 1383 756 1429 habere
802 1398 895 1428 non
938 1383 1185 1444 potuerat?
1254 1380 1496 1430 Postremo
1543 1382 1650 1445 quid
1693 1382 1894 1430 iudicem

289 1455 535 1517 indulgere
563 1454 824 1508 conveniet,
859 1451 979 1514 quod
1004 1452 1379 1515 pronuntiatione
1407 1451 1670 1500 deciderit?
1695 1469 1753 1500 an
1771 1452 1895 1517 quod

290 1526 653 1574 interlocutione
685 1521 1008 1585 suspenderit?
1065 1530 1113 1568 et
1141 1522 1296 1583 utique
1331 1537 1432 1568 eum
1457 1521 1670 1580 iudicem,
1703 1525 1894 1586 quinon

293 1597 416 1643 solet
446 1611 525 1652 ea,
560 1609 676 1657 quae
709 1591 958 1649 destruxit,
997 1590 1328 1648 reaedificare,
1376 1607 1433 1638 ne
1464 1601 1784 1655 transgressor
1812 1593 1897 1640 ha-

292 1666 475 1714 beatur.
535 1662 640 1725 Age
671 1664 784 1719 iam,
817 1663 854 1708 si
886 1676 976 1708 non
1007 1670 1078 1708 tot
1107 1677 1335 1724 personas.
1361 1665 1509 1725 prima
1538 1663 1736 1726 epistola
1781 1679 1897 1710 con-

293 1737 548 1791 tristasset,
582 1735 619 1780 si
650 1734 876 1779 neminem
915 1733 1244 1794 increpuisset,
1284 1734 1511 1778 neminem
1547 1733 1810 1790 terruisset,
1857 1733 1896 1779 si

296 1807 442 1853 solum
472 1806 697 1851 incestum
746 1801 1019 1859 cecidisset,
1065 1803 1105 1847 si
1149 1802 1318 1847 nullum
1363 1803 1409 1848 in
1455 1818 1662 1854 caussam
1707 1804 1806 1850 eius
1848 1804 1896 1850 in

297 1891 515 1940 pavorem
547 1875 767 1929 misisset,
801 1873 1002 1918 inflatum
1035 1879 1404 1929 consternasset,
1445 1888 1598 1920 nonne
1629 1873 1791 1920 melius
1822 1889 1900 1920 su-

297 1946 546 2010 spicareris
590 1953 638 1991 et
683 1942 863 1990 fidelius
901 1943 1293 2004 argumentareris
1330 1943 1527 2005 aliquem
1564 1944 1719 2006 potius
1758 1943 1897 2006 longe

298 2018 435 2063 alium
467 2012 588 2078 apud
621 2013 887 2060 Corinthios
919 2022 1028 2059 tunc
1060 2013 1106 2058 in
1137 2011 1299 2058 eadem
1332 2029 1494 2059 caussa
1523 2012 1689 2070 fuisse,
1716 2014 1806 2062 ut,
1827 2014 1901 2059 in-

299 2087 503 2149 crepitus
535 2093 582 2131 et
614 2085 801 2130 territus
832 2092 880 2129 et
909 2098 1123 2128 moerore
1155 2084 1243 2129 iam
1275 2083 1478 2139 saucius,
1511 2091 1763 2147 propterea
1791 2097 1901 2146 per-

298 2157 508 2203 mittente
540 2153 725 2200 modulo
766 2152 947 2209 delicti,
991 2153 1172 2198 veniam
1216 2161 1380 2214 postea
1425 2153 1626 2215 ceperit,
1674 2167 1806 2216 qnam
1848 2159 1901 2199 ut

300 2242 402 2273 eam
431 2226 611 2271 incesto
642 2223 918 2269 fornicatori
949 2223 1357 2284 interpretareris?
1415 2222 1514 2268 Hoc
1561 2223 1683 2268 enim
1726 2222 1900 2284 legisse

301 2295 551 2350 debueras,
585 2294 673 2339 etsi
704 2308 795 2338 non
827 2293 872 2337 in
904 2292 1124 2354 epistola,
1157 2290 1240 2337 sed
1269 2292 1315 2336 in
1346 2292 1444 2354 ipsa
1481 2291 1682 2353 apostoli
1711 2299 1841 2338 secta
1869 2306 1900 2338 a·

300 2363 477 2430 pudore
510 2363 678 2411 clarius
710 2378 841 2425 quam
873 2362 994 2424 stylo
1027 2362 1123 2407 eius
1154 2361 1448 2423 impressum,
1477 2375 1535 2406 ne
1566 2361 1749 2408 scilicet
1777 2359 1899 2408 Pau*

302 2437 392 2483 lum
423 2434 682 2498 apostolum
714 2432 908 2488 Christi,
943 2430 1183 2477 doctorem
1222 2431 1456 2477 nationum
1501 2430 1547 2476 in
1578 2429 1669 2478 fide
1700 2438 1749 2478 et
1775 2431 1902 2478 veri-

300 2514 422 2562 tate,
452 2520 533 2551 vas
565 2503 832 2558 electionis,
866 2502 1170 2548 ecclesiarum
1202 2499 1515 2557 conditorem,
1556 2515 1798 2548 censorem
1829 2498 1902 2547 di-

303 2575 622 2638 sciplinarum,
666 2580 824 2618 tantae
863 2572 1065 2618 levitatis
1110 2570 1350 2627 inficeres,
1394 2578 1445 2616 ut
1488 2578 1567 2616 aut
1611 2569 1903 2626 damuaverit

303 2655 504 2701 temere,
537 2658 670 2707 quem
701 2659 809 2688 mox
838 2650 963 2689 esset
992 2641 1299 2697 absoluturuS‚
1331 2648 1410 2686 aut
1432 2647 1608 2687 temere
1632 2640 1902 2697 absolverit,

237 2725 241 2728 '
307 2731 439 2779 quem
470 2731 562 2762 non
595 2722 770 2760 temere
802 2711 1065 2758 damnasset
1109 2710 1167 2757 ob
1213 2711 1360 2756 solam
1394 2709 1507 2757 licet
1542 2711 1900 2759 fornicatione-m

306 2785 526 2847 simplicis
557 2782 894 2847 impudicitiae,
926 2780 1094 2828 nedum
1125 2780 1184 2827 ob
1215 2781 1417 2827 inces'tas
1441 2781 1622 2844 nuptias
1645 2788 1693 2827 et
1715 2780 1902 2843 impiam

305 2854 531 2902 luxuriam
562 2862 611 2901 et
654 2852 888 2900 libidinem
932 2849 1284 2915 parricidalem,
1331 2865 1462 2913 quam
1506 2865 1595 2898 nec
1639 2849 1904 2896 nationibus

308 2931 680 2986 comparaverat,
726 2938 783 2969 ne
816 2920 1135 2969 consuetudini
1181 2919 1504 2984 deputaretur,
1557 2936 1689 2984 quam
1734 2919 1901 2966 absens

307 2991 556 3049 iudicarat,
590 3008 646 3039 ne
679 2993 873 3055 spatium
903 3008 1009 3039 reus
1040 2992 1316 3048 lucraretur,
1350 3006 1481 3054 quam
1513 2988 1739 3038 advocata
1762 2989 1900 3037 etiam

421 3145 466 3197 1)
499 3144 661 3184 Gelen.:
700 3146 888 3193 reat103
926 3147 1077 3184 Pamel.
1096 3146 1203 3186 coni.
1226 3145 1302 3184 rei
1330 3145 1480 3184 ratio.
