1942 3554
583 209 1170 251 APOLOGETICUS.
1601 212 1709 263 107

44 374 56 390 -.
68 350 201 414 rent,
220 355 265 414 ¹)
301 363 350 402 et
379 354 426 401 in
449 352 605 401 aliena
635 352 953 400 sollemnitate
986 352 1250 416 exemplum
1284 361 1425 417 atque
1450 352 1699 417 imaginem

69 427 173 492 spei
204 441 316 474 suae
361 425 718 488 inaugurarent,
767 439 938 472 nomen
983 424 1212 488 principis
1245 424 1291 470 iu
1333 421 1480 472 corde
1520 433 1693 474 mutan-

69 497 224 558 teS.²)
297 494 474 544 Eadem
516 494 675 542 officia
708 493 981 558 dependunt
1013 504 1062 542 et
1093 495 1171 559 qui
1209 494 1481 559 astrologos
1513 503 1561 544 et
1592 512 1695 545 aru·

64 569 229 633 spices
260 575 310 615 et
339 581 547 630 augures
578 573 627 612 et
657 581 823 629 magos
856 564 914 613 de
935 565 1189 613 Caesarum
1222 567 1377 629 capite
1411 566 1695 626 consultant,

65 654 185 704 quas
214 646 343 687 artes
371 646 423 684 ut
451 635 509 684 ab
539 636 723 701 angelis
758 635 1084 684 desertoribus
1117 635 1326 699 proditas
1367 645 1415 684 et
1445 653 1473 684 a
1505 635 1595 684 deo
1628 638 1700 686 in-

48 707 296 758 ,toi-dietas
332 723 392 756 ne
429 709 525 755 suis
565 706 752 771 quidem
794 708 972 757 caussis
1013 706 1241 755 adhibent
1274 706 1545 756 Christiani.
1611 708 1698 756 Cui

62 789 221 829 autem
267 794 383 844 opus
429 787 500 826 est
546 779 835 842 perscrutari
881 794 1023 841 super
1055 777 1274 824 Caesaris
1321 778 1494 836 salute,
1544 780 1632 825 uisi
1670 795 1699 825 a

44 850 157 915 'quo
197 848 375 915 aliquid
414 847 640 897 adversus
680 850 803 898 illam
836 850 1077 913 cogitatur
1106 848 1182 896 vel
1216 856 1429 912 optatur,
1479 857 1558 895 aut
1588 858 1698 912 post

56 920 189 970 illam
222 929 439 985 speratur
468 929 517 968 et
547 922 836 969 sustinetur?
886 919 998 967 Non
1037 920 1159 966 enim
1199 935 1256 967 ea
1288 928 1444 967 mente
1478 918 1536 967 de
1571 920 1695 968 caris

43 991 349 1050 xmsulitur‚
391 1007 483 1055 qua
517 990 575 1039 de
609 990 826 1039 dominis.
903 989 1062 1038 Aliter
1092 991 1280 1039 curiosa
1314 999 1386 1040 est
1421 989 1694 1038 sollicitudo

46 1063 330 1126 'sa-guinis,
362 1062 504 1110 aliter
533 1063 790 1111 servitutis.

199 1137 290 1184 36.
351 1131 403 1180 Si
434 1133 554 1181 haec
586 1135 651 1182 ita
681 1142 810 1191 sunt,
858 1142 908 1181 ut
938 1133 1098 1183 hostes
1132 1131 1571 1197 deprehendantur,
1616 1132 1694 1195 qui

62 1203 261 1252 Romani
290 1203 604 1262 vocabantur,
646 1220 732 1254 cur
763 1220 872 1263 nos,
910 1205 987 1268 qui
1018 1205 1180 1252 hostes
1214 1205 1562 1261 existimamur,
1598 1202 1693 1250 Ro-

61 1275 187 1322 mani
230 1277 488 1339 negamur?
538 1291 631 1323 non
669 1277 915 1339 possumus
954 1283 1004 1322 et
1034 1273 1232 1324 Romani
1266 1291 1399 1332 esse,
1451 1283 1499 1323 et
1529 1273 1693 1321 hostes

60 1361 156 1392 uon
187 1346 381 1408 esse3)‚
430 1361 534 1393 cum
572 1346 734 1394 hostes
772 1347 1070 1410 reperiantur
1109 1347 1186 1410 qui
1219 1345 1415 1401 Romani
1455 1344 1693 1392 habeban-

59 1417 169 1464 tur?
238 1414 379 1464 Adeo
417 1417 574 1480 pietas
615 1426 664 1464 et
695 1418 867 1480 religio
902 1426 950 1464 et
980 1416 1098 1466 fides
1129 1416 1498 1481 imperatoribus
1531 1414 1691 1463 dedita

58 1502 154 1535 non
183 1489 231 1535 in
262 1485 527 1534 huiusmodi
558 1488 740 1542 officiis
765 1489 1003 1545 consistit,
1053 1487 1218 1550 quibus
1251 1496 1300 1536 et
1330 1487 1563 1536 hostilitas
1594 1503 1691 1534 ma-

59 1558 132 1624 gis
177 1556 237 1605 ad
280 1557 594 1606 velamentum
634 1559 705 1605 sui
745 1567 904 1622 potest
941 1559 1098 1622 fungi,
1149 1557 1231 1606 sed
1272 1559 1320 1605 in
1359 1559 1417 1604 iis
1463 1557 1687 1614 moribus,

58 1627 224 1694 quibus
270 1628 474 1679 civilitas
513 1630 560 1676 in
599 1631 932 1694 imperatorem
979 1639 1070 1676 tam
1116 1644 1230 1679 vere
1248 1631 1317 1689 4),
1374 1645 1510 1693 quam
1559 1629 1689 1675 circa

45 1707 220 1748 omnes
264 1714 466 1748 necesse
511 1700 654 1749 habet
693 1700 927 1748 exhiberi.
1002 1699 1174 1764 Neque
1214 1702 1339 1748 enim
1379 1700 1500 1748 haec
1542 1715 1689 1763 opera

51 1769 211 1819 bonae
256 1771 424 1819 mentis
464 1770 577 1818 solis
614 1771 977 1834 imperatoribus
1017 1770 1251 1825 debentur
1281 1789 1309 1818 a
1340 1771 1496 1818 nobis.
1569 1770 1687 1819 Nul-

54 1839 150 1889 lum
179 1839 351 1888 bonum
382 1840 465 1888 sub
499 1842 784 1905 exceptione
816 1857 1125 1904 personarum
1150 1841 1543 1900 administramus,
1579 1842 1687 1904 quia

53 1910 194 1959 nobis
225 1920 538 1976 praestamuS‚
573 1913 650 1975 qui
682 1929 775 1959 non
810 1911 867 1959 ab
902 1913 1088 1959 homine
1120 1921 1200 1960 aut
1232 1911 1403 1970 laudiS,
1438 1921 1518 1959 aut
1547 1927 1686 1975 prae-

56 1981 138 2028 mii
169 1997 426 2045 expensum
457 1991 720 2046 captamuS,
770 1981 854 2031 sed
886 1999 913 2030 a
945 1982 1035 2030 deo
1069 1992 1297 2031 exactore
1331 1991 1380 2031 et
1410 1998 1686 2030 remunera-

55 2060 162 2100 tore
195 2051 506 2100 indifl‘erentis
536 2053 858 2117 benignitatis.
935 2052 1082 2101 Iidem
1114 2070 1269 2101 sumus
1300 2053 1683 2117 imperatoribus,

56 2124 136 2188 qui
166 2132 217 2171 et
244 2123 412 2171 vicinis
443 2125 635 2172 nostris.
709 2123 835 2171 Male
869 2124 991 2172 enim
1023 2124 1162 2183 velle,
1195 2124 1315 2172 male
1350 2125 1529 2182 facere,
1563 2125 1682 2172 male

50 2193 238 2252 dicere,
270 2193 389 2242 male
417 2196 631 2258 cogitare
660 2193 717 2242 de
735 2211 966 2259 quoquam
986 2210 1046 2244 ex
1063 2211 1213 2260 aequo
1232 2204 1460 2244 vetamur.
1524 2194 1684 2254 Quod-

20 2279 243 2329 „cunque
289 2281 382 2312 non
427 2265 543 2314 licet
587 2267 634 2313 in
678 2266 1038 2331 imperatorem,
1085 2265 1134 2314 id
1172 2283 1261 2315 nec
1302 2268 1347 2313 in
1389 2281 1680 2331 quemquam,

54 2334 226 2399 quod
212 2353 260 2383 m
292 2338 548 2396 neminem,
583 2353 641 2385 eo
673 2336 871 2386 forsitan
903 2339 1052 2402 magis
1085 2354 1175 2386 nec
1208 2339 1255 2385 in
1286 2339 1451 2402 ipsum,
1486 2338 1565 2401 qui
1597 2353 1684 2400 per

45 2404 192 2455 -deum
222 2415 376 2479 tantus
408 2415 494 2456 est.

199 2481 282 2530 37.
345 2478 396 2526 Si
427 2479 665 2537 inimicos,
706 2487 757 2526 ut
787 2495 926 2543 supra
956 2478 1179 2537 diximus,
1214 2478 1429 2526 iubemur
1461 2477 1678 2542 diligere,

51 2563 199 2612 quem
237 2549 458 2597 habemus
505 2549 695 2598 odisse?
768 2550 885 2597 Item
925 2551 964 2597 si
1006 2550 1121 2598 laesi
1159 2552 1313 2598 vicem
1354 2548 1540 2596 referre
1571 2565 1682 2612 pro·

53 2615 285 2678 hibentur,
316 2636 375 2667 ne
408 2618 465 2668 de
497 2621 624 2668 facto
657 2636 798 2685 pares
829 2622 986 2678 simus,
1021 2636 1157 2684 quem
1181 2635 1427 2684 possumus
1452 2618 1680 2667 laedere?

171 2802 216 2850 1)
245 2803 337 2852 mg.
367 2809 410 2842 et
434 2805 538 2843 Hav„
571 2806 844 2843 edicerent
875 2806 926 2842 in
963 2804 1023 2842 al.
1055 2805 1165 2853 soh,
1199 2808 1247 2842 et
1274 2805 1566 2854 exemplum
1599 2809 1679 2842 cet.

54 2858 121 2898 Al.
150 2858 471 2909 ediscerent3
518 2862 610 2899 cod.
643 2862 774 2910 Lugd.
801 2864 851 2899 11.
882 2861 1199 2910 edisserent,
1244 2874 1305 2900 ne
1342 2862 1390 2900 in
1418 2862 1479 2900 al.
1507 2861 1599 2899 sol.
1631 2863 1681 2898 et

56 2915 350 2963 exemplum
374 2919 453 2955 cet.
571 2918 614 2966 2)
645 2918 775 2955 Rhen.
803 2920 846 2956 et
862 2918 973 2955 Get:
1010 2917 1303 2966 imitantes,
1338 2918 1578 2968 cod.Lugd.
1606 2918 1679 2955 in-

53 2971 301 3010 vitantes.
390 2972 434 3018 3)
467 2974 622 3012 Pamel.
643 2975 821 3022 aliique:
857 2977 906 3011 et
921 2974 1134 3011 Romani
1156 2986 1256 3013 non
1279 2987 1395 3014 esse
1423 2978 1472 3013 et
1497 2976 1678 3013 hostes

52 3038 183 3068 ene.
329 3027 375 3077 4)
405 3030 525 3067 Hanc
555 3031 785 3070 lectionem
816 3031 1004 3068 restituit
1036 3032 1203 3071 Wouw.
1226 3044 1248 3071 e
1279 3033 1380 3079 Μι,
1414 3033 1484 3069 cui
1514 3031 1678 3070 assensi

52 3088 159 3124 tunt
186 3085 304 3134 mg„
337 3085 442 3124 Hav,
472 3087 650 3135 aliique,
682 3088 772 3126 edd.
805 3088 987 3135 priores:
1021 3088 1206 3135 quibus
1239 3089 1493 3127 divinitas
1524 3089 1678 3135 impe-

31 3143 159 3191 tunt,
189 3145 292 3180 tam
318 3154 458 3192 vere,
490 3154 637 3190 quam
669 3147 749 3182 cet.
807 3145 913 3182 Hav.
940 3147 1080 3182 autem
1103 3148 1146 3182 et
1159 3145 1298 3184 Ritter
1322 3147 1681 3195 transposuerunt

46 3201 123 3235 vv.
153 3198 389 3237 civilitas
423 3202 529 3237 tam
558 3211 678 3239 vere
707 3202 757 3239 in
789 3201 916 3249 imp„
950 3212 1097 3247 quam
1128 3204 1210 3239 cet.
