1942 3554
436 137 522 194 AD
561 134 935 174 NATIONES
980 134 1110 173 LIB.
1150 136 1199 200 Il:
1527 134 1640 186 {59

15 281 247 349 ‘plaustr-a,
293 286 345 324 nt
379 275 620 323 machinas
660 283 871 331 ceteraS,
909 274 1032 322 ultro
1072 275 1322 338 praevenit
1353 274 1540 334 dicens,
1580 292 1640 323 eo

16 349 238 401 animalia
281 345 489 404 credita,
537 343 662 410 quod
705 360 792 408 per
837 345 1088 408 semetipsa
1134 354 1461 402 moverentur,
1515 346 1643 393 nullo

17 421 319 470 extrinsecus
350 423 607 481 apparente
637 423 868 460 motatore
910 429 1071 461 eorum
1111 423 1190 461 aut
1227 415 1482 473 minatore,
1519 416 1646 463 sicut

17 497 238 554 apparet,
277 488 359 552 qui·
384 495 536 535 rotam
566 484 826 547 compellit,
862 492 910 529 et
939 484 1148 549 plaustra
1186 485 1355 542 volvit,
1390 494 1438 532 et
1467 486 1646 533 machi-

18 576 123 607 nam
169 565 416 622 temperat.
491 555 642 618 Igitur
679 554 766 603 nisi
813 553 1050 611 animalia,
1101 570 1192 600 non
1235 555 1427 601 mobilia
1456 571 1544 618 per
1574 573 1643 604 se.

23 620 178 677 Porro
207 627 440 691 allegans,
474 622 586 688 quid
617 640 709 670 non
740 631 983 686 appareat,
1026 623 1230 671 ostendit
1262 623 1372 686 quid
1404 627 1646 687 quaesisse

20 697 272 754 debuerat,
318 693 367 742 id
398 703 491 751 est,
525 693 754 740 artificem
787 701 835 739 et
864 692 1087 739 arbitrum
1127 701 1303 752 motus3
1337 710 1489 757 neque
1524 697 1646 742 enim

19 768 174 816 emim
212 782 306 812 non
348 773 444 822 est,
499 763 646 827 quod,
696 763 804 826 qnia
849 779 942 809 non
990 761 1222 820 videmus,
1270 780 1362 810 non
1410 764 1647 812 credimus

1 852 144 889 nosse.
207 835 304 883 Imo
337 850 397 881 eo
430 834 569 889 altius
600 831 975 895 investigandum
1008 841 1103 890 est,
1138 831 1262 897 quod
1287 850 1380 880 non
1412 833 1646 892 videatur,

22 915 76 955 ni
101 903 228 976 quod
257 903 473 952 videatur
505 902 640 967 quale
666 904 726 949 sit
756 902 884 949 scire
909 903 1155 967 possimus.
1215 902 1443 967 Alioquin
1467 905 1515 952 ⁴si
1546 914 1649 952 tan-

23 985 118 1024 tam
149 990 231 1034 ea,
264 989 384 1038 quae
418 982 718 1037 comparent,
751 971 843 1019 deo
870 988 976 1019 esse
1004 972 1284 1032 creduntur,
1319 975 1426 1038 quia
1459 991 1650 1039 compa-

3 1054 153 1103 =rent,
186 1043 420 1109 quomodo
441 1043 558 1090 deos
582 1044 719 1090 etiam
746 1059 829 1089 eos
855 1044 1090 1106 recipitis,
1125 1045 1202 1107 qui
1231 1061 1323 1090 non
1349 1048 1653 1110 comparent?

24 1117 76 1173 εἴ
102 1124 258 1164 autem
303 1113 521 1162 videntur
560 1129 665 1160 esse
698 1114 775 1176 qui
814 1130 907 1159 non
946 1122 1071 1170 sunt,
1114 1129 1198 1160 cur
1235 1131 1331 1160 non
1370 1116 1462 1161 sint
1494 1124 1543 1162 et
1574 1117 1651 1180 qui

26 1201 120 1236 nnn
150 1183 398 1232 videntur?
425 1183 709 1231 Motatorem
742 1182 848 1229 dico
876 1183 1151 1229 coelestium
1175 1199 1347 1230 rerum.
1404 1184 1509 1232 Sint
1533 1201 1651 1248 ergo

27 1263 79 1302 et
121 1254 360 1311 animalia,
418 1254 526 1317 quia
570 1253 760 1300 mobilia
806 1268 907 1315 per—
937 1269 1011 1310 se,
1068 1253 1207 1300 etiam
1245 1254 1435 1300 mobilia
1466 1271 1552 1318 per
1583 1271 1657 1313 se„

30 1326 139 1390 quia
168 1340 264 1370 non
290 1338 378 1387 per
407 1323 569 1380 alium3
600 1331 755 1370 tamen
787 1322 867 1369 illa
898 1339 991 1368 non
1023 1325 1175 1369 statim
1210 1322 1308 1380 dei,
1343 1325 1449 1387 quia
1479 1327 1654 1372 anima-

29 1396 115 1452 }ia,
154 1395 221 1440 ita
250 1409 338 1441 nee
371 1392 503 1450 ideo,
545 1393 651 1455 quia
689 1408 775 1455 per
806 1408 856 1439 se
889 1392 1104 1450 mobilia3
1141 1402 1220 1439 aut
1251 1393 1360 1455 quid
1393 1403 1520 1442 vetat
1552 1397 1654 1442 uni-

30 1478 172 1514 versa
217 1463 453 1519 animalia,
507 1471 557 1508 ut
600 1461 791 1508 mobilia
830 1478 914 1524 per
951 1477 1025 1519 se,
1067 1461 1182 1509 deos
1213 1462 1411 1510 haberi?
1445 1499 1581 1512 ......
1595 1466 1655 1513 lia

36 1548 148 1583 me
176 1533 383 1581 vanitate
416 1531 665 1595 Aegyptiis
699 1527 824 1578 licet.

163 1607 213 1654 4.
249 1601 396 1649 Aiunt
426 1600 609 1664 quidam
635 1610 890 1665 propterea
914 1600 1030 1648 deos
1054 1602 1199 1649 fnisse
1223 1603 1498 1666 appellatos,
1532 1604 1656 1668 quod

30 1668 231 1724 &met
245 1673 451 1723 σείεσθαι
467 1687 750 1735 procurrere
769 1688 824 1718 ac
849 1673 1018 1718 motari
1043 1673 1369 1735 interpretatio
1395 1682 1482 1721 est.
1531 1674 1657 1722 Sane

32 1743 312 1794 vocabulum
344 1741 467 1789 istud
498 1758 590 1788 non
624 1750 696 1788 est
735 1742 932 1788 alicuius
972 1742 1253 1800 maiestatis‘3
1305 1759 1331 1788 a
1364 1759 1503 1790 eursu
1535 1746 1660 1791 enim

8 1840 11 1847 =
35 1823 85 1861 et
114 1822 264 1871 motu,
297 1829 390 1859 non
415 1811 472 1858 ab
491 1810 747 1858 divinitatis
766 1810 1146 1858 denominatione
1164 1812 1412 1859 formatum
1431 1822 1520 1860 est.
1563 1813 1663 1861 Sed

9 1915 11 1917 ·
37 1899 141 1932 eum
159 1883 301 1930 etiam
332 1882 412 1929 ille
437 1897 550 1933 unus
575 1880 706 1928 Deus
732 1896 865 1944 quem
892 1881 1110 1938 colimus,
1138 1876 1255 1939 θεὸς
1282 1884 1659 1945 cognominetur,

36 1969 131 2002 neo
154 1962 308 2004 tamen
333 1960 413 1998 aut
435 1959 585 1998 motus
610 1951 727 1997 ullus
752 1959 831 1997 aut
856 1967 1018 2002 cursus
1045 1953 1145 1998 eius
1169 1961 1413 2015 appareat,
1448 1955 1556 2016 quia
1572 1969 1664 2002 nec

38 2023 241 2070 visi-bilis
263 2022 476 2085 cuiqnam
494 2021 575 2077 sit,
601 2022 750 2085 palam
776 2029 868 2078 est,
902 2030 952 2066 ut
975 2021 1247 2068 vocabulum
1273 2022 1398 2068 istud
1417 2057 1663 2071 ..............

40 2100 265 2157 sumptum
297 2092 656 2156 propriumque,
697 2092 802 2154 quia
843 2107 895 2138 se
935 2092 1161 2149 nativum,
1203 2091 1458 2139 divinitatis
1498 2094 1664 2141 inven-

41 2171 136 2211 mm
168 2196 533 2209 ............
565 2161 969 2224 interpretationis
1002 2161 1103 2208 eius
1135 2165 1326 2219 astutia,
1365 2163 1666 2211 verisimilius

43 2241 118 2291 est
147 2248 239 2279 non
271 2249 300 2279 a
330 2246 470 2286 cursu
502 2240 551 2278 et
586 2239 711 2277 motu
741 2227 890 2289 θεοὺς
928 2230 1103 2289 dictos,
1144 2230 1227 2278 sed
1260 2231 1318 2279 de
1351 2233 1666 2296 appel-latione

41 2302 146 2351 ueni
169 2301 251 2349 det
270 2310 543 2359 mutuatum,
578 2303 643 2348 uti
675 2318 791 2364 quos
822 2317 972 2365 aeque
1006 2300 1122 2349 deos
1150 2301 1488 2360 excudissetis,
1522 2303 1670 2363 θεοὺς

47 2373 461 2436 cognominaretis.
543 2371 758 2435 Denique
800 2388 934 2435 quam
974 2373 1038 2418 ita
1071 2373 1152 2429 sit,
1195 2371 1413 2434 probatio
1446 2374 1669 2435 suppetit,

49 2457 154 2492 oum
184 2443 321 2489 etiam
352 2442 599 2489 uni-versos
633 2441 747 2487 deos
777 2450 985 2498 vestros,
1027 2442 1072 2487 in
1105 2441 1270 2504 quibus
1303 2441 1469 2487 nullius
1503 2458 1670 2490 cursus

50 2519 132 2574 aut
161 2521 316 2559 notus
349 2511 545 2559 officium
587 2510 856 2567 denotatur,
888 2506 1035 2568 θεοὺς
1066 2511 1377 2556 communiter
1407 2512 1669 2574 appelletis.

50 2578 211 2644 Itaque
242 2583 455 2645 sineque
482 2576 631 2638 θεοὺς
662 2596 811 2643 aeque
844 2580 1127 2636 immobiles,
1165 2578 1430 2627 disceditur
1452 2583 1672 2629 vocabuli

0 2671 1 2677 ¹
48 2649 439 2714 interpretatione
471 2652 652 2714 pari-ter
683 2659 730 2696 et
761 2649 1016 2696 divinitatis
1050 2650 1296 2712 opinione,
1333 2666 1452 2713 quae
1480 2668 1507 2698 a
1532 2668 1674 2700 cursu

49 2727 101 2777 at
130 2729 257 2766 motu
286 2719 522 2768 modubata
555 2719 856 2767 rescinditur.
912 2717 1065 2778 Quodi
1090 2735 1258 2765 nomen
1283 2719 1406 2766 istud
1437 2723 1675 2785 proprium

51 2784 309 2836 divinitatis
346 2799 396 2836 et
433 2791 650 2853 simplex,
689 2805 778 2837 nec
818 2789 1248 2852 interpretatorium
1281 2789 1327 2835 in
1360 2789 1439 2836 illo
1472 2790 1562 2838 deo
1596 2809 1676 2840 re-

53 2858 356 2923 prehensum,
395 2860 445 2904 in
473 2868 659 2917 cetera,
694 2876 812 2923 qnae
845 2858 959 2906 deos
990 2860 1150 2916 vultis,
1185 2858 1356 2907 docete
1389 2861 1528 2908 etiam
1562 2879 1674 2925 qna-

54 2927 199 2974 litatis
245 2928 368 2973 inter
410 2927 518 2975 illos
564 2944 667 2975 esse
707 2931 1013 2985 consortium,
1076 2938 1126 2975 ut
1170 2930 1271 2976 iure
1312 2931 1539 2978 consistat
1578 2933 1678 2979 col·

43 2994 228 3059 legium
261 2997 459 3044 nominis
490 2999 814 3045 communione
862 2998 1165 3046 substantiae.
1241 2998 1389 3046 Porro
1436 2997 1553 3059 θεὸς
1597 3002 1678 3048 ille

56 3062 152 3121 jam
198 3066 288 3113 hoc
335 3067 459 3124 solo,
521 3067 644 3130 quod
690 3083 781 3113 non
826 3069 886 3113 sit
931 3068 976 3112 in
1023 3077 1255 3131 promptu,
1302 3078 1441 3116 vacat
1485 3087 1511 3117 a
1552 3087 1680 3117 com·

50 3147 93 3169 x>
