1942 3554
561 170 645 209 DE:
679 169 1041 209 PATIENTIA.
1543 165 1624 211 25

63 287 79 302 ”
118 302 265 336 rvum
295 294 376 335 aut
404 301 626 350 nequam,
664 283 858 333 reddam
897 293 946 332 et
981 285 1081 348 ipse
1121 282 1441 331 amaritudinis
1469 284 1623 331 vicem

34 373 190 408 ecesse
235 367 331 416 est,
375 366 456 405 aut
500 357 751 404 cruciabor
793 356 1084 421 impatientia
1128 364 1268 403 muta.
1345 354 1471 414 Cum,
1505 371 1620 418 ergo

28 433 274 478 -·rcussero
305 427 597 485 maledictus,
632 426 864 492 quomodo
897 435 1086 474 secutus
1116 427 1330 474 inveniar
1360 425 1623 473 doctrinam

34 501 191 566 nmini,
235 514 330 565 qua
373 498 596 547 traditum
642 507 736 557 est,
782 515 879 545 non
915 499 1212 546 vasculorum
1242 498 1620 562 inquinamentis,

28 570 83 620 ,id
103 586 290 628 eorum,
339 586 457 634 quae
503 585 564 617 ex
609 586 692 620 ore
736 578 1035 633 promuntur,
1082 569 1317 616 hominem
1364 570 1619 618 communi-

46 643 188 701 25¹)‘f
255 641 396 689 Item.
442 656 632 688 manere
679 657 764 687 nos
796 641 946 687 omnis
973 641 1082 686 vani
1113 648 1163 686 et
1192 640 1470 703 supervacui
1502 638 1619 687 dicti

21 715 166 770 mm'
187 713 253 773 2).
329 710 554 776 Sequitur
582 727 724 774 ergo,
771 718 920 767 ut,‘.a
963 726 1055 774 quo
1095 727 1181 757 nos
1220 709 1433 759 dominus
1464 719 1614 768 arcet,

36 798 66 826 -;
136 783 196 831 ab
227 783 322 830 alio
352 783 694 847 aequanimiter
721 782 820 845 pati
851 779 1120 828 admoneat.
1197 779 1287 828 Hic
1317 782 1410 827 iam
1441 779 1499 827 de
1530 797 1614 847 pa-

25 880 30 894 »
205 854 463 918 voluptate.
523 851 644 899 Nam
670 852 818 902 omnis
848 852 1043 909 iniuria,
1076 867 1159 899 seu
1183 851 1343 914 lingua
1367 867 1451 899 seu
1475 867 1613 899 manu

36 936 151 967 *1—:0
174 959 189 983 ,
222 940 326 973 cum
355 924 630 989 patientiam
663 921 939 981 offenderit,
988 921 1157 970 eodem
1195 924 1325 983 exitu
1356 921 1613 986 dispunge-

46 1015 94 1062 ῥ-
89 991 203 1066 ssq'uo
234 995 377 1043 telum
407 993 599 1059 aliquod
629 996 676 1041 in
706 1003 844 1058 petra
875 995 1281 1042 constantissimae
1321 992 1522 1042 duritiae
1554 994 1610 1041 li-

21 1066 27 1068 *
79 1081 118 1110 *u
128 1089 147 1109 ιι
190 1075 241 1115 et
270 1067 501 1114 obtusum.
592 1064 828 1118 Concidet
857 1066 988 1112 enim
1010 1062 1186 1121 ibidem
1217 1066 1353 1112 irrita
1385 1081 1532 1129 opera
1562 1074 1612 1113 et

21 1150 88 1181 ϊ«
103 1145 292 1195 ctuosa,
325 1146 375 1186 et
397 1152 725 1200 nonnunquam
749 1151 1077 1199 repercussum
1101 1136 1150 1183 in
1175 1152 1302 1194 eum,
1336 1137 1413 1200 qui
1438 1136 1608 1194 emisit,

14 1208 229 1273 »cipi-oco
261 1210 438 1272 impetu
466 1209 662 1255 saeviet.
723 1206 908 1270 Nempe
940 1205 1124 1254 idcirco
1153 1208 1255 1270 quis
1285 1216 1332 1257 te
1364 1205 1525 1263 laedit,
1557 1216 1610 1253 ut

12 1279 163 1337 deas,
210 1281 319 1344 quia
360 1279 542 1326 fructus
586 1277 818 1325 laedentis
864 1279 930 1326 in.
958 1277 1124 1326 dolore
1164 1279 1282 1326 laesi
1313 1287 1399 1326 est.
1475 1277 1606 1341 Ergo

16 1364 86 1398 mr
109 1350 704 1398 fructum‘eiusveverteris
748 1365 844 1407 ‚non
891 1347 1120 1406 dolendo,
1168 1350 1269 1413 ipse
1316 1347 1478 1397 doleat
1522 1365 1603 1397 ne-

12 1434 108 1469 usse
139 1429 214 1468 est
241 1420 492 1468 amissione
522 1421 702 1467 fructus
733 1421 819 1467 sui.
874 1419 1005 1467 Tunc
1036 1428 1086 1466 tu
1117 1436 1211 1466 non
1242 1419 1382 1467 modo
1415 1420 1606 1468 illaesus

34 1487 254 1556 bs,.quod
285 1493 427 1539 etiam
458 1491 606 1539 solum
637 1491 722 1537 tibi
753 1488 952 1547 sufficit,
998 1489 1082 1538 sed
1121 1492 1313 1554 insuper
1343 1490 1605 1538 adversarii

10 1563 118 1618 ‘iulet
145 1563 448 1610 frustratione
481 1562 746 1609 oblectatus
777 1570 826 1609 et
856 1560 1023 1609 dolore
1055 1560 1290 1609 defensus.
1368 1562 1498 1609 Haec
1530 1571 1604 1610 est

10 1668 12 1670 -
32 1633 226 1687 &ntiae
255 1635 435 1681 utilitas
465 1642 523 1681 et
542 1634 774 1697 voluptas.

28 1698 91 1755 ΡΒ
109 1708 158 1758 9.
217 1703 293 1753 Ne
337 1705 419 1752 illa
463 1703 648 1768 quidem
686 1705 1007 1768 impatientiae
1046 1706 1230 1768 species
1270 1714 1523 1753 excusatur
1552 1710 1601 1755 in

4 1777 218 1842 Υ’.ἰοιιιι
263 1785 553 1832 nostrorum,
608 1775 687 1822 ubi
731 1776 891 1839 aliqua
935 1774 1114 1822 doloris
1159 1777 1485 1839 patrocinatur
1529 1781 1599 1826 af-

0 1846 130 1899 msto.
191 1845 531 1911 Proponendus
557 1854 630 1893 est
653 1847 775 1892 enim
805 1855 1052 1909 respectus
1084 1845 1452 1895 denuntiationis
1482 1865 1598 1913 apo-

0 1914 110 1975 ffl,
130 1919 209 1982 qui
239 1918 328 1965 ait:
359 1916 435 1968 Ne
468 1917 810 1966 contristemini
841 1916 1124 1964 dormitione
1157 1919 1441 1981 cuiusquam,
1475 1922 1599 1968 sicut

0 1988 203 2046 titanes,
236 2003 355 2052 quae
385 2003 468 2052 spe
501 1996 665 2036 carent
685 1988 750 2048 3).
825 1987 887 2034 Et
916 1989 1101 2035 merito.
1178 1988 1439 2038 Credentes
1471 1993 1596 2040 enim

5 2062 362 2109 surrectionem
394 2059 590 2116 Christi,
630 2067 837 2105 nostram
869 2071 1052 2122 quoque
1094 2058 1350 2119 credimus,
1396 2073 1595 2128 propter

0 2145 85 2179 utos
109 2130 189 2178 ille
219 2138 270 2178 et
299 2129 418 2178 obiit
445 2138 495 2178 et
524 2125 801 2177 resurrexit.
877 2128 1007 2192 Ergo
1056 2146 1168 2178 cum
1200 2141 1387 2179 constet
1424 2133 1483 2182 de
1514 2150 1592 2182 re-

0 2206 17 2246 i-
98 2202 257 2249 ctione
286 2209 598 2259 mortuorum,
629 2209 770 2258 vacat
799 2199 938 2247 dolor
966 2202 1154 2258 mortis,
1194 2212 1334 2250 vacat
1363 2213 1413 2251 et
1442 2206 1591 2269 impa-

0 2212 128 2355 «ΞΒ
148 2269 352 2319 doloris.
427 2271 524 2319 Cur
553 2287 670 2335 ergo
703 2270 888 2328 doleaS,
937 2273 976 2319 si
1019 2273 1220 2336 periisse
1267 2291 1361 2321 non
1401 2276 1591 2324 credis?

0 2341 386 2414 &impatienter
412 2343 541 2390 feras
570 2341 846 2390 subductum
877 2344 1088 2401 interim,
1139 2360 1273 2407 quem
1322 2346 1479 2394 credis
1510 2363 1588 2394 re-

0 2415 230 2482 emm?
286 2413 528 2466 Profectio
574 2422 668 2471 est,
718 2430 852 2477 quam
898 2423 1033 2477 putas
1078 2424 1291 2461 mortem.
1352 2416 1476 2463 Νοιι
1516 2427 1589 2464 est

0 2472 197 2614 mus
218 2485 296 2548 qui
325 2483 587 2542 antecedit,
620 2483 704 2531 sed
734 2484 872 2547 plane
905 2483 1259 2532 desiderandus.
1322 2485 1375 2533 Id
1401 2503 1583 2551 quoque

125 2568 245 2610 rium
272 2555 500 2618 patientia
527 2552 898 2619 temperandum.
975 2554 1071 2601 Cur
1116 2556 1238 2601 enim
1275 2557 1582 2606 immoderate

0 2637 89 2671 ras
113 2623 479 2697 abiisseffluem
509 2642 620 2673 mox
649 2625 999 2689 subsequeris?
1040 2623 1260 2673 Ceterum
1291 2627 1583 2691 impatientia

37 2690 315 2743 huiusmodi
328 2703 378 2743 et
407 2697 507 2760 spei
536 2705 726 2743 nostrae
758 2696 878 2743 male
919 2696 1152 2742 ominatur
1195 2705 1244 2743 et
1274 2696 1412 2745 fidem
1441 2717 1580 2763 prae-

0 2765 210 2817 unitatur.
270 2763 334 2812 Et
362 2765 596 2814 Christum
629 2765 855 2814 laedimus
887 2783 990 2814 cum
1024 2775 1250 2814 evocatos
1282 2784 1488 2834 quosque
1519 2773 1577 2819 ab

1 2836 203 2900 atanasi
232 2836 520 2887 miserandos
551 2854 644 2884 non
675 2837 1014 2901 aequanimiter
1057 2839 1326 2902 accipimus.
1409 2840 1575 2907 Cupio,

0 2907 108 2983 &91¹2
135 2906 397 2971 apostolus,
429 2909 579 2971 recipi
610 2909 700 2955 iam
731 2916 780 2956 et
809 2923 913 2956 esse
947 2924 1048 2956 cum
1074 2907 1261 2957 domino
1278 2913 1341 2974 4).
1391 2911 1574 2971 Quanto

19 3052 24 3058 ’
66 3055 71 3061 ’
147 3077 250 3117 Alii:
282 3078 633 3126 coinquinari.
681 3080 891 3120 ofwmarc
910 3080 1571 3136 7,15.18.2)Matth.·12‚36.

0 3140 14 3172 ι.
76 3132 220 3175 Thess.
242 3136 367 3184 4,13.
484 3133 533 3188 4)
563 3135 724 3187 Phi1.1,
747 3139 810 3176 23.
