<?xml version="1.0" encoding="UTF-8"?>
<!DOCTYPE html PUBLIC "-//W3C//DTD XHTML 1.0 Transitional//EN"
    "http://www.w3.org/TR/xhtml1/DTD/xhtml1-transitional.dtd">
<html xmlns="http://www.w3.org/1999/xhtml" xml:lang="en" lang="en">
 <head>
  <title>
</title>
<meta http-equiv="Content-Type" content="text/html;charset=utf-8" />
  <meta name='ocr-system' content='tesseract 3.04.00' />
  <meta name='ocr-capabilities' content='ocr_page ocr_carea ocr_par ocr_line ocrx_word'/>
</head>
<body>
  <div class='ocr_page' id='page_1' title='image "./operatert12tertuoft_0249.png"; bbox 0 0 1942 3554; ppageno 0'>
   <div class='ocr_carea' id='block_1_1' title="bbox 401 137 1666 191">
    <p class='ocr_par' dir='ltr' id='par_1_1' title="bbox 401 137 1666 191">
     <span class='ocr_line' id='line_1_1' title="bbox 401 137 1666 191; baseline 0.006 -16"><span class='ocrx_word' id='word_1_1' title='bbox 401 137 622 179; x_wconf 82' lang='lat' dir='ltr'>CONTRA</span> <span class='ocrx_word' id='word_1_2' title='bbox 652 139 960 180; x_wconf 76' lang='lat' dir='ltr'><strong>GNosncos</strong></span> <span class='ocrx_word' id='word_1_3' title='bbox 991 140 1304 182; x_wconf 74' lang='lat' dir='ltr'><strong>SGORPIACE.</strong></span> <span class='ocrx_word' id='word_1_4' title='bbox 1545 142 1666 191; x_wconf 73' lang='lat'><strong>25⁷</strong></span> 
     </span>
    </p>
   </div>
   <div class='ocr_carea' id='block_1_2' title="bbox 0 279 1667 2461">
    <p class='ocr_par' dir='ltr' id='par_1_2' title="bbox 14 279 1665 486">
     <span class='ocr_line' id='line_1_2' title="bbox 32 279 1665 346; baseline 0.002 -18"><span class='ocrx_word' id='word_1_5' title='bbox 32 291 107 335; x_wconf 54' lang='lat' dir='ltr'><strong>me</strong></span> <span class='ocrx_word' id='word_1_6' title='bbox 135 297 267 339; x_wconf 90' lang='lat' dir='ltr'><strong>meo,</strong></span> <span class='ocrx_word' id='word_1_7' title='bbox 308 282 384 346; x_wconf 88' lang='lat' dir='ltr'><strong>qui</strong></span> <span class='ocrx_word' id='word_1_8' title='bbox 415 281 461 327; x_wconf 91' lang='lat' dir='ltr'><strong>in</strong></span> <span class='ocrx_word' id='word_1_9' title='bbox 496 281 646 329; x_wconf 91' lang='lat' dir='ltr'><strong>coelis</strong></span> <span class='ocrx_word' id='word_1_10' title='bbox 678 290 765 329; x_wconf 89' lang='lat' dir='ltr'><strong>est.</strong></span> <span class='ocrx_word' id='word_1_11' title='bbox 831 279 1026 328; x_wconf 84' lang='lat' dir='ltr'><strong>Sciebat</strong></span> <span class='ocrx_word' id='word_1_12' title='bbox 1057 281 1180 328; x_wconf 92' lang='lat' dir='ltr'><strong>enim</strong></span> <span class='ocrx_word' id='word_1_13' title='bbox 1211 297 1239 327; x_wconf 85' lang='lat' dir='ltr'><strong>a</strong></span> <span class='ocrx_word' id='word_1_14' title='bbox 1271 281 1554 330; x_wconf 80' lang='lat' dir='ltr'><strong>confusione</strong></span> <span class='ocrx_word' id='word_1_15' title='bbox 1586 284 1665 331; x_wconf 85' lang='lat' dir='ltr'><strong>vel</strong></span> 
     </span>
     <span class='ocr_line' id='line_1_3' title="bbox 14 346 1662 414; baseline -0.001 -12"><span class='ocrx_word' id='word_1_16' title='bbox 14 346 230 403; x_wconf 51' lang='lat' dir='ltr'><strong>-maxime</strong></span> <span class='ocrx_word' id='word_1_17' title='bbox 262 351 455 398; x_wconf 81' lang='lat' dir='ltr'><strong>formari</strong></span> <span class='ocrx_word' id='word_1_18' title='bbox 486 353 815 414; x_wconf 81' lang='lat' dir='ltr'><strong>negationem3</strong></span> <span class='ocrx_word' id='word_1_19' title='bbox 866 352 1035 399; x_wconf 86' lang='lat' dir='ltr'><strong>mentis</strong></span> <span class='ocrx_word' id='word_1_20' title='bbox 1075 360 1244 398; x_wconf 85' lang='lat' dir='ltr'><strong>statum</strong></span> <span class='ocrx_word' id='word_1_21' title='bbox 1275 353 1320 398; x_wconf 90' lang='lat' dir='ltr'><strong>in</strong></span> <span class='ocrx_word' id='word_1_22' title='bbox 1355 353 1514 400; x_wconf 84' lang='lat' dir='ltr'><strong>fronte</strong></span> <span class='ocrx_word' id='word_1_23' title='bbox 1547 370 1662 401; x_wconf 89' lang='lat' dir='ltr'><strong>con-</strong></span> 
     </span>
     <span class='ocr_line' id='line_1_4' title="bbox 24 420 1500 486; baseline 0 -16"><span class='ocrx_word' id='word_1_24' title='bbox 24 422 220 480; x_wconf 72' lang='lat' dir='ltr'><strong>sistere,</strong></span> <span class='ocrx_word' id='word_1_25' title='bbox 253 422 457 485; x_wconf 90' lang='lat' dir='ltr'><strong>priorem</strong></span> <span class='ocrx_word' id='word_1_26' title='bbox 489 437 599 468; x_wconf 90' lang='lat' dir='ltr'><strong>esse</strong></span> <span class='ocrx_word' id='word_1_27' title='bbox 630 420 841 485; x_wconf 89' lang='lat' dir='ltr'><strong>pudoris,</strong></span> <span class='ocrx_word' id='word_1_28' title='bbox 878 438 1011 486; x_wconf 88' lang='lat' dir='ltr'><strong>quam</strong></span> <span class='ocrx_word' id='word_1_29' title='bbox 1045 423 1263 484; x_wconf 88' lang='lat' dir='ltr'><strong>corporis</strong></span> <span class='ocrx_word' id='word_1_30' title='bbox 1294 423 1500 486; x_wconf 82' lang='lat' dir='ltr'>plagam.</span> 
     </span>
    </p>

    <p class='ocr_par' dir='ltr' id='par_1_3' title="bbox 0 490 1667 2461">
     <span class='ocr_line' id='line_1_5' title="bbox 150 490 1667 551; baseline 0.003 -13"><span class='ocrx_word' id='word_1_31' title='bbox 150 497 232 544; x_wconf 88' lang='lat'><strong>10.</strong></span> <span class='ocrx_word' id='word_1_32' title='bbox 270 491 357 551; x_wconf 84' lang='lat' dir='ltr'><strong>Qui</strong></span> <span class='ocrx_word' id='word_1_33' title='bbox 389 507 504 539; x_wconf 85' lang='lat' dir='ltr'><strong>vero</strong></span> <span class='ocrx_word' id='word_1_34' title='bbox 536 509 630 539; x_wconf 92' lang='lat' dir='ltr'><strong>non</strong></span> <span class='ocrx_word' id='word_1_35' title='bbox 661 492 753 549; x_wconf 91' lang='lat' dir='ltr'><strong>hic,</strong></span> <span class='ocrx_word' id='word_1_36' title='bbox 795 490 842 538; x_wconf 93' lang='lat' dir='ltr'><strong>id</strong></span> <span class='ocrx_word' id='word_1_37' title='bbox 877 500 963 549; x_wconf 91' lang='lat' dir='ltr'><strong>est,</strong></span> <span class='ocrx_word' id='word_1_38' title='bbox 1006 508 1099 538; x_wconf 93' lang='lat' dir='ltr'><strong>non</strong></span> <span class='ocrx_word' id='word_1_39' title='bbox 1131 492 1255 538; x_wconf 89' lang='lat' dir='ltr'><strong>intra</strong></span> <span class='ocrx_word' id='word_1_40' title='bbox 1285 493 1408 540; x_wconf 89' lang='lat' dir='ltr'><strong>hunc</strong></span> <span class='ocrx_word' id='word_1_41' title='bbox 1441 494 1667 542; x_wconf 79' lang='lat' dir='ltr'><strong>ambitum</strong></span> 
     </span>
     <span class='ocr_line' id='line_1_6' title="bbox 14 562 1664 627; baseline 0.001 -17"><span class='ocrx_word' id='word_1_42' title='bbox 14 573 189 617; x_wconf 60' lang='lat' dir='ltr'><strong>terrae</strong></span> <span class='ocrx_word' id='word_1_43' title='bbox 234 577 323 608; x_wconf 90' lang='lat' dir='ltr'><strong>nec</strong></span> <span class='ocrx_word' id='word_1_44' title='bbox 367 577 458 625; x_wconf 90' lang='lat' dir='ltr'><strong>per</strong></span> <span class='ocrx_word' id='word_1_45' title='bbox 500 562 623 609; x_wconf 86' lang='lat' dir='ltr'><strong>hunc</strong></span> <span class='ocrx_word' id='word_1_46' title='bbox 665 570 971 610; x_wconf 83' lang='lat' dir='ltr'><strong>commeatum</strong></span> <span class='ocrx_word' id='word_1_47' title='bbox 1004 563 1129 608; x_wconf 86' lang='lat' dir='ltr'><strong>vitae</strong></span> <span class='ocrx_word' id='word_1_48' title='bbox 1170 578 1259 609; x_wconf 89' lang='lat' dir='ltr'><strong>nec</strong></span> <span class='ocrx_word' id='word_1_49' title='bbox 1293 563 1415 627; x_wconf 89' lang='lat' dir='ltr'><strong>apud</strong></span> <span class='ocrx_word' id='word_1_50' title='bbox 1448 564 1664 613; x_wconf 82' lang='lat' dir='ltr'><strong>homines</strong></span> 
     </span>
     <span class='ocr_line' id='line_1_7' title="bbox 14 632 1658 695; baseline 0 -13"><span class='ocrx_word' id='word_1_51' title='bbox 14 632 165 694; x_wconf 63' lang='lat' dir='ltr'><strong>*huius</strong></span> <span class='ocrx_word' id='word_1_52' title='bbox 197 640 392 679; x_wconf 89' lang='lat' dir='ltr'><strong>naturae</strong></span> <span class='ocrx_word' id='word_1_53' title='bbox 425 633 703 689; x_wconf 89' lang='lat' dir='ltr'><strong>communis,</strong></span> <span class='ocrx_word' id='word_1_54' title='bbox 754 632 1102 679; x_wconf 86' lang='lat' dir='ltr'><strong>confessionem</strong></span> <span class='ocrx_word' id='word_1_55' title='bbox 1142 641 1308 695; x_wconf 87' lang='lat' dir='ltr'><strong>putant</strong></span> <span class='ocrx_word' id='word_1_56' title='bbox 1340 635 1658 694; x_wconf 82' lang='lat' dir='ltr'><strong>constitutam,</strong></span> 
     </span>
     <span class='ocr_line' id='line_1_8' title="bbox 19 701 1663 769; baseline 0.001 -18"><span class='ocrx_word' id='word_1_57' title='bbox 19 707 199 769; x_wconf 54' lang='lat' dir='ltr'><strong>quanta</strong></span> <span class='ocrx_word' id='word_1_58' title='bbox 237 704 554 766; x_wconf 82' lang='lat' dir='ltr'><strong>praesumptio</strong></span> <span class='ocrx_word' id='word_1_59' title='bbox 594 711 668 749; x_wconf 86' lang='lat' dir='ltr'><strong>est</strong></span> <span class='ocrx_word' id='word_1_60' title='bbox 704 701 930 749; x_wconf 86' lang='lat' dir='ltr'><strong>adversus</strong></span> <span class='ocrx_word' id='word_1_61' title='bbox 963 717 1146 748; x_wconf 89' lang='lat' dir='ltr'><strong>omnem</strong></span> <span class='ocrx_word' id='word_1_62' title='bbox 1180 701 1392 750; x_wconf 82' lang='lat' dir='ltr'><strong>ordinem</strong></span> <span class='ocrx_word' id='word_1_63' title='bbox 1424 721 1579 752; x_wconf 87' lang='lat' dir='ltr'><strong>rerum</strong></span> <span class='ocrx_word' id='word_1_64' title='bbox 1613 707 1663 753; x_wconf 90' lang='lat' dir='ltr'><strong>in</strong></span> 
     </span>
     <span class='ocr_line' id='line_1_9' title="bbox 14 771 1664 835; baseline -0.001 -11"><span class='ocrx_word' id='word_1_65' title='bbox 14 773 171 824; x_wconf 59' lang='lat' dir='ltr'><strong>‘terris</strong></span> <span class='ocrx_word' id='word_1_66' title='bbox 209 772 313 820; x_wconf 87' lang='lat' dir='ltr'><strong>istis</strong></span> <span class='ocrx_word' id='word_1_67' title='bbox 352 780 401 818; x_wconf 83' lang='lat' dir='ltr'><strong>et</strong></span> <span class='ocrx_word' id='word_1_68' title='bbox 438 773 484 819; x_wconf 91' lang='lat' dir='ltr'><strong>in</strong></span> <span class='ocrx_word' id='word_1_69' title='bbox 524 773 619 820; x_wconf 89' lang='lat' dir='ltr'><strong>vita</strong></span> <span class='ocrx_word' id='word_1_70' title='bbox 659 773 749 818; x_wconf 89' lang='lat' dir='ltr'><strong>ista</strong></span> <span class='ocrx_word' id='word_1_71' title='bbox 789 781 837 818; x_wconf 91' lang='lat' dir='ltr'><strong>et</strong></span> <span class='ocrx_word' id='word_1_72' title='bbox 868 771 952 819; x_wconf 90' lang='lat' dir='ltr'><strong>sub</strong></span> <span class='ocrx_word' id='word_1_73' title='bbox 985 772 1197 819; x_wconf 84' lang='lat' dir='ltr'><strong>humanis</strong></span> <span class='ocrx_word' id='word_1_74' title='bbox 1227 775 1543 835; x_wconf 82' lang='lat' dir='ltr'><strong>potestatibus</strong></span> <span class='ocrx_word' id='word_1_75' title='bbox 1578 792 1664 823; x_wconf 88' lang='lat' dir='ltr'><strong>ex-</strong></span> 
     </span>
     <span class='ocr_line' id='line_1_10' title="bbox 24 841 1662 908; baseline 0.001 -17"><span class='ocrx_word' id='word_1_76' title='bbox 24 841 389 908; x_wconf 74' lang='lat' dir='ltr'><strong>periundarum?</strong></span> <span class='ocrx_word' id='word_1_77' title='bbox 434 842 665 889; x_wconf 80' lang='lat' dir='ltr'><strong>Nimirum</strong></span> <span class='ocrx_word' id='word_1_78' title='bbox 706 858 809 888; x_wconf 89' lang='lat' dir='ltr'><strong>cum</strong></span> <span class='ocrx_word' id='word_1_79' title='bbox 849 843 1031 889; x_wconf 87' lang='lat' dir='ltr'><strong>animae</strong></span> <span class='ocrx_word' id='word_1_80' title='bbox 1073 841 1131 889; x_wconf 93' lang='lat' dir='ltr'><strong>de</strong></span> <span class='ocrx_word' id='word_1_81' title='bbox 1173 844 1458 906; x_wconf 81' lang='lat' dir='ltr'><strong>corporibus</strong></span> <span class='ocrx_word' id='word_1_82' title='bbox 1493 861 1662 892; x_wconf 84' lang='lat' dir='ltr'><strong>exces-</strong></span> 
     </span>
     <span class='ocr_line' id='line_1_11' title="bbox 15 911 1663 979; baseline 0.001 -17"><span class='ocrx_word' id='word_1_83' title='bbox 15 913 180 967; x_wconf 78' lang='lat' dir='ltr'><strong>·serint</strong></span> <span class='ocrx_word' id='word_1_84' title='bbox 210 921 259 961; x_wconf 86' lang='lat' dir='ltr'><strong>et</strong></span> <span class='ocrx_word' id='word_1_85' title='bbox 278 927 366 977; x_wconf 89' lang='lat' dir='ltr'><strong>per</strong></span> <span class='ocrx_word' id='word_1_86' title='bbox 382 913 564 976; x_wconf 87' lang='lat' dir='ltr'><strong>singula</strong></span> <span class='ocrx_word' id='word_1_87' title='bbox 595 912 803 959; x_wconf 86' lang='lat' dir='ltr'><strong>tabulata</strong></span> <span class='ocrx_word' id='word_1_88' title='bbox 836 913 1078 959; x_wconf 88' lang='lat' dir='ltr'><strong>coelorum</strong></span> <span class='ocrx_word' id='word_1_89' title='bbox 1105 911 1163 960; x_wconf 92' lang='lat' dir='ltr'><strong>de</strong></span> <span class='ocrx_word' id='word_1_90' title='bbox 1196 923 1393 977; x_wconf 82' lang='lat' dir='ltr'><strong>recepto</strong></span> <span class='ocrx_word' id='word_1_91' title='bbox 1411 916 1456 973; x_wconf 87' lang='lat'><strong>1)</strong></span> <span class='ocrx_word' id='word_1_92' title='bbox 1491 914 1663 979; x_wconf 86' lang='lat' dir='ltr'><strong>dispici</strong></span> 
     </span>
     <span class='ocr_line' id='line_1_12' title="bbox 13 983 1663 1048; baseline 0.004 -21"><span class='ocrx_word' id='word_1_93' title='bbox 13 984 277 1048; x_wconf 48' lang='lat' dir='ltr'><strong>,coeperint</strong></span> <span class='ocrx_word' id='word_1_94' title='bbox 307 991 356 1031; x_wconf 88' lang='lat' dir='ltr'><strong>et</strong></span> <span class='ocrx_word' id='word_1_95' title='bbox 385 983 674 1047; x_wconf 85' lang='lat' dir='ltr'><strong>interrogari</strong></span> <span class='ocrx_word' id='word_1_96' title='bbox 705 999 879 1030; x_wconf 88' lang='lat' dir='ltr'><strong>arcana</strong></span> <span class='ocrx_word' id='word_1_97' title='bbox 910 983 990 1029; x_wconf 88' lang='lat' dir='ltr'><strong>illa</strong></span> <span class='ocrx_word' id='word_1_98' title='bbox 1006 983 1357 1031; x_wconf 80' lang='lat' dir='ltr'><strong>baereticorum</strong></span> <span class='ocrx_word' id='word_1_99' title='bbox 1390 1002 1663 1034; x_wconf 85' lang='lat' dir='ltr'><strong>sacramen-</strong></span> 
     </span>
     <span class='ocr_line' id='line_1_13' title="bbox 14 1053 1663 1118; baseline 0.002 -18"><span class='ocrx_word' id='word_1_100' title='bbox 14 1064 99 1117; x_wconf 51' lang='grc' dir='ltr'><strong>ἰὴ,</strong></span> <span class='ocrx_word' id='word_1_101' title='bbox 138 1063 249 1102; x_wconf 91' lang='lat' dir='ltr'><strong>tunc</strong></span> <span class='ocrx_word' id='word_1_102' title='bbox 290 1053 608 1102; x_wconf 85' lang='lat' dir='ltr'><strong>confitendum</strong></span> <span class='ocrx_word' id='word_1_103' title='bbox 641 1053 764 1117; x_wconf 89' lang='lat' dir='ltr'><strong>apud</strong></span> <span class='ocrx_word' id='word_1_104' title='bbox 793 1069 930 1101; x_wconf 88' lang='lat' dir='ltr'><strong>veras</strong></span> <span class='ocrx_word' id='word_1_105' title='bbox 962 1062 1225 1118; x_wconf 81' lang='lat' dir='ltr'><strong>potestates</strong></span> <span class='ocrx_word' id='word_1_106' title='bbox 1258 1063 1306 1101; x_wconf 90' lang='lat' dir='ltr'><strong>et</strong></span> <span class='ocrx_word' id='word_1_107' title='bbox 1337 1071 1478 1103; x_wconf 87' lang='lat' dir='ltr'><strong>veros</strong></span> <span class='ocrx_word' id='word_1_108' title='bbox 1510 1057 1663 1104; x_wconf 90' lang='lat' dir='ltr'><strong>homi-</strong></span> 
     </span>
     <span class='ocr_line' id='line_1_14' title="bbox 12 1122 1659 1186; baseline 0.004 -17"><span class='ocrx_word' id='word_1_109' title='bbox 12 1141 130 1183; x_wconf 69' lang='lat' dir='ltr'><strong>mes,</strong></span> <span class='ocrx_word' id='word_1_110' title='bbox 161 1125 354 1172; x_wconf 83' lang='lat' dir='ltr'><strong>Teletos</strong></span> <span class='ocrx_word' id='word_1_111' title='bbox 386 1125 572 1172; x_wconf 88' lang='lat' dir='ltr'><strong>scilicet</strong></span> <span class='ocrx_word' id='word_1_112' title='bbox 602 1132 652 1171; x_wconf 90' lang='lat' dir='ltr'><strong>et</strong></span> <span class='ocrx_word' id='word_1_113' title='bbox 680 1122 980 1171; x_wconf 83' lang='lat' dir='ltr'><strong>Abascantos</strong></span> <span class='ocrx_word' id='word_1_114' title='bbox 1013 1133 1062 1171; x_wconf 86' lang='lat' dir='ltr'><strong>et</strong></span> <span class='ocrx_word' id='word_1_115' title='bbox 1084 1122 1318 1172; x_wconf 88' lang='lat' dir='ltr'><strong>Acinetos</strong></span> <span class='ocrx_word' id='word_1_116' title='bbox 1334 1124 1576 1174; x_wconf 85' lang='lat' dir='ltr'><strong>Valentini</strong></span> <span class='ocrx_word' id='word_1_117' title='bbox 1594 1131 1659 1186; x_wconf 79' lang='grc'><strong>2).</strong></span> 
     </span>
     <span class='ocr_line' id='line_1_15' title="bbox 13 1194 1665 1259; baseline 0.001 -15"><span class='ocrx_word' id='word_1_118' title='bbox 13 1195 280 1245; x_wconf 62' lang='lat' dir='ltr'><strong>‘Nostrates</strong></span> <span class='ocrx_word' id='word_1_119' title='bbox 312 1196 450 1252; x_wconf 88' lang='lat' dir='ltr'><strong>enim,</strong></span> <span class='ocrx_word' id='word_1_120' title='bbox 484 1195 714 1258; x_wconf 89' lang='lat' dir='ltr'><strong>inquiunt,</strong></span> <span class='ocrx_word' id='word_1_121' title='bbox 748 1210 837 1242; x_wconf 92' lang='lat' dir='ltr'><strong>nec</strong></span> <span class='ocrx_word' id='word_1_122' title='bbox 870 1196 970 1257; x_wconf 90' lang='lat' dir='ltr'><strong>ipse</strong></span> <span class='ocrx_word' id='word_1_123' title='bbox 1004 1194 1350 1259; x_wconf 83' lang='lat' dir='ltr'><strong>Demiurgus3)</strong></span> <span class='ocrx_word' id='word_1_124' title='bbox 1387 1206 1665 1245; x_wconf 78' lang='lat' dir='ltr'><strong>constanter</strong></span> 
     </span>
     <span class='ocr_line' id='line_1_16' title="bbox 13 1264 1659 1331; baseline 0.001 -16"><span class='ocrx_word' id='word_1_125' title='bbox 13 1267 242 1315; x_wconf 63' lang='lat' dir='ltr'><strong>&#39;homines</strong></span> <span class='ocrx_word' id='word_1_126' title='bbox 279 1265 530 1330; x_wconf 85' lang='lat' dir='ltr'><strong>probabat,</strong></span> <span class='ocrx_word' id='word_1_127' title='bbox 580 1281 695 1330; x_wconf 91' lang='lat' dir='ltr'><strong>quos</strong></span> <span class='ocrx_word' id='word_1_128' title='bbox 711 1266 757 1324; x_wconf 76' lang='lat'><strong>4)</strong></span> <span class='ocrx_word' id='word_1_129' title='bbox 801 1264 1090 1312; x_wconf 87' lang='lat' dir='ltr'><strong>stillicidium</strong></span> <span class='ocrx_word' id='word_1_130' title='bbox 1131 1267 1193 1312; x_wconf 92' lang='lat' dir='ltr'><strong>si</strong></span> <span class='ocrx_word' id='word_1_131' title='bbox 1177 1267 1300 1313; x_wconf 90' lang='lat' dir='ltr'><strong>ulae</strong></span> <span class='ocrx_word' id='word_1_132' title='bbox 1341 1276 1390 1314; x_wconf 89' lang='lat' dir='ltr'><strong>et</strong></span> <span class='ocrx_word' id='word_1_133' title='bbox 1419 1268 1659 1331; x_wconf 85' lang='lat' dir='ltr'><strong>pulverem</strong></span> 
     </span>
     <span class='ocr_line' id='line_1_17' title="bbox 12 1326 1664 1419; baseline 0.001 -34.005"><span class='ocrx_word' id='word_1_134' title='bbox 12 1353 172 1385; x_wconf 64' lang='lat' dir='ltr'><strong>«areae</strong></span> <span class='ocrx_word' id='word_1_135' title='bbox 204 1345 254 1384; x_wconf 87' lang='lat' dir='ltr'><strong>et</strong></span> <span class='ocrx_word' id='word_1_136' title='bbox 284 1344 525 1419; x_wconf 88' lang='lat' dir='ltr'><strong>sputamen</strong></span> <span class='ocrx_word' id='word_1_137' title='bbox 558 1345 605 1384; x_wconf 90' lang='lat' dir='ltr'><strong>et</strong></span> <span class='ocrx_word' id='word_1_138' title='bbox 636 1337 843 1383; x_wconf 82' lang='lat' dir='ltr'><strong>locustas</strong></span> <span class='ocrx_word' id='word_1_139' title='bbox 877 1326 1139 1399; x_wconf 85' lang='lat' dir='ltr'><strong>deputavit,</strong></span> <span class='ocrx_word' id='word_1_140' title='bbox 1189 1337 1328 1384; x_wconf 87' lang='lat' dir='ltr'><strong>etiam</strong></span> <span class='ocrx_word' id='word_1_141' title='bbox 1370 1339 1664 1387; x_wconf 84' lang='lat' dir='ltr'><strong>irrationali-</strong></span> 
     </span>
     <span class='ocr_line' id='line_1_18' title="bbox 12 1405 1658 1470; baseline 0.001 -14"><span class='ocrx_word' id='word_1_142' title='bbox 12 1407 114 1456; x_wconf 64' lang='lat' dir='ltr'><strong>unus</strong></span> <span class='ocrx_word' id='word_1_143' title='bbox 151 1407 371 1455; x_wconf 86' lang='lat' dir='ltr'><strong>iumentis</strong></span> <span class='ocrx_word' id='word_1_144' title='bbox 411 1405 714 1470; x_wconf 85' lang='lat' dir='ltr'><strong>adaequavit.</strong></span> <span class='ocrx_word' id='word_1_145' title='bbox 778 1405 922 1452; x_wconf 87' lang='lat' dir='ltr'><strong>Plane</strong></span> <span class='ocrx_word' id='word_1_146' title='bbox 961 1407 1027 1453; x_wconf 86' lang='lat' dir='ltr'><strong>ita</strong></span> <span class='ocrx_word' id='word_1_147' title='bbox 1058 1408 1298 1470; x_wconf 85' lang='lat' dir='ltr'><strong>scriptum.</strong></span> <span class='ocrx_word' id='word_1_148' title='bbox 1361 1408 1469 1455; x_wconf 91' lang='lat' dir='ltr'><strong>Non</strong></span> <span class='ocrx_word' id='word_1_149' title='bbox 1501 1418 1658 1457; x_wconf 89' lang='lat' dir='ltr'><strong>tamen</strong></span> 
     </span>
     <span class='ocr_line' id='line_1_19' title="bbox 12 1475 1665 1546; baseline 0.003 -23"><span class='ocrx_word' id='word_1_150' title='bbox 12 1478 211 1546; x_wconf 63' lang='lat' dir='ltr'><strong>ticeli-co</strong></span> <span class='ocrx_word' id='word_1_151' title='bbox 242 1476 369 1526; x_wconf 91' lang='lat' dir='ltr'><strong>aliud</strong></span> <span class='ocrx_word' id='word_1_152' title='bbox 401 1477 600 1525; x_wconf 91' lang='lat' dir='ltr'><strong>hominis</strong></span> <span class='ocrx_word' id='word_1_153' title='bbox 618 1492 767 1540; x_wconf 87' lang='lat' dir='ltr'><strong>genus</strong></span> <span class='ocrx_word' id='word_1_154' title='bbox 799 1475 1155 1540; x_wconf 82' lang='lat' dir='ltr'><strong>intelligendum</strong></span> <span class='ocrx_word' id='word_1_155' title='bbox 1183 1487 1377 1541; x_wconf 84' lang='lat' dir='ltr'><strong>praeter</strong></span> <span class='ocrx_word' id='word_1_156' title='bbox 1407 1496 1508 1538; x_wconf 87' lang='lat' dir='ltr'><strong>nos,</strong></span> <span class='ocrx_word' id='word_1_157' title='bbox 1543 1497 1665 1544; x_wconf 84' lang='lat' dir='ltr'><strong>quos-</strong></span> 
     </span>
     <span class='ocr_line' id='line_1_20' title="bbox 12 1547 1660 1616; baseline 0.002 -21"><span class='ocrx_word' id='word_1_158' title='bbox 12 1550 138 1616; x_wconf 59' lang='lat' dir='ltr'><strong>tquia</strong></span> <span class='ocrx_word' id='word_1_159' title='bbox 167 1557 355 1602; x_wconf 84' lang='lat' dir='ltr'><strong>constat</strong></span> <span class='ocrx_word' id='word_1_160' title='bbox 386 1563 514 1606; x_wconf 88' lang='lat' dir='ltr'><strong>esse,</strong></span> <span class='ocrx_word' id='word_1_161' title='bbox 565 1564 591 1596; x_wconf 89' lang='lat' dir='ltr'><strong>e</strong></span> <span class='ocrx_word' id='word_1_162' title='bbox 626 1548 980 1612; x_wconf 87' lang='lat' dir='ltr'><strong>comparatione</strong></span> <span class='ocrx_word' id='word_1_163' title='bbox 1027 1549 1182 1610; x_wconf 93' lang='lat' dir='ltr'><strong>potuit</strong></span> <span class='ocrx_word' id='word_1_164' title='bbox 1226 1547 1424 1597; x_wconf 87' lang='lat' dir='ltr'><strong>induere</strong></span> <span class='ocrx_word' id='word_1_165' title='bbox 1443 1551 1487 1609; x_wconf 92' lang='lat'><strong>⁵)</strong></span> <span class='ocrx_word' id='word_1_166' title='bbox 1531 1551 1660 1598; x_wconf 80' lang='lat' dir='ltr'><strong>salva</strong></span> 
     </span>
     <span class='ocr_line' id='line_1_21' title="bbox 13 1617 1660 1686; baseline 0.002 -20"><span class='ocrx_word' id='word_1_167' title='bbox 13 1628 85 1671; x_wconf 52' lang='lat' dir='ltr'><strong>tot,</strong></span> <span class='ocrx_word' id='word_1_168' title='bbox 106 1621 401 1686; x_wconf 86' lang='lat' dir='ltr'><strong>proprietate</strong></span> <span class='ocrx_word' id='word_1_169' title='bbox 434 1620 626 1683; x_wconf 86' lang='lat' dir='ltr'><strong>generis</strong></span> <span class='ocrx_word' id='word_1_170' title='bbox 659 1628 707 1666; x_wconf 91' lang='lat' dir='ltr'><strong>et</strong></span> <span class='ocrx_word' id='word_1_171' title='bbox 738 1618 1082 1682; x_wconf 84' lang='lat' dir='ltr'><strong>singularitate.</strong></span> <span class='ocrx_word' id='word_1_172' title='bbox 1136 1617 1304 1682; x_wconf 88' lang='lat' dir='ltr'><strong>Neque</strong></span> <span class='ocrx_word' id='word_1_173' title='bbox 1338 1620 1461 1666; x_wconf 89' lang='lat' dir='ltr'><strong>enim</strong></span> <span class='ocrx_word' id='word_1_174' title='bbox 1493 1622 1531 1668; x_wconf 89' lang='lat' dir='ltr'><strong>si</strong></span> <span class='ocrx_word' id='word_1_175' title='bbox 1563 1623 1660 1669; x_wconf 90' lang='lat' dir='ltr'><strong>vita</strong></span> 
     </span>
     <span class='ocr_line' id='line_1_22' title="bbox 13 1688 1658 1755; baseline 0 -16"><span class='ocrx_word' id='word_1_176' title='bbox 13 1689 192 1754; x_wconf 50' lang='lat' dir='ltr'><strong>‘vitiata</strong></span> <span class='ocrx_word' id='word_1_177' title='bbox 229 1700 323 1749; x_wconf 88' lang='lat' dir='ltr'><strong>est,</strong></span> <span class='ocrx_word' id='word_1_178' title='bbox 371 1698 423 1738; x_wconf 87' lang='lat' dir='ltr'><strong>nt</strong></span> <span class='ocrx_word' id='word_1_179' title='bbox 461 1689 707 1754; x_wconf 88' lang='lat' dir='ltr'><strong>despectui</strong></span> <span class='ocrx_word' id='word_1_180' title='bbox 752 1689 961 1737; x_wconf 86' lang='lat' dir='ltr'><strong>iudicata</strong></span> <span class='ocrx_word' id='word_1_181' title='bbox 1002 1688 1243 1753; x_wconf 88' lang='lat' dir='ltr'><strong>despectis</strong></span> <span class='ocrx_word' id='word_1_182' title='bbox 1284 1701 1658 1755; x_wconf 84' lang='lat' dir='ltr'><strong>compararetur,</strong></span> 
     </span>
     <span class='ocr_line' id='line_1_23' title="bbox 13 1760 1664 1826; baseline 0.001 -19"><span class='ocrx_word' id='word_1_183' title='bbox 13 1762 183 1811; x_wconf 56' lang='lat' dir='ltr'><strong>‚statim</strong></span> <span class='ocrx_word' id='word_1_184' title='bbox 213 1769 379 1809; x_wconf 85' lang='lat' dir='ltr'><strong>natura</strong></span> <span class='ocrx_word' id='word_1_185' title='bbox 411 1760 594 1808; x_wconf 87' lang='lat' dir='ltr'><strong>sublata</strong></span> <span class='ocrx_word' id='word_1_186' title='bbox 626 1769 721 1818; x_wconf 83' lang='lat' dir='ltr'><strong>est,</strong></span> <span class='ocrx_word' id='word_1_187' title='bbox 769 1769 820 1807; x_wconf 89' lang='lat' dir='ltr'><strong>ut</strong></span> <span class='ocrx_word' id='word_1_188' title='bbox 850 1760 939 1807; x_wconf 89' lang='lat' dir='ltr'><strong>alia</strong></span> <span class='ocrx_word' id='word_1_189' title='bbox 972 1761 1017 1806; x_wconf 89' lang='lat' dir='ltr'><strong>in</strong></span> <span class='ocrx_word' id='word_1_190' title='bbox 1052 1762 1238 1807; x_wconf 91' lang='lat' dir='ltr'><strong>nomine</strong></span> <span class='ocrx_word' id='word_1_191' title='bbox 1271 1762 1373 1807; x_wconf 90' lang='lat' dir='ltr'><strong>eius</strong></span> <span class='ocrx_word' id='word_1_192' title='bbox 1406 1760 1664 1826; x_wconf 88' lang='lat' dir='ltr'><strong>deputare-</strong></span> 
     </span>
     <span class='ocr_line' id='line_1_24' title="bbox 0 1829 1661 1896; baseline -0.001 -15"><span class='ocrx_word' id='word_1_193' title='bbox 0 1840 122 1896; x_wconf 42' lang='grc' dir='ltr'><strong>μων.</strong></span> <span class='ocrx_word' id='word_1_194' title='bbox 169 1830 344 1896; x_wconf 88' lang='lat' dir='ltr'><strong>Atquin</strong></span> <span class='ocrx_word' id='word_1_195' title='bbox 377 1839 593 1879; x_wconf 88' lang='lat' dir='ltr'><strong>servatur</strong></span> <span class='ocrx_word' id='word_1_196' title='bbox 623 1839 803 1889; x_wconf 84' lang='lat' dir='ltr'><strong>natura,</strong></span> <span class='ocrx_word' id='word_1_197' title='bbox 838 1831 924 1877; x_wconf 92' lang='lat' dir='ltr'><strong>etsi</strong></span> <span class='ocrx_word' id='word_1_198' title='bbox 958 1829 1236 1877; x_wconf 82' lang='lat' dir='ltr'><strong>suffunditur</strong></span> <span class='ocrx_word' id='word_1_199' title='bbox 1266 1833 1388 1890; x_wconf 79' lang='lat' dir='ltr'><strong>vita3</strong></span> <span class='ocrx_word' id='word_1_200' title='bbox 1423 1846 1513 1879; x_wconf 89' lang='lat' dir='ltr'><strong>nec</strong></span> <span class='ocrx_word' id='word_1_201' title='bbox 1539 1832 1661 1881; x_wconf 84' lang='lat' dir='ltr'><strong>alios</strong></span> 
     </span>
     <span class='ocr_line' id='line_1_25' title="bbox 0 1899 1658 1965; baseline 0.001 -16"><span class='ocrx_word' id='word_1_202' title='bbox 0 1903 162 1965; x_wconf 44' lang='grc' dir='ltr'><strong>1’,ιονίῑ</strong></span> <span class='ocrx_word' id='word_1_203' title='bbox 191 1903 408 1950; x_wconf 86' lang='lat' dir='ltr'><strong>Christus</strong></span> <span class='ocrx_word' id='word_1_204' title='bbox 439 1902 669 1958; x_wconf 88' lang='lat' dir='ltr'><strong>homines,</strong></span> <span class='ocrx_word' id='word_1_205' title='bbox 704 1917 836 1964; x_wconf 90' lang='lat' dir='ltr'><strong>quam</strong></span> <span class='ocrx_word' id='word_1_206' title='bbox 871 1899 929 1946; x_wconf 90' lang='lat' dir='ltr'><strong>de</strong></span> <span class='ocrx_word' id='word_1_207' title='bbox 962 1901 1127 1963; x_wconf 90' lang='lat' dir='ltr'><strong>quibus</strong></span> <span class='ocrx_word' id='word_1_208' title='bbox 1160 1899 1276 1948; x_wconf 91' lang='lat' dir='ltr'><strong>dicit</strong></span> <span class='ocrx_word' id='word_1_209' title='bbox 1291 1901 1365 1961; x_wconf 76' lang='lat'><strong>⁶):</strong></span> <span class='ocrx_word' id='word_1_210' title='bbox 1403 1902 1548 1960; x_wconf 84' lang='lat' dir='ltr'><strong>Quem</strong></span> <span class='ocrx_word' id='word_1_211' title='bbox 1583 1919 1658 1951; x_wconf 86' lang='lat' dir='ltr'><strong>me</strong></span> 
     </span>
     <span class='ocr_line' id='line_1_26' title="bbox 11 1970 1662 2030; baseline -0.001 -9"><span class='ocrx_word' id='word_1_212' title='bbox 11 1974 161 2022; x_wconf 56' lang='lat' dir='ltr'><strong>aiunt</strong></span> <span class='ocrx_word' id='word_1_213' title='bbox 191 1988 296 2020; x_wconf 88' lang='lat' dir='ltr'><strong>esse</strong></span> <span class='ocrx_word' id='word_1_214' title='bbox 328 1973 571 2020; x_wconf 84' lang='lat' dir='ltr'><strong>homines?</strong></span> <span class='ocrx_word' id='word_1_215' title='bbox 619 1971 767 2030; x_wconf 61' lang='lat' dir='ltr'><strong>Em:</strong></span> <span class='ocrx_word' id='word_1_216' title='bbox 821 1970 1066 2030; x_wconf 86' lang='lat' dir='ltr'><strong>Quomodo</strong></span> <span class='ocrx_word' id='word_1_217' title='bbox 1104 1972 1244 2018; x_wconf 87' lang='lat' dir='ltr'><strong>vultis</strong></span> <span class='ocrx_word' id='word_1_218' title='bbox 1284 1981 1334 2018; x_wconf 89' lang='lat' dir='ltr'><strong>ut</strong></span> <span class='ocrx_word' id='word_1_219' title='bbox 1365 1973 1542 2019; x_wconf 85' lang='lat' dir='ltr'><strong>faciant</strong></span> <span class='ocrx_word' id='word_1_220' title='bbox 1572 1990 1662 2021; x_wconf 89' lang='lat' dir='ltr'><strong>vo-</strong></span> 
     </span>
     <span class='ocr_line' id='line_1_27' title="bbox 12 2040 1662 2107; baseline 0 -16"><span class='ocrx_word' id='word_1_221' title='bbox 12 2043 102 2091; x_wconf 43' lang='lat' dir='ltr'><strong>&amp;bis</strong></span> <span class='ocrx_word' id='word_1_222' title='bbox 133 2044 360 2101; x_wconf 87' lang='lat' dir='ltr'><strong>homines,</strong></span> <span class='ocrx_word' id='word_1_223' title='bbox 393 2051 442 2090; x_wconf 87' lang='lat' dir='ltr'><strong>et</strong></span> <span class='ocrx_word' id='word_1_224' title='bbox 471 2043 651 2090; x_wconf 76' lang='lat' dir='ltr'><strong>vosita</strong></span> <span class='ocrx_word' id='word_1_225' title='bbox 682 2043 826 2089; x_wconf 85' lang='lat' dir='ltr'><strong>facite</strong></span> <span class='ocrx_word' id='word_1_226' title='bbox 858 2042 966 2089; x_wconf 90' lang='lat' dir='ltr'><strong>illis.</strong></span> <span class='ocrx_word' id='word_1_227' title='bbox 1013 2040 1152 2099; x_wconf 85' lang='lat' dir='ltr'><strong>Vide,</strong></span> <span class='ocrx_word' id='word_1_228' title='bbox 1186 2059 1243 2089; x_wconf 90' lang='lat' dir='ltr'><strong>an</strong></span> <span class='ocrx_word' id='word_1_229' title='bbox 1277 2044 1541 2091; x_wconf 89' lang='lat' dir='ltr'><strong>servaverit</strong></span> <span class='ocrx_word' id='word_1_230' title='bbox 1573 2060 1662 2107; x_wconf 85' lang='lat' dir='ltr'><strong>gc·-</strong></span> 
     </span>
     <span class='ocr_line' id='line_1_28' title="bbox 11 2113 1660 2178; baseline 0.001 -19"><span class='ocrx_word' id='word_1_231' title='bbox 11 2130 139 2170; x_wconf 74' lang='lat' dir='ltr'><strong>mus,</strong></span> <span class='ocrx_word' id='word_1_232' title='bbox 187 2130 212 2160; x_wconf 84' lang='lat' dir='ltr'><strong>a</strong></span> <span class='ocrx_word' id='word_1_233' title='bbox 253 2113 416 2178; x_wconf 90' lang='lat' dir='ltr'><strong>quibus</strong></span> <span class='ocrx_word' id='word_1_234' title='bbox 456 2122 504 2161; x_wconf 91' lang='lat' dir='ltr'><strong>et</strong></span> <span class='ocrx_word' id='word_1_235' title='bbox 540 2113 855 2160; x_wconf 89' lang='lat' dir='ltr'><strong>testimonium</strong></span> <span class='ocrx_word' id='word_1_236' title='bbox 896 2113 966 2159; x_wconf 91' lang='lat' dir='ltr'><strong>sui</strong></span> <span class='ocrx_word' id='word_1_237' title='bbox 999 2121 1247 2175; x_wconf 83' lang='lat' dir='ltr'><strong>exspectet</strong></span> <span class='ocrx_word' id='word_1_238' title='bbox 1279 2122 1327 2160; x_wconf 92' lang='lat' dir='ltr'><strong>et</strong></span> <span class='ocrx_word' id='word_1_239' title='bbox 1357 2114 1403 2159; x_wconf 92' lang='lat' dir='ltr'><strong>in</strong></span> <span class='ocrx_word' id='word_1_240' title='bbox 1437 2131 1554 2178; x_wconf 92' lang='lat' dir='ltr'><strong>quos</strong></span> <span class='ocrx_word' id='word_1_241' title='bbox 1586 2115 1660 2161; x_wconf 90' lang='lat' dir='ltr'><strong>iu-</strong></span> 
     </span>
     <span class='ocr_line' id='line_1_29' title="bbox 13 2182 1661 2232; baseline 0 0"><span class='ocrx_word' id='word_1_242' title='bbox 13 2185 187 2232; x_wconf 77' lang='lat' dir='ltr'><strong>stitiae</strong></span> <span class='ocrx_word' id='word_1_243' title='bbox 218 2185 368 2232; x_wconf 89' lang='lat' dir='ltr'><strong>vicem</strong></span> <span class='ocrx_word' id='word_1_244' title='bbox 400 2182 602 2231; x_wconf 88' lang='lat' dir='ltr'><strong>mandet.</strong></span> <span class='ocrx_word' id='word_1_245' title='bbox 656 2183 767 2230; x_wconf 92' lang='lat' dir='ltr'><strong>Illos</strong></span> <span class='ocrx_word' id='word_1_246' title='bbox 798 2191 952 2231; x_wconf 88' lang='lat' dir='ltr'><strong>autem</strong></span> <span class='ocrx_word' id='word_1_247' title='bbox 984 2183 1223 2231; x_wconf 89' lang='lat' dir='ltr'><strong>coelestes</strong></span> <span class='ocrx_word' id='word_1_248' title='bbox 1258 2183 1469 2232; x_wconf 85' lang='lat' dir='ltr'><strong>homines</strong></span> <span class='ocrx_word' id='word_1_249' title='bbox 1501 2186 1539 2231; x_wconf 91' lang='lat' dir='ltr'><strong>si</strong></span> <span class='ocrx_word' id='word_1_250' title='bbox 1573 2200 1661 2232; x_wconf 88' lang='lat' dir='ltr'><strong>ex-</strong></span> 
     </span>
     <span class='ocr_line' id='line_1_30' title="bbox 11 2252 1657 2318; baseline 0 -16"><span class='ocrx_word' id='word_1_251' title='bbox 11 2275 18 2309; x_wconf 61' lang='lat'><em>3</em></span> <span class='ocrx_word' id='word_1_252' title='bbox 30 2255 257 2318; x_wconf 82' lang='lat' dir='ltr'><strong>postulem</strong></span> <span class='ocrx_word' id='word_1_253' title='bbox 288 2255 396 2302; x_wconf 87' lang='lat' dir='ltr'><strong>mibi</strong></span> <span class='ocrx_word' id='word_1_254' title='bbox 431 2252 634 2311; x_wconf 91' lang='lat' dir='ltr'><strong>ostendi,</strong></span> <span class='ocrx_word' id='word_1_255' title='bbox 667 2253 856 2301; x_wconf 84' lang='lat' dir='ltr'><strong>facilius</strong></span> <span class='ocrx_word' id='word_1_256' title='bbox 886 2252 1062 2300; x_wconf 89' lang='lat' dir='ltr'><strong>Aratus</strong></span> <span class='ocrx_word' id='word_1_257' title='bbox 1094 2253 1270 2301; x_wconf 91' lang='lat' dir='ltr'><strong>Persea</strong></span> <span class='ocrx_word' id='word_1_258' title='bbox 1302 2263 1351 2301; x_wconf 88' lang='lat' dir='ltr'><strong>et</strong></span> <span class='ocrx_word' id='word_1_259' title='bbox 1383 2254 1575 2318; x_wconf 86' lang='lat' dir='ltr'><strong>Cephea</strong></span> <span class='ocrx_word' id='word_1_260' title='bbox 1608 2264 1657 2302; x_wconf 87' lang='lat' dir='ltr'><strong>et</strong></span> 
     </span>
     <span class='ocr_line' id='line_1_31' title="bbox 13 2322 1655 2388; baseline 0 -16"><span class='ocrx_word' id='word_1_261' title='bbox 13 2322 271 2388; x_wconf 76' lang='lat' dir='ltr'><strong>³Erigonen</strong></span> <span class='ocrx_word' id='word_1_262' title='bbox 303 2335 352 2372; x_wconf 93' lang='lat' dir='ltr'><strong>et</strong></span> <span class='ocrx_word' id='word_1_263' title='bbox 380 2323 620 2372; x_wconf 86' lang='lat' dir='ltr'><strong>Ariadnen</strong></span> <span class='ocrx_word' id='word_1_264' title='bbox 651 2324 776 2371; x_wconf 91' lang='lat' dir='ltr'><strong>inter</strong></span> <span class='ocrx_word' id='word_1_265' title='bbox 813 2323 969 2372; x_wconf 86' lang='lat' dir='ltr'><strong>sidera</strong></span> <span class='ocrx_word' id='word_1_266' title='bbox 1010 2323 1282 2371; x_wconf 89' lang='lat' dir='ltr'><strong>delineabit.</strong></span> <span class='ocrx_word' id='word_1_267' title='bbox 1348 2324 1461 2383; x_wconf 87' lang='lat' dir='ltr'><strong>Quis</strong></span> <span class='ocrx_word' id='word_1_268' title='bbox 1499 2334 1655 2372; x_wconf 85' lang='lat' dir='ltr'><strong>autem</strong></span> 
     </span>
     <span class='ocr_line' id='line_1_32' title="bbox 11 2391 1660 2461; baseline -0.004 -14"><span class='ocrx_word' id='word_1_269' title='bbox 11 2391 270 2461; x_wconf 62' lang='lat' dir='ltr'><strong>sprohibuit</strong></span> <span class='ocrx_word' id='word_1_270' title='bbox 314 2395 547 2443; x_wconf 90' lang='lat' dir='ltr'><strong>dominum</strong></span> <span class='ocrx_word' id='word_1_271' title='bbox 594 2395 691 2442; x_wconf 91' lang='lat' dir='ltr'><strong>illic</strong></span> <span class='ocrx_word' id='word_1_272' title='bbox 739 2396 878 2442; x_wconf 87' lang='lat' dir='ltr'><strong>etiam</strong></span> <span class='ocrx_word' id='word_1_273' title='bbox 927 2395 1276 2442; x_wconf 83' lang='lat' dir='ltr'><strong>confessionem</strong></span> <span class='ocrx_word' id='word_1_274' title='bbox 1318 2396 1553 2442; x_wconf 92' lang='lat' dir='ltr'><strong>hominum</strong></span> <span class='ocrx_word' id='word_1_275' title='bbox 1586 2396 1660 2442; x_wconf 56' lang='lat' dir='ltr'><strong>fa«—</strong></span> 
     </span>
    </p>
   </div>
   <div class='ocr_carea' id='block_1_3' title="bbox 0 0 18 1874">
    <p class='ocr_par' dir='ltr' id='par_1_4' title="bbox 0 0 18 1874">
     <span class='ocr_line' id='line_1_33' title="bbox 0 0 18 1874; baseline 0 -784"><span class='ocrx_word' id='word_1_276' title='bbox 0 0 18 1874; x_wconf 95' lang='lat' dir='ltr'><strong>   </strong></span> 
     </span>
    </p>
   </div>
   <div class='ocr_carea' id='block_1_4' title="bbox 32 2500 286 2513">
    <p class='ocr_par' dir='ltr' id='par_1_5' title="bbox 32 2500 286 2513">
     <span class='ocr_line' id='line_1_34' title="bbox 32 2500 286 2513; baseline 0 1041"><span class='ocrx_word' id='word_1_277' title='bbox 32 2500 286 2513; x_wconf 95' lang='lat' dir='ltr'><strong> </strong></span> 
     </span>
    </p>
   </div>
   <div class='ocr_carea' id='block_1_5' title="bbox 5 2550 1660 3161">
    <p class='ocr_par' dir='ltr' id='par_1_6' title="bbox 5 2550 1660 3161">
     <span class='ocr_line' id='line_1_35' title="bbox 143 2550 1660 2599; baseline 0 -11"><span class='ocrx_word' id='word_1_278' title='bbox 143 2552 187 2598; x_wconf 88' lang='lat'><strong>1)</strong></span> <span class='ocrx_word' id='word_1_279' title='bbox 217 2551 373 2589; x_wconf 73' lang='lat' dir='ltr'><strong>Latin-2</strong></span> <span class='ocrx_word' id='word_1_280' title='bbox 423 2552 479 2588; x_wconf 88' lang='lat' dir='ltr'><strong>de</strong></span> <span class='ocrx_word' id='word_1_281' title='bbox 520 2553 759 2599; x_wconf 79' lang='lat' dir='ltr'><strong>receptu3</strong></span> <span class='ocrx_word' id='word_1_282' title='bbox 808 2551 898 2598; x_wconf 82' lang='lat' dir='ltr'><strong>Rig.</strong></span> <span class='ocrx_word' id='word_1_283' title='bbox 933 2552 1003 2597; x_wconf 86' lang='lat' dir='ltr'><strong>qui</strong></span> <span class='ocrx_word' id='word_1_284' title='bbox 1034 2551 1074 2587; x_wconf 89' lang='lat' dir='ltr'><strong>in</strong></span> <span class='ocrx_word' id='word_1_285' title='bbox 1109 2551 1199 2587; x_wconf 88' lang='lat' dir='ltr'><strong>cod.</strong></span> <span class='ocrx_word' id='word_1_286' title='bbox 1239 2562 1315 2588; x_wconf 87' lang='lat' dir='ltr'><strong>suo</strong></span> <span class='ocrx_word' id='word_1_287' title='bbox 1348 2550 1568 2587; x_wconf 73' lang='lat' dir='ltr'><strong>invenerat</strong></span> <span class='ocrx_word' id='word_1_288' title='bbox 1598 2550 1660 2588; x_wconf 86' lang='lat' dir='ltr'><strong>de</strong></span> 
     </span>
     <span class='ocr_line' id='line_1_36' title="bbox 10 2603 1655 2657; baseline -0.002 -10"><span class='ocrx_word' id='word_1_289' title='bbox 10 2610 268 2657; x_wconf 58' lang='lat' dir='ltr'><strong>-repectm</strong></span> <span class='ocrx_word' id='word_1_290' title='bbox 299 2607 450 2644; x_wconf 77' lang='lat' dir='ltr'><strong>maluit</strong></span> <span class='ocrx_word' id='word_1_291' title='bbox 479 2608 685 2645; x_wconf 84' lang='lat' dir='ltr'><strong>scribere:</strong></span> <span class='ocrx_word' id='word_1_292' title='bbox 717 2608 776 2644; x_wconf 87' lang='lat' dir='ltr'><strong>de</strong></span> <span class='ocrx_word' id='word_1_293' title='bbox 807 2610 1119 2654; x_wconf 86' lang='lat' dir='ltr'><strong>praecepto.</strong></span> <span class='ocrx_word' id='word_1_294' title='bbox 1220 2603 1265 2656; x_wconf 84' lang='lat'><strong>2)</strong></span> <span class='ocrx_word' id='word_1_295' title='bbox 1298 2606 1429 2643; x_wconf 86' lang='lat' dir='ltr'><strong>Rhen.</strong></span> <span class='ocrx_word' id='word_1_296' title='bbox 1460 2606 1655 2655; x_wconf 87' lang='lat' dir='ltr'><strong>Agine-</strong></span> 
     </span>
     <span class='ocr_line' id='line_1_37' title="bbox 7 2657 1659 2727; baseline -0.001 -25"><span class='ocrx_word' id='word_1_297' title='bbox 7 2665 111 2704; x_wconf 65' lang='lat'><strong>³10·</strong></span> <span class='ocrx_word' id='word_1_298' title='bbox 145 2664 252 2701; x_wconf 76' lang='lat' dir='ltr'><strong>Val.</strong></span> <span class='ocrx_word' id='word_1_299' title='bbox 296 2665 371 2700; x_wconf 88' lang='lat' dir='ltr'><strong>Ed.</strong></span> <span class='ocrx_word' id='word_1_300' title='bbox 402 2664 526 2701; x_wconf 83' lang='lat' dir='ltr'><strong>Fran.</strong></span> <span class='ocrx_word' id='word_1_301' title='bbox 557 2668 600 2701; x_wconf 90' lang='lat' dir='ltr'><strong>et</strong></span> <span class='ocrx_word' id='word_1_302' title='bbox 630 2665 719 2710; x_wconf 87' lang='lat' dir='ltr'><strong>Rig.</strong></span> <span class='ocrx_word' id='word_1_303' title='bbox 750 2663 1004 2700; x_wconf 83' lang='lat' dir='ltr'><strong>Acinetos</strong></span> <span class='ocrx_word' id='word_1_304' title='bbox 1038 2663 1088 2711; x_wconf 87' lang='lat' dir='ltr'><strong>(i.</strong></span> <span class='ocrx_word' id='word_1_305' title='bbox 1122 2674 1156 2698; x_wconf 89' lang='lat' dir='ltr'><strong>e.</strong></span> <span class='ocrx_word' id='word_1_306' title='bbox 1189 2657 1430 2727; x_wconf 77' lang='grc' dir='ltr'>ἀκινήτους)</span> <span class='ocrx_word' id='word_1_307' title='bbox 1462 2663 1659 2700; x_wconf 84' lang='lat' dir='ltr'><strong>Valen-</strong></span> 
     </span>
     <span class='ocr_line' id='line_1_38' title="bbox 8 2713 1654 2784; baseline -0.001 -27"><span class='ocrx_word' id='word_1_308' title='bbox 8 2715 145 2759; x_wconf 59' lang='lat' dir='ltr'><strong>¹&gt;(ini.</strong></span> <span class='ocrx_word' id='word_1_309' title='bbox 205 2720 304 2757; x_wconf 86' lang='lat' dir='ltr'><strong>Cod.</strong></span> <span class='ocrx_word' id='word_1_310' title='bbox 344 2720 487 2757; x_wconf 87' lang='lat' dir='ltr'><strong>Ursini</strong></span> <span class='ocrx_word' id='word_1_311' title='bbox 519 2724 560 2757; x_wconf 88' lang='lat' dir='ltr'><strong>et</strong></span> <span class='ocrx_word' id='word_1_312' title='bbox 592 2721 760 2757; x_wconf 84' lang='lat' dir='ltr'><strong>Wouw.</strong></span> <span class='ocrx_word' id='word_1_313' title='bbox 799 2721 1049 2784; x_wconf 84' lang='lat' dir='ltr'><strong>Ageratos</strong></span> <span class='ocrx_word' id='word_1_314' title='bbox 1084 2714 1139 2768; x_wconf 87' lang='lat' dir='ltr'><strong>(i.</strong></span> <span class='ocrx_word' id='word_1_315' title='bbox 1173 2731 1207 2755; x_wconf 84' lang='lat' dir='ltr'><strong>e.</strong></span> <span class='ocrx_word' id='word_1_316' title='bbox 1241 2713 1508 2771; x_wconf 80' lang='grc' dir='ltr'>ἀκηράτους)</span> <span class='ocrx_word' id='word_1_317' title='bbox 1538 2719 1654 2757; x_wconf 86' lang='lat' dir='ltr'><strong>Val.</strong></span> 
     </span>
     <span class='ocr_line' id='line_1_39' title="bbox 28 2774 1659 2826; baseline 0 -13"><span class='ocrx_word' id='word_1_318' title='bbox 28 2774 80 2826; x_wconf 72' lang='lat'><strong>⁸)</strong></span> <span class='ocrx_word' id='word_1_319' title='bbox 105 2778 168 2813; x_wconf 73' lang='lat' dir='ltr'><strong>Ra</strong></span> <span class='ocrx_word' id='word_1_320' title='bbox 198 2776 290 2812; x_wconf 86' lang='lat' dir='ltr'><strong>cod.</strong></span> <span class='ocrx_word' id='word_1_321' title='bbox 322 2777 488 2813; x_wconf 85' lang='lat' dir='ltr'><strong>Wouw.</strong></span> <span class='ocrx_word' id='word_1_322' title='bbox 522 2779 563 2813; x_wconf 90' lang='lat' dir='ltr'><strong>et</strong></span> <span class='ocrx_word' id='word_1_323' title='bbox 594 2776 874 2824; x_wconf 80' lang='lat' dir='ltr'><strong>ed.Riga1tii,</strong></span> <span class='ocrx_word' id='word_1_324' title='bbox 916 2777 956 2811; x_wconf 88' lang='lat' dir='ltr'><strong>in</strong></span> <span class='ocrx_word' id='word_1_325' title='bbox 990 2787 1070 2821; x_wconf 87' lang='lat' dir='ltr'><strong>qua</strong></span> <span class='ocrx_word' id='word_1_326' title='bbox 1102 2777 1195 2822; x_wconf 85' lang='lat' dir='ltr'><strong>post</strong></span> <span class='ocrx_word' id='word_1_327' title='bbox 1226 2777 1481 2822; x_wconf 82' lang='lat' dir='ltr'><strong>probabat</strong></span> <span class='ocrx_word' id='word_1_328' title='bbox 1511 2775 1659 2814; x_wconf 77' lang='lat' dir='ltr'><strong>addita</strong></span> 
     </span>
     <span class='ocr_line' id='line_1_40' title="bbox 7 2831 1653 2872; baseline 0 -3"><span class='ocrx_word' id='word_1_329' title='bbox 7 2834 128 2870; x_wconf 57' lang='lat' dir='ltr'><strong>sunt</strong></span> <span class='ocrx_word' id='word_1_330' title='bbox 156 2843 221 2870; x_wconf 80' lang='grc' dir='ltr'><strong>νν.</strong></span> <span class='ocrx_word' id='word_1_331' title='bbox 251 2842 406 2869; x_wconf 78' lang='lat' dir='ltr'><strong>veros</strong></span> <span class='ocrx_word' id='word_1_332' title='bbox 437 2843 553 2869; x_wconf 82' lang='lat' dir='ltr'><strong>esse</strong></span> <span class='ocrx_word' id='word_1_333' title='bbox 585 2844 636 2869; x_wconf 88' lang='lat' dir='ltr'><strong>ex</strong></span> <span class='ocrx_word' id='word_1_334' title='bbox 656 2832 830 2868; x_wconf 88' lang='lat' dir='ltr'><strong>Pamelii</strong></span> <span class='ocrx_word' id='word_1_335' title='bbox 863 2832 1109 2868; x_wconf 85' lang='lat' dir='ltr'><strong>coniectura</strong></span> <span class='ocrx_word' id='word_1_336' title='bbox 1141 2831 1222 2868; x_wconf 89' lang='lat' dir='ltr'><strong>huc</strong></span> <span class='ocrx_word' id='word_1_337' title='bbox 1254 2831 1388 2869; x_wconf 83' lang='lat' dir='ltr'><strong>illata.</strong></span> <span class='ocrx_word' id='word_1_338' title='bbox 1417 2831 1493 2869; x_wconf 90' lang='lat' dir='ltr'><strong>Ed.</strong></span> <span class='ocrx_word' id='word_1_339' title='bbox 1523 2831 1653 2872; x_wconf 83' lang='lat' dir='ltr'><strong>Fran</strong></span> 
     </span>
     <span class='ocr_line' id='line_1_41' title="bbox 26 2887 1651 2936; baseline 0.001 -11"><span class='ocrx_word' id='word_1_340' title='bbox 26 2888 310 2926; x_wconf 72' lang='lat' dir='ltr'><strong>Nostrates</strong></span> <span class='ocrx_word' id='word_1_341' title='bbox 339 2908 397 2916; x_wconf 89' lang='lat'><strong>—</strong></span> <span class='ocrx_word' id='word_1_342' title='bbox 427 2899 518 2924; x_wconf 85' lang='lat' dir='ltr'><strong>nec</strong></span> <span class='ocrx_word' id='word_1_343' title='bbox 551 2888 667 2935; x_wconf 84' lang='lat' dir='ltr'><strong>ipsi.</strong></span> <span class='ocrx_word' id='word_1_344' title='bbox 725 2888 913 2924; x_wconf 85' lang='lat' dir='ltr'><strong>Eadem</strong></span> <span class='ocrx_word' id='word_1_345' title='bbox 955 2887 1148 2935; x_wconf 86' lang='lat' dir='ltr'><strong>iurgiis</strong></span> <span class='ocrx_word' id='word_1_346' title='bbox 1180 2890 1500 2926; x_wconf 81' lang='lat' dir='ltr'><strong>constanter</strong></span> <span class='ocrx_word' id='word_1_347' title='bbox 1530 2900 1651 2936; x_wconf 88' lang='lat' dir='ltr'><strong>pro-</strong></span> 
     </span>
     <span class='ocr_line' id='line_1_42' title="bbox 8 2941 1651 2992; baseline -0.001 -9"><span class='ocrx_word' id='word_1_348' title='bbox 8 2945 203 2983; x_wconf 63' lang='lat' dir='ltr'><strong>babat·</strong></span> <span class='ocrx_word' id='word_1_349' title='bbox 237 2941 394 2991; x_wconf 85' lang='lat' dir='ltr'><strong>(Rhen.</strong></span> <span class='ocrx_word' id='word_1_350' title='bbox 443 2946 760 2981; x_wconf 83' lang='lat' dir='ltr'><strong>constanter</strong></span> <span class='ocrx_word' id='word_1_351' title='bbox 806 2943 1045 2981; x_wconf 81' lang='lat' dir='ltr'><strong>homines</strong></span> <span class='ocrx_word' id='word_1_352' title='bbox 1091 2944 1362 2992; x_wconf 82' lang='lat' dir='ltr'><strong>probabit)</strong></span> <span class='ocrx_word' id='word_1_353' title='bbox 1405 2945 1651 2983; x_wconf 84' lang='lat' dir='ltr'><strong>homines</strong></span> 
     </span>
     <span class='ocr_line' id='line_1_43' title="bbox 26 2997 1655 3050; baseline -0.001 -12"><span class='ocrx_word' id='word_1_354' title='bbox 26 3010 180 3042; x_wconf 66' lang='lat' dir='ltr'><strong>veros</strong></span> <span class='ocrx_word' id='word_1_355' title='bbox 215 3011 313 3038; x_wconf 90' lang='lat' dir='ltr'><strong>non</strong></span> <span class='ocrx_word' id='word_1_356' title='bbox 344 3010 462 3036; x_wconf 78' lang='lat' dir='ltr'><strong>esse</strong></span> <span class='ocrx_word' id='word_1_357' title='bbox 494 3001 574 3036; x_wconf 86' lang='lat' dir='ltr'><strong>etc.</strong></span> <span class='ocrx_word' id='word_1_358' title='bbox 636 2997 700 3036; x_wconf 80' lang='lat' dir='ltr'><strong>Cf.</strong></span> <span class='ocrx_word' id='word_1_359' title='bbox 732 2999 823 3037; x_wconf 79' lang='lat' dir='ltr'><strong>adv.</strong></span> <span class='ocrx_word' id='word_1_360' title='bbox 854 3000 1023 3036; x_wconf 86' lang='lat' dir='ltr'><strong>Valent.</strong></span> <span class='ocrx_word' id='word_1_361' title='bbox 1058 3012 1093 3036; x_wconf 87' lang='lat' dir='ltr'><strong>c.</strong></span> <span class='ocrx_word' id='word_1_362' title='bbox 1130 3001 1194 3036; x_wconf 86' lang='lat'><strong>32.</strong></span> <span class='ocrx_word' id='word_1_363' title='bbox 1300 3002 1344 3050; x_wconf 83' lang='lat'><strong>4)</strong></span> <span class='ocrx_word' id='word_1_364' title='bbox 1377 3003 1455 3039; x_wconf 88' lang='lat' dir='ltr'><strong>les.</strong></span> <span class='ocrx_word' id='word_1_365' title='bbox 1487 3002 1555 3049; x_wconf 85' lang='lat'><strong>40,</strong></span> <span class='ocrx_word' id='word_1_366' title='bbox 1585 3003 1655 3037; x_wconf 87' lang='lat'><strong>15.</strong></span> 
     </span>
     <span class='ocr_line' id='line_1_44' title="bbox 6 3044 1657 3104; baseline -0.002 -8"><span class='ocrx_word' id='word_1_367' title='bbox 6 3044 254 3104; x_wconf 64' lang='lat' dir='ltr'><strong>·3=58em1.:</strong></span> <span class='ocrx_word' id='word_1_368' title='bbox 303 3055 575 3101; x_wconf 82' lang='lat' dir='ltr'><strong>inducere3</strong></span> <span class='ocrx_word' id='word_1_369' title='bbox 619 3055 770 3093; x_wconf 85' lang='lat' dir='ltr'><strong>ceteri:</strong></span> <span class='ocrx_word' id='word_1_370' title='bbox 818 3055 1061 3104; x_wconf 85' lang='lat' dir='ltr'><strong>induere,</strong></span> <span class='ocrx_word' id='word_1_371' title='bbox 1095 3056 1185 3094; x_wconf 87' lang='lat' dir='ltr'><strong>cod.</strong></span> <span class='ocrx_word' id='word_1_372' title='bbox 1217 3057 1378 3096; x_wconf 86' lang='lat' dir='ltr'><strong>Ursini:</strong></span> <span class='ocrx_word' id='word_1_373' title='bbox 1411 3058 1657 3095; x_wconf 89' lang='lat' dir='ltr'><strong>innuere..</strong></span> 
     </span>
     <span class='ocr_line' id='line_1_45' title="bbox 5 3107 1211 3161; baseline 0.001 -12"><span class='ocrx_word' id='word_1_374' title='bbox 5 3107 76 3161; x_wconf 60' lang='lat' dir='ltr'><strong>c)</strong></span> <span class='ocrx_word' id='word_1_375' title='bbox 105 3112 255 3150; x_wconf 68' lang='lat' dir='ltr'><strong>Manu.</strong></span> <span class='ocrx_word' id='word_1_376' title='bbox 291 3114 358 3159; x_wconf 84' lang='lat'><strong>16,</strong></span> <span class='ocrx_word' id='word_1_377' title='bbox 392 3113 456 3148; x_wconf 89' lang='lat'><strong>13.</strong></span> <span class='ocrx_word' id='word_1_378' title='bbox 574 3111 618 3159; x_wconf 77' lang='grc' dir='ltr'><strong>τ)</strong></span> <span class='ocrx_word' id='word_1_379' title='bbox 653 3114 707 3149; x_wconf 84' lang='lat' dir='ltr'><strong>lb.</strong></span> <span class='ocrx_word' id='word_1_380' title='bbox 742 3114 780 3160; x_wconf 77' lang='grc' dir='ltr'><strong>τ,</strong></span> <span class='ocrx_word' id='word_1_381' title='bbox 816 3110 879 3149; x_wconf 80' lang='lat'><strong>12.</strong></span> <span class='ocrx_word' id='word_1_382' title='bbox 939 3113 1039 3150; x_wconf 81' lang='lat' dir='ltr'><strong>Luc.</strong></span> <span class='ocrx_word' id='word_1_383' title='bbox 1073 3114 1112 3160; x_wconf 83' lang='lat'><strong>6,</strong></span> <span class='ocrx_word' id='word_1_384' title='bbox 1146 3113 1211 3150; x_wconf 83' lang='lat'><strong>³1.</strong></span> 
     </span>
    </p>
   </div>
  </div>
 </body>
</html>
