1942 3554
543 142 628 180 DE
667 142 1009 181 0RAT10NE.
1549 138 1597 183 9

0 261 117 317 mo
164 270 268 303 cum
307 253 505 320 perinde
549 256 729 304 faciant
772 256 1009 313 nationes,
1057 253 1265 302 adoratis
1311 253 1596 317 sigillaribus

2 328 62 388 »ἵε
94 325 375 385 residendo,
418 326 495 375 vel
525 336 780 392 propterea
810 328 858 374 in
887 327 1024 375 nobis
1054 324 1340 391 reprehendi
1370 334 1594 383 meretur,

0 397 92 450 aod
121 394 245 462 apud
274 397 401 446 idola
432 398 714 447 celebratur.
789 397 862 445 Eo
893 399 1144 463 apponitur
1174 406 1222 446 et
1250 398 1595 445 irreverentiae

0 470 145 518 :imen
183 469 324 517 etiam
370 469 484 533 ipsis
528 469 818 534 nationibus,
875 471 915 516 si
958 468 1071 533 ,quid
1116 477 1359 534 saperent,
1421 470 1596 517 intelli-

11 538 185 588 ·ndum.
247 537 501 604 *Siquidem
531 540 799 588 irreverens
839 548 911 588 est
950 539 1160 588 assidere
1211 540 1295 587 sub
1339 549 1598 604 conspectu

0 619 226 675 ¹:ntraque
272 619 576 674 conspectum
621 612 744 669 eius,
801 626 936 674 quem
983 627 1087 658 cum
1126 613 1327 658 maxime
1373 627 1596 659 reverea-

0 699 31 727 η
75 697 133 730 ae
182 682 450 740 venereris3
512 690 684 745 quanto
731 682 878 744 magis
924 681 1008 728 sub
1059 690 1317 745 conspectu
1363 679 1441 728 dei
1484 684 1594 740 vivi,

0 740 135 816 ageio
166 750 319 799 adhuc
352 745 581 800 orationis
619 760 828 810 astante,
874 752 1050 799 factum
1094 751 1218 805 istud
1249 752 1597 814 irreligiosissi⁴

0 838 87 880 nam
115 830 209 881 est,
241 823 331 870 nisi
362 820 700 886 exprobramus
726 820 834 880 de0‚
867 821 992 886 quod
1016 839 1102 870 nos
1129 823 1282 869 oratio
1307 823 1595 885 fatigaverit.

71 896 186 944 -13.
211 893 261 953 1),
316 891 462 956 Atqui
507 909 611 940 eum
656 891 889 940 modestia
942 901 991 940 et
1034 893 1294 940 humilitate
1341 892 1599 941 adorantes

0 964 111 1038 ungis
141 963 516 1012 commendamus
549 962 639 1011 deo
677 979 848 1027 preces
887 972 1096 1023 nostras,
1144 981 1202 1012 ne
1249 965 1362 1029 ipsis
1409 964 1596 1029 quidem

0 1034 172 1090 mnibus
201 1033 440 1082 sublimius
474 1035 687 1095 [elatiS,]
736 1033 819 1083 sed
865 1043 1125 1100 temperate
1163 1052 1220 1083 ac
1259 1036 1408 1100 probe
1442 1037 1594 1094 elatis,

0 1131 2 1139 >
50 1101 181 1159 vultu
212 1104 397 1170 quidem
426 1107 474 1152 in
504 1105 750 1153 audaciam
782 1115 963 1154 erecto·
1039 1106 1161 1154 Nam
1192 1107 1272 1154 ille
1303 1107 1596 1171 publicanus,

7 1177 42 1225 ιί
69 1193 166 1224 non
194 1185 371 1224 tantum
401 1192 571 1240 prece,
620 1175 704 1224 sed
751 1186 799 1224 et
834 1177 964 1224 vultu
995 1177 1260 1225 humiliatus
1292 1187 1431 1242 atque
1465 1178 1597 1226 deie-

0 1263 66 1295 1³18
97 1247 286 1305 orabat,
319 1247 619 1295 iustificatior
647 1248 897 1311 pharisaeo
923 1248 1261 1312 procacissimo
1294 1248 1594 1310 discessit2).

0 1334 120 1366 runos
151 1319 292 1366 etiam
321 1319 454 1366 vocis
484 1316 724 1366 subiecto's
756 1334 860 1366 esse
894 1328 1109 1383 oportet,
1144 1329 1224 1367 aut
1255 1322 1438 1384 quantis
1469 1329 1597 1367 arte-

6 1405 194 1453 *‹s‚0pus
224 1398 319 1446 est,
366 1390 406 1436 si
435 1405 522 1454 pro
554 1406 670 1437 sono
703 1388 976 1437 audiamur?
1034 1390 1161 1438 Deus
1200 1400 1355 1456 autem
1388 1408 1481 1438 non
1511 1408 1596 1438 vo-

0 1477 57 1519 33,
87 1458 172 1508 sed
203 1458 362 1507 cordis
393 1459 582 1523 auditor
611 1468 705 1518 est,
754 1461 878 1508 sicut
909 1471 1210 1525 conspector.
1286 1457 1596 1510 Daemonium

0 1531 144 1580 meuli
174 1529 355 1595 Pythii:
402 1531 465 1578 Et
494 1539 690 1588 mutum,
730 1532 900 1595 inquit,
947 1533 1162 1596 intelligo
1196 1542 1244 1580 et
1274 1549 1367 1580 non
1400 1534 1594 1597 loquen—

0 1605 63 1654 ιη’
87 1600 290 1650 exaudio
313 1603 378 1663 3).
452 1601 543 1650 Dei
573 1617 712 1668 aures
756 1619 919 1650 sonum
966 1607 1275 1668 exspectant?
1349 1603 1594 1663 Quomodo

0 1688 84 1736 Ro
113 1673 266 1721 oratio
299 1671 443 1720 Ionae
475 1672 534 1720 dc
563 1682 731 1721 ventre
764 1674 858 1720 ceti
888 1690 976 1738 per
1006 1668 1379 1722 tantae-‘bestiae
1408 1677 1597 1723 viscera

0 1767 3 1784 ι
31 1740 167 1813 :ipsis
196 1743 381 1808 abyssis
410 1760 498 1808 per
526 1752 702 1791 tantam
733 1746 954 1807 aequoris
985 1745 1245 1793 molemad
1278 1747 1462 1793 coelum
1508 1764 1596 1810 po-

0 1808 317 1869 litsevadere?
390 1813 511 1873 Quid
540 1812 737 1878 amplius
767 1815 981 1862 referent
1010 1817 1111 1874 isti,
1160 1817 1236 1880 qui
1277 1817 1449 1863 clarius
1480 1816 1595 1863 ado-

0 1879 92 1944 mt,
122 1879 213 1933 nisi
245 1883 368 1949 quod
398 1886 623 1949 proximis
670 1885 976 1950 obstrepunt?
1042 1886 1139 1934 Imo
1180 1886 1426 1951 prodendo
1473 1889 1595 1951 peti-

0 1960 120 2016 >mes
149 1972 256 2004 suas
288 1954 397 2020 quid
428 1956 576 2003 minus
606 1956 808 2014 faciunt,
843 1973 977 2020 quam
1009 1958 1047 2004 si
1078 1958 1125 2004 in
1155 1958 1344 2022 publico
1378 1961 1545 2005 orent?

0 2020 2 2082 ἰ
107 2028 191 2078 14.
213 2028 262 2086 ⁴=)
320 2024 432 2073 Alia
460 2027 551 2074 iam
578 2025 869 2075 consuetudo
896 2029 1114 2087 invaluit3
1147 2030 1410 2078 ieiunantes
1434 2029 1594 2076 habita

0 2094 183 2145 *satione
214 2113 318 2145 cum
347 2097 570 2145 fratribus
601 2097 879 2145 subtrahunt
908 2100 1119 2146 osculum
1156 2100 1314 2164 pacis,
1364 2099 1488 2163 quod
1520 2109 1594 2147 est

17 2163 254 2230 maculam
286 2169 529 2216 orationis.
592 2168 791 2227 Quando
814 2178 970 2217 autem
994 2171 1143 2234 magis
1170 2169 1460 2218 conferenda
1487 2187 1591 2218 cum

8 2236 11 2239 ’
88 2239 99 2250 ”
135 2255 187 2287 us
215 2255 310 2303 pax
338 2247 434 2297 est,
466 2240 556 2287 nisi
588 2256 691 2287 cum
724 2241 939 2288 oratione
973 2240 1394 2289 commendabilior
1423 2258 1592 2290 ascen-

21 2318 61 2368 ἡ,
88 2317 141 2359 ut
168 2310 258 2374 ipsi
289 2308 348 2358 de
377 2319 541 2358 nostra
571 2313 851 2374 operatione
878 2313 1186 2377 participent,
1220 2329 1355 2376 quam
1385 2314 1477 2360 iam
1508 2329 1591 2360 au-

30 2380 176 2442 §nt-⁵)
208 2379 268 2429 de
298 2397 382 2428 sua
409 2397 529 2445 pace
567 2382 725 2429 fratriv
749 2384 1049 2446 transigere?
1109 2383 1237 2441 Quae
1285 2384 1439 2430 oratio
1487 2400 1590 2430 cum

22 2450 172 2521 «9ῑὶἰο
201 2452 353 2500 sancti
384 2453 534 2500 osculi
563 2453 781 2515 integra?
854 2453 1001 2511 Quem
1047 2452 1235 2500 domino
1275 2453 1481 2500 officium
1520 2454 1591 2499 fa-

126 2538 171 2570 m
200 2520 397 2586 impedit
423 2525 546 2586 pax?
613 2522 759 2582 Quale
806 2524 1088 2570 sacrificium
1134 2532 1230 2580 est,
1277 2539 1305 2569 a
1353 2540 1443 2586 quo
1490 2524 1591 2570 sine

9 2584 87 2640 vce
117 2590 411 2640 receditur?
445 2592 759 2657 Quaecunque
798 2594 920 2640 ratio
943 2593 990 2653 ⁶)
1031 2595 1112 2650 sit,
1160 2610 1254 2640 non
1299 2594 1390 2640 erit
1432 2595 1593 2657 potior

8 2662 214 2726 “accepti
244 2661 595 2722 observatione,
644 2680 734 2728 quo
773 2661 986 2711 iubemur
1015 2664 1190 2710 ieiunia
1219 2673 1381 2710 nostra
1413 2666 1589 2712 celare.

13 2749 67 2780 am
97 2732 220 2780 enim
250 2730 309 2780 de
339 2733 621 2782 abstinentia
652 2734 800 2781 osculi
831 2735 1131 2798 agnoscimur
1152 2735 1429 2789 ieiunantes.
1493 2734 1591 2783 Sed

19 2802 62 2852 εἰ
89 2819 180 2868 qua
209 2803 330 2850 ratio
362 2812 456 2864 est,
486 2821 545 2854 ne
576 2814 734 2853 tamen
761 2804 870 2853 huic
900 2813 1163 2870 praecepto
1183 2820 1295 2853 reus
1321 2807 1406 2865 sis,
1451 2815 1589 2871 potes

39 2953 131 3037 ἐῶ)
160 2987 260 3036 Cap.
279 2965 346 3028 ΓΙ.
362 2988 518 3027 Mutat.
651 2986 694 3038 2)
722 2963 825 3028 Luc.
844 2991 918 3036 18,
945 2991 969 3026 9
995 3001 1082 3038 sqq.
1211 2987 1261 3043 3)
1287 2991 1442 3030 Herod.
1461 2993 1491 3029 1.
1518 2993 1585 3028 47.

21 3041 404 3094 *Q18.Murat.
487 3045 532 3094 5)
562 3044 655 3094 Rig.
677 3048 730 3084 ut
759 3046 862 3094 ipsi
893 3047 949 3084 de
978 3059 1019 3084 n.
1050 3057 1124 3094 op.
1157 3047 1453 3095 participes
1485 3048 1586 3085 iam

19 3094 202 3147 affimat
230 3103 326 3140 etc.
437 3101 483 3152 6)
515 3102 657 3141 Mutat
685 3106 727 3142 et
743 3103 833 3152 mg.
851 3104 1113 3154 opt-rufio,
1144 3105 1234 3144 cod.
1251 3105 1379 3154 Agob.
1396 3104 1586 3143 oratio.
