1942 3554
358 299 480 346 118
905 298 988 338 DE
1014 297 1414 337 MONOGAMIA.

357 415 536 462 initium
566 411 835 460 transmittit
863 410 923 459 ad
953 412 1112 468 finem,
1157 418 1209 457 ut
1235 428 1268 459 α
1297 407 1357 457 ad
1385 426 1444 468 ω,
1484 404 1714 472 quomodo
1751 405 1882 465 finis,
1932 473 1940 477 ⁴

357 485 498 530 mittit
528 482 587 530 ad
618 484 818 540 initium,
850 492 902 530 ut
929 502 966 531 ω
997 481 1054 530 ad
1085 500 1139 541 α,
1171 489 1309 544 atque
1339 481 1406 527 ita
1435 493 1602 526 census
1625 486 1786 525 noster
1808 487 1879 527 tra

355 554 506 601 fertur
535 556 582 601 in
614 553 869 611 Christum,
901 554 1110 600 animalis
1140 553 1186 599 in
1217 550 1492 614 spiritalem,
1540 549 1647 612 quia
1681 565 1774 596 non
1809 568 1838 614 p
1867 547 1893 564 ”’
1922 609 1926 611 Δ

355 623 479 687 quod
511 624 718 687 spiritale
750 633 843 682 est,
876 623 959 671 sed
990 622 1112 686 quod
1142 623 1362 680 animale3
1394 619 1563 667 dehinc
1589 618 1710 682 quod
1734 619 1845 682 spiri
1888 635 1894 683 j?
1936 618 1942 619 ’

354 694 554 757 proinde
584 693 842 752 videamus,
889 710 947 741 an
984 693 1031 740 id
1069 695 1214 756 ipsum
1247 691 1420 739 debeas
1449 690 1555 736 huic
1588 705 1768 753 quoque
1799 704 1884 749 cen
1920 703 1922 706 ’

354 764 585 821 secundo,
618 781 676 811 an
707 765 754 810 in
786 763 949 812 eadem
979 773 1025 811 te
1057 764 1207 810 forma
1236 779 1338 811 esse
1371 761 1651 818 conveniat,
1677 761 1725 807 in
1756 776 1844 824 qua
1877 766 1901 817 g
1935 816 1939 819 .

351 836 563 882 vissimus
595 850 775 898 quoque
806 833 978 891 Adam,
1025 835 1071 881 in
1103 850 1191 897 qua
1222 843 1270 880 et
1298 834 1494 897 primus¹3
1541 829 1723 894 quando
1762 833 1880 898 novi
1914 835 1942 881 'n

352 914 452 952 mus
482 904 654 962 Adam,
687 904 735 952 i‹l
766 914 858 962 est,
893 905 1102 951 Christus
1133 905 1346 966 innuptus
1377 904 1424 950 in
1455 909 1624 958 totum,
1663 900 1786 964 quod
1817 899 1942 963 etiaffu

350 976 525 1039 primus
554 975 704 1022 Adam
737 983 843 1022 ante
890 975 1118 1022 exsilium.
1179 972 1288 1020 ¹Sed
1333 972 1504 1020 donato
1549 970 1803 1018 infirmitati
1846 969 1942 1024 tuin·>

353 1047 507 1093 carnis
539 1062 649 1093 suae
682 1045 894 1108 exemplo
926 1045 1184 1108 perfectior
1212 1042 1384 1101 Adam,
1430 1042 1477 1090 id
1517 1050 1588 1088 est
1618 1040 1848 1099 Christus,
1893 1053 1942 1098 θνὲ

353 1131 534 1179 quoque
574 1117 757 1162 nomine
802 1115 1081 1178 perfectior,
1128 1130 1215 1177 qua
1259 1114 1508 1176 integrior,
1551 1113 1728 1170 volenti
1772 1112 1942 1176 quidest

353 1186 438 1232 tibi
468 1184 612 1248 spado
646 1186 854 1232 occurrit
882 1186 929 1231 in
960 1199 1124 1241 carne3
1158 1184 1196 1230 si
1224 1199 1337 1230 vero
1369 1199 1462 1230 non
1492 1182 1690 1240 sufficis,
1728 1200 1942 1247 monogffl,

351 1271 450 1302 mus
479 1256 690 1302 accurrit
720 1256 767 1300 in
799 1255 984 1317 spiritu,
1030 1270 1164 1300 unam
1208 1253 1383 1300 habens
1429 1252 1680 1300 ecclesiam
1723 1262 1942 1318 sponsant!

350 1324 604 1372 secundum
634 1323 785 1371 Adam
816 1332 864 1371 et
893 1323 1020 1371 Evae
1059 1324 1275 1386 figuram3
1321 1339 1455 1387 quam
1482 1319 1737 1387 Apostolus
1765 1324 1813 1370 in
1841 1320 1942 1375 illue·

349 1411 565 1458 magnum
596 1403 935 1442 sacramentum
966 1396 1322 1458 interpretatur,
1367 1394 1414 1440 in
1442 1382 1677 1441 Christum
1721 1402 1771 1442 et
1799 1387 1942 1456 ecel&

349 1467 464 1513 siam
497 1466 776 1531 competisse
809 1466 985 1512 carnali
1015 1465 1337 1527 monogamiae
1366 1480 1453 1528 per
1481 1465 1751 1528 spiritalem.
1809 1451 1942 1519 Villa·

347 1538 516 1599 igitur,
550 1534 932 1599 quemadmodum
964 1536 1104 1582 etiam
1134 1536 1179 1582 in
1212 1534 1397 1582 Christo
1429 1550 1604 1582 novans
1629 1550 1830 1592 censum,
1861 1531 1942 1599 uoq*

347 1608 498 1671 possis
530 1622 633 1654 eum
664 1607 762 1653 sine
794 1607 1116 1669 monogamiae
1147 1606 1440 1669 professione
1465 1604 1668 1664 deferre,
1700 1606 1787 1653 nisi
1813 1621 1910 1665 cau

347 1678 433 1735 sis,
468 1676 591 1741 quod
622 1677 784 1740 spiritu
815 1677 893 1724 ille
926 1685 1019 1734 est,
1052 1676 1165 1724 licet
1193 1685 1242 1723 et
1272 1675 1394 1740 quod
1423 1677 1511 1724 fuit
1539 1677 1586 1745 in
1617 1692 1773 1735 carne,
1806 1692 1916 1742 aequ.

347 1763 451 1796 esse
484 1747 717 1795 debueris.

488 1822 535 1869 6.
598 1816 693 1868 Sed
725 1815 875 1864 adhuc
907 1817 1042 1864 nobis
1074 1820 1344 1881 quaeramus
1375 1817 1552 1881 aliquos
1597 1819 1791 1880 originis
1827 1818 1899 1881 pri

347 1889 493 1951 cipes.
568 1887 676 1935 Non
722 1888 911 1950 placent
954 1889 1075 1935 enim
1122 1886 1390 1951 quibusdam
1434 1889 1698 1951 monogami
1734 1897 1910 1952 paren&

344 1957 497 2005 Adam
529 1967 577 2005 et
605 1958 734 2015 Noe,
767 1958 966 2005 fortasse
998 1973 1086 2006 nec
1119 1958 1344 2005 Christus.
1388 1956 1465 2005 Ad
1486 1957 1724 2007 Abraham
1754 1956 1917 2025 deniqt

344 2038 628 2093 provocant,
660 2029 883 2091 prohihlti
914 2037 1093 2092 patrem
1125 2030 1261 2081 alium
1291 2038 1484 2092 praeter
1512 2028 1646 2076 deum
1673 2042 1910 2092 agnoscor·

347 2098 421 2145 Sit
450 2115 571 2146 nunc
601 2107 738 2163 pater
767 2108 929 2146 noster
956 2098 1216 2156 Abraham,
1257 2101 1317 2147 sit
1346 2107 1395 2147 et
1422 2099 1606 2156 Paulus.
1666 2097 1719 2147 In
1749 2114 1927 2163 evang⁴

344 2169 431 2226 lio,
465 2170 633 2233 inquit,
667 2184 757 2231 ego
787 2186 870 2216 vos
902 2171 1203 2231 generavi1).
1277 2163 1428 2216 Etiam
1457 2170 1678 2217 Abrahae
1723 2178 1770 2218 te
1809 2169 1929 2236 fitiug

345 2238 532 2286 exhibe.
593 2238 701 2285 Non
734 2239 855 2286 enim
885 2240 1092 2301 passivus
1124 2240 1207 2286 tibi
1239 2255 1405 2286 census
1435 2248 1508 2286 est
1537 2241 1584 2286 in
1614 2240 1712 2287 illo.
1760 2239 1913 2287 Certo

344 2317 526 2371 tempus
557 2317 650 2364 est,
685 2324 773 2371 quo
808 2317 908 2355 tuus
939 2317 1075 2372 pater
1103 2318 1189 2356 est.
1252 2307 1302 2355 Si
1333 2310 1454 2356 enim
1485 2325 1545 2356 ex
1575 2308 1664 2356 fide
1697 2309 1779 2356 filii
1804 2309 1898 2374 dep*

343 2386 496 2425 tamur
524 2376 768 2436 Abrahae,
799 2387 850 2424 ut
879 2379 1116 2454 apostolus
1148 2378 1310 2436 docet,
1343 2377 1503 2426 dicens
1533 2378 1591 2426 ad
1611 2378 1822 2427 Galatas:
1856 2380 1889 2428 C

346 2449 573 2511 gnoscitis
604 2464 793 2511 nempe,
827 2450 934 2511 quia
965 2451 1039 2512 qui
1071 2465 1131 2496 ex
1161 2449 1276 2506 fide,
1308 2450 1384 2495 isti
1415 2458 1520 2496 sunt
1547 2450 1630 2496 filii
1644 2448 1891 2498 Abrahaet

347 2517 542 2577 Quando
575 2517 778 2565 credidit
805 2517 1041 2567 Abraham
1074 2518 1195 2577 deo,
1233 2528 1281 2566 et
1324 2518 1588 2583 deputatum
1627 2529 1698 2567 est
1727 2521 1772 2566 ei
1802 2522 1891 2569 in.i

345 2590 549 2636 stitiam?
609 2588 807 2652 Opinor,
855 2588 1005 2636 adhuc
1036 2591 1083 2636 in
1114 2591 1429 2652 monogamia,
1476 2591 1581 2654 quia
1617 2591 1664 2637 in
1703 2587 1903 2644 circuim-

344 2660 477 2707 sione
509 2658 726 2706 nondum.
789 2659 962 2718 Quodsi
991 2669 1157 2722 postea
1186 2661 1232 2706 in
1262 2669 1501 2724 utrumque
1532 2669 1730 2708 mutatus
1759 2670 1854 2718 est,

343 2731 392 2776 in
424 2729 694 2793 digamiam,
726 2745 813 2793 per
842 2729 1040 2777 ancillae
1074 2730 1452 2788 concubinatum,
1485 2731 1602 2778 etin
1627 2732 1898 2793 circumcingi⁴

344 2815 450 2847 nem
494 2816 580 2865 per
623 2802 888 2847 testamenti
933 2801 1240 2862 signaculum:
1286 2817 1378 2847 non
1421 2809 1556 2865 potes
1598 2801 1723 2848 illum
1767 2794 1904 2865 pat-aze*

346 2885 631 2931 agnoscere,
664 2871 752 2917 nisi
782 2879 913 2927 tunc,
948 2885 1051 2918 cum
1075 2869 1164 2917 deo
1192 2869 1413 2928 credidit,
1446 2869 1669 2935 siquidem
1694 2870 1907 2934 secundis·

337 2938 482 2987 {idem
514 2941 633 2987 filius
664 2941 763 2987 eius
793 2957 866 2997 es,
899 2956 990 2986 non
1020 2939 1273 2988 secundum
1305 2957 1506 2989 carnem.
1578 2939 1675 2989 Aut
1711 2943 1750 2989 si
1786 2950 1898 3006 post¹

344 3010 518 3057 riorem
548 3009 784 3057 Abraham
814 3019 993 3074 patrem
1024 3013 1255 3074 sequeris,
1287 3010 1334 3058 id
1366 3021 1457 3070 est,
1491 3010 1743 3074 digamum,
1782 3012 1907 3060 reci

345 3088 394 3127 et
424 3081 760 3127 circumcisum.
823 3079 874 3128 Si
903 3081 1061 3128 reiicis
1093 3082 1438 3141 circumcisum,
1475 3097 1590 3145 ergo
1627 3082 1864 3131 recusabis

455 3220 499 3271 1)
519 3222 541 3258 1
561 3222 652 3258 Cor.
669 3221 708 3270 4,
728 3222 792 3260 15.
909 3222 951 3270 2)
970 3222 1058 3261 Gal.
1078 3224 1115 3271 3,
1135 3224 1172 3262 7.
