1942 3554
359 216 449 260 30
929 215 1011 252 DE
1046 215 1411 253 PATIENTIA.
1587 199 1622 234 ⁸

355 330 426 378 dis
457 345 723 385 ascensum,
756 327 882 374 nulla
911 327 1012 390 plus
1043 327 1140 374 illic
1180 343 1314 390 quam
1352 327 1580 390 patientia
1617 330 1844 392 corporis.
1920 331 1929 376 ἔ

353 402 542 464 spiritus
580 406 843 463 promptus,
892 396 976 444 sed
1015 412 1128 445 caro
1168 399 1267 446 sine
1306 397 1534 461 patientia
1571 397 1753 446 infirma
1777 400 1847 459 1),
1892 395 1942 448 ιιὶ·

352 472 475 518 salus
507 471 696 533 spiritus
728 477 776 516 et
807 469 962 516 carnis
1000 469 1175 532 ipsius?
1229 466 1296 516 At
1341 484 1476 531 quum
1522 468 1611 516 hoc
1657 467 1868 518 dominus
1910 470 1942 518 t'

352 557 494 589 carne
527 540 665 598 dicit,
698 539 925 587 infirmam
956 540 1285 603 pronuntians,
1333 538 1442 602 quid
1477 540 1525 586 ei
1563 538 1816 587 firmandae
1856 556 1942 605 ορ».

348 613 431 670 sit,
465 610 691 669 ostendit,
738 611 967 674 patientia
1006 610 1192 657 scilicet
1228 604 1451 657 adversus
1483 624 1664 656 omnem
1695 610 1942 660 subverten

348 682 437 730 dae
469 682 580 730 fidei
610 683 684 730 vel
714 680 978 745 puniendae
1017 689 1307 752 paraturam,
1353 689 1405 728 ut
1432 675 1656 739 zerbera,
1701 689 1753 728 ut
1795 682 1942 744 ignens

346 762 398 800 ut
428 769 639 811 crucem,
685 748 888 810 bestias,
936 752 1139 815 gladium
1187 753 1561 800 constantissime
1605 751 1803 810 toleret,
1849 768 1942 816 quan

344 825 630 890 prophetae,
665 839 782 887 quae
813 823 1016 887 apostoli
1047 821 1319 871 sustinendo
1349 823 1580 883 vicerunt.

490 901 570 946 14.
632 894 714 942 His
745 895 1000 958 patientiae
1023 893 1199 942 viribus
1223 901 1414 941 secatur
1427 893 1593 941 Esaias
1618 900 1668 940 et
1692 891 1750 940 de
1778 891 1942 945 domim

344 983 439 1013 non
469 974 620 1023 tacet,
653 963 887 1029 lapidatur
919 963 1182 1028 Stephanus
1214 973 1264 1012 et
1290 965 1474 1012 veniam
1504 964 1717 1011 hostibus
1755 964 1850 1011 suis
1878 980 1942 1028 pa-

343 1038 499 1084 stulat.
578 1036 614 1083 0
647 1036 964 1083 felicissimum
995 1037 1122 1082 illum
1154 1051 1360 1099 quoque,
1393 1035 1469 1099 qui
1500 1050 1682 1082 omnem
1708 1035 1942 1098 patientia

342 1109 551 1170 speciem
582 1105 806 1154 adversus
838 1122 1020 1153 omnem
1052 1105 1228 1156 diaboli
1271 1106 1362 1153 vim
1401 1105 1648 1169 expunxit!
1696 1120 1830 1169 quem
1869 1121 1942 1152 nc!

341 1179 499 1225 abacti
530 1193 727 1240 greges,
773 1193 867 1223 non
898 1177 1006 1223 illae
1038 1177 1085 1222 in
1122 1191 1299 1239 pecore
1345 1174 1559 1234 divitiae,
1604 1191 1700 1222 non
1743 1173 1827 1222 filii
1870 1191 1942 1223 unt

342 1250 506 1296 ruinae
536 1249 713 1312 impetu
743 1246 972 1310 adempti,
1019 1262 1112 1293 non
1157 1244 1301 1310 ipsius
1339 1245 1540 1310 denique
1573 1246 1786 1310 corporis
1816 1246 1942 1310 innud-

343 1335 455 1366 cere
488 1320 724 1366 cruciatus
768 1333 797 1364 a
839 1318 1066 1381 patientia
1111 1325 1160 1364 et
1204 1316 1296 1365 fide
1336 1315 1524 1364 domino
1557 1315 1718 1368 debita
1747 1317 1942 1364 exclusit}

342 1406 477 1453 quem
510 1388 724 1436 diabolus
756 1389 868 1435 totis
897 1388 1074 1435 viribus
1104 1389 1279 1435 frustra
1310 1386 1501 1436 cecidit.
1573 1386 1743 1452 Neque
1783 1387 1904 1435 enim
1939 1419 1942 1452 3

340 1469 562 1524 respectu
607 1458 685 1507 dei
730 1467 801 1506 tot
845 1458 1087 1506 doloribus
1131 1467 1354 1506 avocatus
1384 1459 1464 1506 ille
1497 1466 1590 1518 est3
1638 1457 1722 1506 sed
1753 1458 1942 1511 consum]

340 1532 475 1579 nobis
507 1532 554 1577 in
586 1530 847 1594 exemplum
879 1537 926 1576 et
956 1530 1294 1587 testimonium,
1326 1538 1420 1576 tam
1451 1531 1616 1593 spiritu
1642 1545 1777 1593 quam
1801 1521 1942 1600 carni

339 1611 433 1649 tam
464 1603 619 1649 animo
652 1617 787 1664 quam
820 1615 1046 1663 corpore,
1093 1601 1350 1663 patientiae
1381 1599 1752 1664 perpetrandae,
1798 1608 1850 1646 ut
1878 1603 1942 1665 iifl

339 1689 428 1736 que
461 1672 639 1719 damnis
671 1671 973 1727 secularium,
1007 1686 1095 1718 nec
1126 1670 1451 1719 amissionibus
1478 1671 1838 1727 carissimorum,
1869 1686 1923 1716 n«

339 1744 557 1807 corporis
603 1741 787 1805 quidem
842 1741 1269 1788 conflictationibus
1322 1739 1629 1789 succidamus.
1720 1739 1866 1799 Quale

335 1815 418 1861 illo
449 1815 552 1860 viro
583 1813 809 1860 feretrum
842 1810 956 1858 deus
978 1812 1025 1871 2)
1067 1810 1256 1858 diabolo
1289 1811 1549 1858 exstruxit?
1618 1810 1766 1870 Quale
1810 1827 1924 1860 vex:-

336 1884 430 1932 lum
477 1882 535 1931 de
580 1883 770 1930 inimico
816 1882 997 1945 gloriae
1044 1898 1156 1930 suae
1202 1882 1392 1940 extulit,
1439 1898 1575 1946 quum
1618 1882 1698 1930 ille
1729 1881 1906 1929 homo:

337 1970 521 2002 omnem
552 1966 771 2001 acervum
802 1953 1068 2006 nuntiorum
1091 1954 1163 2013 3),
1210 1953 1324 2000 nihil
1356 1969 1417 2000 ex
1447 1968 1530 2001 ore
1560 1961 1821 2016 promeret,
1868 1967 1904 1999 n

336 2024 427 2073 deo
460 2026 660 2088 gratias3
695 2039 830 2088 quum
861 2039 1055 2070 uxorem
1079 2024 1170 2071 iam
1196 2024 1328 2071 malis
1353 2022 1633 2071 delassatam
1656 2031 1705 2071 et
1730 2022 1790 2071 ad
1813 2039 1903 2087 pra·

333 2095 545 2143 remedia
569 2094 842 2142 suadentem
868 2097 1230 2142 exsecraretur?
1261 2093 1411 2153 Quid?
1439 2093 1627 2142 ridebat
1649 2092 1787 2158 deus3
1817 2094 1915 2157 qui·-

335 2165 661 2213 dissecabatur
690 2166 860 2222 malus,
895 2181 1031 2228 quum
1063 2164 1145 2212 Iob
1178 2164 1456 2213 immundam
1487 2165 1661 2212 ulceris
1683 2165 1754 2212 sui
1783 2163 1908 2212 redit

334 2235 538 2283 dantiam
568 2252 737 2298 magna
767 2235 1128 2298 aequanimitate
1161 2234 1500 2298 destringeret,
1542 2252 1677 2299 quum
1709 2251 1907 2300 erumpe>

332 2315 406 2354 tes
436 2306 663 2353 bestiolas
694 2304 803 2352 inde
835 2307 883 2351 in
915 2304 1106 2351 eosdem
1137 2320 1306 2368 specus
1337 2314 1386 2352 et
1414 2313 1574 2368 pastus
1597 2300 1888 2353 deformatae

335 2378 494 2425 carnis
521 2375 724 2424 ludendo
756 2384 1020 2423 revocaret.
1103 2374 1266 2438 Itaque
1311 2376 1555 2438 operarius
1598 2375 1678 2424 ille
1720 2376 1892 2423 victori

334 2447 436 2507 dei,
468 2449 638 2494 retusis
671 2447 885 2494 omnibus
915 2446 1081 2493 iaculis
1111 2446 1443 2503 tentationum,
1491 2446 1643 2493 lorica
1688 2446 1913 2511 clypeoqv*

330 2520 589 2584 patientiae
622 2526 671 2565 ct
700 2519 1019 2580 integritatem
1050 2533 1159 2563 mox
1188 2517 1403 2580 corporis
1441 2533 1469 2564 a
1506 2515 1597 2565 deo
1635 2533 1895 2582 recuperav

333 2599 383 2637 et
413 2606 530 2654 quae
563 2590 784 2637 amiserat
814 2587 1145 2652 conduplicata
1174 2586 1399 2650 possedit.
1480 2586 1543 2635 Et
1585 2589 1625 2636 si
1669 2587 1790 2636 filios
1836 2605 1896 2652 qu.

334 2676 422 2724 que
454 2661 639 2708 restitui
670 2660 917 2717 voluisset,
949 2664 1086 2723 pater
1115 2659 1282 2705 iterum
1310 2667 1579 2706 vocaretur.
1662 2656 1759 2705 Sed
1788 2659 1894 2707 malt

331 2732 379 2780 in
410 2731 490 2779 illo
523 2730 599 2779 die
630 2729 766 2778 reddi
797 2730 902 2778 sibi.
974 2729 1171 2777 Tantum
1202 2726 1383 2791 gaudii,
1427 2744 1622 2778 securus
1665 2730 1733 2777 sic
1773 2728 1831 2776 de
1863 2727 1893 2776 d:

445 2940 492 2994 1)
510 2944 659 2981 Matth.
679 2944 747 2991 26,
767 2944 834 2980 41.
915 2942 961 2990 2)
979 2942 1177 2980 Gelenius
1198 2942 1240 2978 et
1256 2941 1349 2980 alii:
1377 2942 1432 2979 de
1456 2941 1680 2981 diabolo.
1770 2939 1815 2995 3)
1834 2943 1890 2981 R11

330 2998 433 3037 nani
458 2999 520 3036 ed.
538 3002 567 3038 1.
596 3003 637 3037 et
654 3000 746 3049 Rig.
775 3011 1014 3038 acervum
1039 2998 1360 3046 nuntiorum;
1392 2998 1592 3036 Gelenius
1615 3000 1659 3041 ct
1674 2998 1767 3037 alii:
1792 3010 1883 3037 ace

330 3057 442 3092 bum
475 3056 729 3094 nuntium.
844 3055 890 3103 4)
926 3057 1050 3093 codd.
1077 3067 1193 3093 mss.:
1224 3054 1565 3102 reform‘asse3
1604 3054 1756 3094 Rhem:
1795 3057 1877 3095 for

329 3111 585 3161 minosae,
616 3113 769 3161 Rigalt.
799 3113 1148 3160 reformosae,
1189 3111 1261 3150 alii
1288 3113 1412 3151 aliter
1442 3110 1706 3151 scribendum
1737 3123 1830 3150 csse
1861 3123 1911 3162 ρ’

329 3170 487 3207 tarunt.
