1942 3554
44 115 81 146 ἢ.

42 150 84 206 φ’
119 167 125 174 .

670 229 759 268 nr:
801 229 1078 268 PALmo
1570 224 1689 271 225

2 323 206 417 {mant
259 344 460 394 Prorsus
490 343 614 392 haud
646 344 776 402 latet,
808 344 1088 409 bombycem
1122 342 1384 404 [vermiculi
1416 358 1563 407 genus
1594 347 1687 404 est]

26 417 191 566 {quae
210 432 300 483 per
328 419 488 466 ae'rem
520 414 741 480 liquando
773 432 1053 464 araneorum
1084 414 1366 479 horoscopis
1397 413 1583 462 idonius
1614 430 1690 462 se-

57 489 143 538 des
171 486 348 547 tendit,
396 486 567 535 dehinc
601 485 819 544 devorat,
866 504 976 534 mox
1006 487 1110 535 alvo
1142 485 1370 543 reddere,
1417 484 1617 550 proinde
1649 486 1688 532 si

24 549 326 619 {vocaverim
373 560 576 606 animata
622 560 714 605 iam
753 560 950 606 stamina
987 559 1149 606 volves
1167 559 1229 618 1).
1303 556 1499 604 Tantam
1545 556 1690 620 igitur

19 640 319 733 {paraturam
337 631 635 678 materiarum
653 630 843 693 ingenia
874 646 1057 694 quoque
1087 628 1377 677 vestificinae
1408 637 1686 692 prosecuta:

19 704 250 770 &primum
281 700 489 766 tegendo
521 702 721 759 homini,
769 718 859 765 qua
890 702 1150 749 necessitas
1181 701 1466 764 praecessit,
1514 698 1686 747 debinc

23 783 107 824 et
137 772 349 822 ornando
389 774 482 821 imo
524 781 573 820 et
608 771 838 830 inflando,
887 789 977 837 qua
1006 772 1199 819 ambitio
1238 771 1492 828 successit,
1529 772 1686 818 varias

13 840 426 895 indumentorum
456 845 633 892 formas
661 844 1040 908 promulgavere.
1104 843 1307 902 Quarum
1345 858 1455 906 pars
1495 842 1686 905 gentili-

12 925 126 966 tus
155 910 502 974 inhabitantur,
551 916 725 963 ceteris
757 915 1100 972 incommunes,
1146 930 1256 978 pars
1284 929 1402 961 vero
1433 914 1684 977 passivitas

7 998 18 1046 ξ
51 987 266 1036 omnibus
294 988 458 1045 utiles,
505 995 556 1033 ut
586 986 678 1033 hoc
717 986 930 1049 pallium,
977 985 1067 1033 etsi
1109 983 1343 1032 Graecum
1380 985 1551 1047 magis,
1599 982 1684 1032 sed

3 1050 16 1130 1
49 1059 212 1123 lingua
254 1059 347 1106 iam
390 1073 538 1141 penes
583 1056 767 1104 Latium
815 1066 909 1104 est.
973 1073 1076 1103 cum
1106 1071 1228 1104 voce
1265 1056 1411 1103 vestis
1449 1057 1680 1104 instravit.

4 1127 204 1195 ·At‹1ue
236 1128 359 1178 adeo
396 1131 521 1194 ipse,
564 1130 640 1192 qui
675 1127 887 1175 Graecos
916 1136 1111 1192 praeter
1139 1127 1302 1174 urbem
1342 1126 1592 1187 censebat,
1625 1130 1682 1177 li-

6 1210 178 1250 teras
208 1217 371 1249 eorum
400 1215 659 1264 vocemque
692 1215 839 1247 senex
870 1200 961 1246 iam
993 1198 1226 1257 eruditus,
1259 1196 1383 1245 idem
1416 1197 1536 1245 Cato
1568 1201 1682 1248 iuri-

0 1281 3 1312 ῑ
48 1271 236 1321 dicinae
267 1288 379 1320 suae
411 1273 458 1319 in
489 1280 702 1335 tempore
734 1271 974 1318 humerum
999 1279 1229 1331 exsertus,
1256 1269 1379 1319 haud
1401 1272 1550 1320 minus
1579 1272 1681 1338 pal-

46 1343 164 1392 liato
195 1343 358 1391 habitu
391 1341 589 1390 Graecis
620 1343 750 1390 favit.
874 1399 879 1403 ἱ

189 1420 237 1464 4.
301 1413 422 1473 Quid
459 1417 614 1462 nunc?
643 1415 682 1460 si
720 1422 794 1460 est
830 1412 1102 1462 Romanitas
1142 1415 1267 1464 omni
1306 1415 1430 1463 salus
1467 1431 1556 1463 nec
1594 1417 1679 1465 ho-

0 1512 1 1515 =
44 1486 194 1534 uestis
231 1494 388 1534 tamen
433 1484 585 1532 modis
625 1484 685 1532 ad
728 1483 898 1532 Graios
944 1487 1161 1546 estis2)?
1230 1483 1350 1545 Aut,
1398 1487 1445 1533 ni
1485 1487 1552 1535 ita
1591 1497 1679 1547 est,

43 1555 170 1605 uude
196 1558 422 1620 ¹gentium
469 1557 516 1603 in
560 1556 818 1620 provinciis
864 1557 1030 1604 melius
1062 1558 1310 1615 exercitis,
1360 1574 1474 1622 quas
1513 1569 1681 1608 natura

0 1629 7 1659 ἵ
39 1631 164 1692 ¹'agro
194 1629 352 1692 potius
383 1626 635 1676 eluctando
677 1626 1013 1685 commodavit,
1062 1627 1217 1678 studia
1255 1629 1525 1693 palaestrae
1557 1631 1678 1680 male

1 1743 3 1746 ,
43 1700 346 1748 senescentia
385 1708 435 1747 et
471 1700 705 1747 incassum
737 1699 1026 1763 laborantia,
1068 1708 1116 1747 et
1145 1699 1274 1748 lutea
1303 1703 1465 1748 unctio
1498 1711 1547 1751 et
1575 1703 1679 1767 pul-

40 1774 189 1819 ve'rea
214 1771 465 1828 volutatio,
498 1779 549 1817 et
578 1769 711 1817 arida
742 1771 1016 1833 saginatio?
1051 1768 1176 1818 unde
1208 1771 1331 1836 apud
1363 1773 1545 1836 aliquos
1575 1773 1677 1822 Nu-

41 1840 209 1899 midaS,
241 1843 385 1889 etiam
417 1842 551 1906 equis
583 1842 892 1898 caesariatos,
926 1842 1057 1889 iuxta
1090 1850 1243 1889 cutem
1275 1852 1463 1902 tonsor,
1497 1854 1547 1892 et
1578 1847 1677 1894 cul-

40 1914 106 1960 tri
133 1919 304 1961 vertex
333 1912 462 1960 solus
492 1913 737 1959 immunis?
765 1911 889 1959 unde
921 1910 1044 1978 apud
1074 1912 1224 1960 hirtos
1256 1922 1306 1961 et
1343 1913 1550 1963 hirsutos
1581 1925 1676 1965 tam

43 1998 194 2048 rapax
223 2000 253 2031 a
283 1983 455 2044 811103)
488 1984 661 2041 resina,
694 1989 788 2030 tam
819 1985 958 2031 furax
987 2000 1015 2031 e
1045 1993 1204 2031 mento
1234 1985 1464 2034 volsella?
1508 1986 1675 2035 Prodi-

41 2055 168 2118 gium
214 2062 308 2112 est,
355 2054 474 2102 baec
521 2055 622 2102 sine
667 2055 811 2118 pallio
860 2054 988 2114 fieri3
1035 2055 1158 2103 illius
1198 2065 1271 2104 est
1307 2057 1426 2104 haec
1465 2067 1566 2106 tota
1596 2076 1675 2108 res

39 2123 203 2174 Asiae.
265 2124 387 2184 Quid
416 2125 518 2184 tibi,
543 2125 706 2190 ‘Libya
737 2134 786 2173 et
815 2125 1023 2191 Europa,
1057 2143 1159 2174 cum
1197 2129 1396 2191 xysticis
1411 2123 1458 2189 4)
1492 2129 1673 2179 mundi-

38 2196 142 2254 tiis,
175 2212 289 2261 quas
317 2197 492 2244 vestire
525 2213 618 2244 non
650 2197 810 2243 nosti?
867 2196 1054 2246 Revera
1092 2198 1214 2245 enim
1254 2199 1390 2263 quale
1431 2209 1503 2248 est
1533 2218 1674 2266 grae·

41 2268 183 2332 catim
213 2266 414 2333 depilari
451 2269 599 2331 magis
631 2284 766 2332 quam
797 2269 1010 2315 amiciri?
1067 2269 1275 2317 habitum
1316 2273 1574 2320 transferre
1605 2275 1672 2322 ita

40 2336 224 2387 demum
256 2339 423 2403 culpae
453 2355 603 2404 prope
618 2339 665 2399 ⁵)
699 2348 793 2397 est,
827 2341 866 2387 si
896 2357 990 2388 non
1022 2340 1341 2400 consuetudo,
1388 2342 1472 2390 sed
1503 2353 1672 2393 natura

155 2466 201 2516 1)
232 2469 298 2505 lta
326 2467 468 2507 10811111
499 2467 613 2505 1111118
645 2469 1014 2517 corruptissimum
1045 2470 1285 2508 emendavit
1316 2471 1573 2520 salmasium
1604 2474 1671 2512 le-

36 2524 352 2578 gebatutolim:
384 2536 514 2572 quae
546 2536 639 2574 per
668 2526 840 2562 aetem
871 2526 1157 2572 aliquando
1189 2538 1500 2566 araneorum
1529 2542 1670 2569 more

39 2580 217 2630 scopis
256 2581 465 2619 idonius
507 2581 766 2619 distendit
806 2581 880 2630 (al.
919 2593 972 2619 se
1012 2582 1313 2633 distendit),
1361 2585 1547 2624 dehinc
1579 2587 1669 2625 de-

35 2640 211 2687 vorat,
242 2648 358 2675 mox
390 2649 553 2686 aeque
583 2638 825 2686 reddere,
866 2638 1088 2686 proinde
1127 2640 1170 2677 si
1202 2642 1502 2691 1188818τί11,
1550 2645 1667 2682 8111-

34 2696 175 2733 mata
204 2693 301 2732 18111
334 2695 558 2732 stamine
588 2695 706 2732 alvo
737 2694 811 2743 (al.
830 2692 1061 2761 yolveu).
1118 2697 1306 2735 Alteram
1330 2701 1471 2736 tamen
1504 2703 1667 2748 partem

33 2750 203 2801 periodi
247 2751 376 2790 Salm.
422 2751 572 2789 maluit
617 2755 783 2789 mutare
827 2751 872 2788 in
906 2751 1014 2790 haec
1054 2756 1201 2792 verba·
1249 2766 1364 2792 mox
1403 2766 1570 2795 vacuo
1602 2755 1668 2810 (in

38 2807 187 2847 8011.8
218 2807 336 2856 quo)
370 2808 608 2847 reddere:
641 2808 860 2857 proinde
890 2809 935 2848 εἰ
964 2811 1241 2848 necaveris
1265 2816 1519 2851 nematam
1542 2814 1664 2863 iam,

1 2897 6 2900 .
37 2866 241 2903 stamen
273 2863 500 2903 evolves.
687 2863 732 2918 2)
764 2864 868 2904 Edd.
900 2869 998 2903 ante
1030 2867 1307 2907 Salmasium:
1341 2869 1476 2912 Quid
1506 2883 1664 2921 nuuc,

37 2918 83 2959 si
113 2923 193 2958 ent
223 2921 528 2960 Romanitas
560 2923 729 2960 omnis
762 2922 889 2970 alia,
920 2933 1014 2960 1188
1045 2925 1216 2962 ventis
1248 2927 1451 2966 tamen!
1490 2928 1665 2968 admo-

37 2977 151 3015 dum
182 2977 375 3016 Graeci
405 2979 549 3017 entia.
607 2981 669 3016 At
699 2990 801 3017 11011
831 2979 907 3017 ita
937 2981 1029 3018 est.
1089 2982 1233 3020 Unde
1264 2986 1345 3022 etc.
1476 2985 1520 3034 3)
1538 2986 1664 3024 Codd.

35 3033 187 3072 etedd.
205 3039 326 3072 vett:
357 3045 382 3071 8
404 3035 517 3074 talo
550 3036 748 3083 resina3
783 3036 934 3076 Salina
961 3047 987 3075 8
1011 3037 1129 3075 81110
1159 3049 1278 3087 rem,
1310 3040 1461 3080 ceteri.
1491 3044 1549 3080 ab
1580 3043 1665 3080 818

33 3100 132 3128 ren.
305 3091 352 3141 4)
382 3091 458 3130 Ed.
482 3092 613 3131 Rhen.
644 3095 694 3130 1.
724 3093 971 3144 rusticis,
1002 3094 1133 3133 Salm.
1163 3097 1415 3146 xunticis‚
1448 3098 1502 3136 81.
1533 3109 1663 3137 exo-

0 3146 179 3184 Ι11811.
349 3148 394 3197 5)
427 3149 524 3187 cod.
558 3150 707 3189 Salm.:
738 3150 892 3187 culae
924 3161 1083 3199 prope
1114 3155 1214 3202 est,
1245 3154 1356 3202 quod
1380 3127 1454 3193 a'lii
1479 3155 1539 3193 ita
1564 3166 1662 3195 cor-

34 3206 256 3254 rexerunt,
288 3206 336 3240 ut
366 3205 620 3246 scriberent:
653 3206 831 3245 cultus
861 3207 1103 3256 probrum
1133 3211 1225 3248 est.

92 3274 327 3312 Τεητυιι.
343 3276 393 3312 11.
1245 3271 1305 3317 15
