1942 3554
287 141 378 180 DE
415 125 603 180 11qu
638 140 711 180 ιΝ
745 135 1336 178 ΡΕηεΕοιιτιοΝΕ.
1512 134 1634 185 20⁷

0 281 204 333 chfldei
247 291 431 330 tenore.
509 281 640 329 Haec
681 289 819 329 erunt
856 281 995 343 ignea
1035 280 1190 326 iacula
1230 277 1497 337 diaboli1)‚
1545 293 1635 342 per

0 369 116 403 vaae
147 352 258 400 lidei
289 354 414 400 ustio
447 361 497 400 ct
528 351 750 399 conflatio
782 349 1137 397 administratur
1168 365 1228 396 ex
1260 348 1336 396 dei
1360 358 1515 397 tamen
1548 365 1634 396 vo-

23 415 192 473 intate.
267 423 338 471 De
371 424 461 470 isto
504 423 605 486 quis
645 421 860 468 dubitare
899 422 1071 484 possit,
1122 421 1319 484 ignoro,
1371 420 1460 466 nisi
1491 418 1634 483 plane

24 495 172 543 rivola
204 502 253 543 et
282 493 458 557 frigida
489 491 630 550 fides,
665 491 1029 555 deprehendens
1061 506 1170 549 eos,
1213 492 1288 554 qui
1321 489 1483 537 timide
1517 507 1633 538 con·

32 565 193 614 eniunt
222 565 269 611 in
302 564 573 611 ecclesiam.
621 562 792 609 Dicitis
820 563 966 609 enim:
1002 562 1218 626 quoniam
1246 560 1491 609 incondite
1517 577 1634 609 con-

3 666 6 668 v
31 636 210 684 enimus
233 642 283 682 et
298 633 434 680 simul
453 634 759 680 convenimus
777 641 825 680 et
851 633 1119 696 complures
1138 633 1463 679 concurrimus
1481 632 1527 678 in
1554 647 1636 680 ee-

3 707 214 763 ¹dasium,
253 705 522 768 quaerimur
552 721 576 751 a
609 702 899 760 nationibus,
928 712 988 750 et
1020 703 1258 761 timemus,
1291 718 1351 748 ne
1384 702 1639 750 turbentur

5 776 230 825 .-.ationes.
305 772 476 821 Annon
518 774 674 831 scitis,
732 773 856 837 quod
899 772 1014 820 deus
1056 774 1258 820 omnium
1298 774 1360 819 sit
1392 771 1638 820 dominus?

0 848 61 895 ;-:t
88 846 130 897 si
160 845 276 894 velit
306 843 446 903 deus,
494 853 604 891 tunc
637 844 1019 908 persecutionem
1057 844 1279 907 patieris,
1330 845 1369 890 si
1401 859 1515 891 vero
1548 860 1638 890 no-

0 917 161 978 furit,
217 915 422 963 silebunt
457 916 689 963 nationes.
753 913 932 962 Credas
965 916 1151 979 utique3
1211 913 1295 962 sed
1319 913 1368 979 2)
1398 923 1553 963 tamen
1587 916 1637 962 in

17 1003 108 1036 um
150 985 289 1034 deum
327 985 506 1043 credis,
563 987 665 1034 sine
707 986 841 1033 cuius
883 985 1125 1034 voluntate
1165 1001 1254 1033 nec
1294 1000 1463 1049 passer
1498 987 1635 1033 unius

24 1058 119 1109 ssis
150 1054 319 1106 cadit
306 1074 352 1104 ιιι
384 1059 590 1104 terram?
609 1058 657 1119 ³)
718 1055 821 1104 Nos
851 1065 1030 1115 autem,
1062 1065 1201 1120 puto,
1243 1056 1399 1104 multis
1430 1058 1640 1121 passeri·

8 1144 88 1176 uus
116 1129 410 1177 antistamus.
1149 1148 1154 1152 ⁴

143 1204 192 1250 4.
253 1199 406 1262 Igitur
443 1199 483 1246 si
514 1206 721 1256 constat,
769 1214 796 1244 a
828 1214 918 1261 quo
950 1199 1224 1261 persecutio
1269 1200 1479 1257 eveniat,
1529 1216 1639 1263 pos-

14 1286 160 1318 ·umus
187 1271 280 1318 iam
313 1269 706 1316 consultationem
736 1277 860 1316 tuam
885 1267 1114 1316 inducere
1146 1277 1196 1316 et
1227 1270 1545 1318 determinare
1580 1287 1642 1323 ex

38 1357 96 1388 oc
129 1341 231 1405 ipso
262 1349 602 1404 praetractatu,
637 1338 907 1403 fugiendum
940 1341 986 1386 in
1016 1342 1355 1403 persecutione
1388 1358 1481 1388 non
1515 1357 1637 1388 esse.

9 1412 58 1459 „1
85 1411 227 1480 ‘enim
306 1411 544 1459 ersecutio
591 1426 618 1457 a
657 1409 748 1458 deo
790 1411 969 1468 evenit,
1016 1411 1144 1457 nullo
1186 1410 1324 1459 modo
1365 1411 1640 1476 fugiendum

12 1482 129 1545 vrit„
167 1497 259 1546 quo
331 1498 359 1529 a
390 1481 481 1530 deo
514 1482 696 1540 evenit3
754 1481 878 1528 sicut
910 1480 1084 1545 duplex
1123 1483 1245 1529 ratio
1286 1481 1500 1530 defendit
1533 1484 1643 1547 quia

13 1568 96 1602 ec
127 1550 303 1603 debeat
333 1551 534 1600 devitari
564 1568 719 1617 neque
753 1550 891 1599 evadi
922 1553 1086 1616 possit,
1121 1552 1247 1617 quod
1278 1571 1305 1601 a
1337 1553 1428 1601 deo
1456 1554 1639 1602 evenit.

23 1639 100 1687 ιοιι
133 1621 277 1672 debet
307 1621 528 1681 devitari,
576 1624 684 1688 quia
714 1623 912 1681 bonum3
960 1640 1160 1672 necesse
1193 1633 1267 1672 est
1306 1625 1429 1673 enim
1470 1625 1644 1672 bonum

13 1709 115 1745 sse
146 1710 308 1752 omne,
348 1692 473 1757 quod
505 1692 596 1741 deo
627 1695 776 1741 visum
809 1702 896 1741 est.
975 1694 1038 1740 Et
1068 1695 1289 1759 numquid
1322 1694 1434 1743 ideo
1466 1697 1513 1742 in
1549 1695 1644 1744 Ge-

27 1766 112 1814 ·esi
148 1765 221 1814 sic
257 1765 460 1828 positum
499 1773 594 1813 est.
650 1773 699 1811 et
736 1763 853 1811 vidit
883 1763 1000 1812 deus
1043 1765 1149 1828 quia
1186 1766 1360 1813 bonum
1394 1775 1492 1825 est,
1550 1783 1644 1814 non

28 1834 138 1884 =uod
166 1835 415 1899 ignoraret
442 1834 616 1882 bonum
649 1851 780 1892 esse,
814 1835 904 1881 nisi
934 1834 1154 1893 vidisset,
1204 1836 1289 1884 sed
1320 1846 1371 1884 ut
1402 1838 1493 1884 hoc
1526 1854 1645 1884 sono

27 1905 344 1964 for-tenderet,
377 1905 550 1952 bonum
582 1921 689 1953 esse
725 1904 849 1969 quod
882 1904 972 1952 deo
1004 1907 1154 1953 visum
1188 1910 1290 1955 est?
1364 1907 1511 1955 Multa
1544 1910 1648 1972 qui-

31 1993 120 2025 ·em
151 1985 280 2034 sunt,
320 1991 438 2039 quae
470 1993 497 2023 a
530 1975 621 2024 deo
654 1977 895 2034 eveniant,
946 1985 993 2024 et
1023 1977 1221 2025 alicuius
1253 1979 1375 2026 malo
1409 1980 1646 2027 eveniant.

35 2063 112 2094 mo
143 2047 316 2094 bonum
349 2055 421 2094 est
450 2046 584 2105 ideo,
627 2048 733 2110 quia
764 2063 790 2094 a
823 2046 916 2094 ‹leo
949 2049 1129 2106 evenit,
1172 2058 1222 2096 ut
1254 2048 1458 2098 divinum
1492 2059 1540 2097 et
1571 2067 1649 2098 ra·

23 2117 212 2177 fionale.
292 2115 414 2177 Quid
457 2118 581 2165 enim
621 2117 825 2164 divinum
867 2135 960 2165 non
999 2119 1256 2178 rationale,
1306 2137 1397 2168 non
1444 2121 1649 2169 bonum?

24 2187 140 2248 '‘lssffl
169 2187 339 2235 bonum
371 2204 463 2235 non
496 2187 733 2237 divinum?
794 2187 847 2236 Si
877 2198 1032 2237 autem
1064 2192 1222 2238 sensui
1255 2193 1480 2256 cuiusque
1514 2192 1650 2240 vide-

25 2275 115 2318 ·ut,
154 2275 246 2306 non
279 2274 443 2307 sensus
475 2259 674 2307 hominis
706 2259 1001 2324 praeiudicat
1031 2263 1171 2309 statui
1203 2279 1386 2322 rerum,
1435 2262 1519 2311 sed
1553 2274 1650 2311 sta-

44 2346 95 2394 ns
123 2331 298 2378 sensui.
361 2328 520 2378 Status
553 2331 675 2378 enim
707 2332 1072 2396 uniuscuiusque
1107 2342 1287 2380 certum
1321 2334 1432 2398 quid
1465 2343 1559 2392 est,
1604 2344 1653 2381 et

28 2409 106 2448 aaz
127 2401 285 2448 sensui
316 2400 472 2465 legem
513 2403 576 2448 ita
607 2401 845 2450 sentiendi
876 2411 1044 2449 statum
1077 2404 1218 2450 sicuti
1251 2413 1336 2452 est.
1402 2405 1456 2451 Si
1494 2415 1653 2452 autem

46 2479 146 2522 tatu
176 2469 370 2536 quidem
407 2471 581 2520 bonum
613 2472 739 2537 quod
777 2489 805 2520 a
838 2472 928 2520 deo
960 2475 1111 2531 venit,
1163 2475 1305 2533 (nihil
1344 2476 1467 2522 enim
1500 2492 1525 2523 a
1559 2475 1651 2523 deo

27 2557 117 2606 ιαιι
158 2541 354 2600 bonum,
409 2544 517 2607 quia
562 2542 793 2626 divinum,
839 2544 947 2607 quia
993 2545 1224 2591 rationale
1235 2549 1278 2603 ‚)
1328 2547 1488 2594 sensui
1535 2563 1652 2594 vero

26 2594 190 2664 nilum
221 2611 432 2672 videtur,
480 2615 571 2661 erit
602 2623 750 2661 status
780 2615 828 2661 in
860 2623 983 2672 tuto,
1033 2630 1198 2662 sensus
1230 2617 1277 2662 in
1308 2617 1439 2664 vitio.
1519 2617 1656 2666 Statu

30 2683 199 2746 optima
231 2698 310 2730 res
341 2683 567 2747 pudicitia
598 2693 648 2732 et
679 2686 855 2733 veritas
888 2694 935 2732 et
965 2685 1159 2744 iustitia,
1195 2702 1315 2751 quae
1347 2703 1375 2734 a
1406 2689 1656 2737 multorum

53 2768 168 2806 ensu
206 2752 472 2816 displicent.
547 2755 786 2820 Numquid
832 2755 942 2803 ideo
989 2764 1137 2804 status
1185 2758 1343 2805 sensui
1390 2758 1659 2808 addicitur?

54 2831 99 2870 ta
130 2831 179 2870 et
215 2825 486 2887 persecutio
526 2834 649 2872 statu
685 2826 809 2874 bona
842 2835 935 2884 est,
987 2828 1094 2890 quia
1135 2826 1292 2876 divina
1329 2838 1378 2877 et
1408 2832 1656 2879 rationalis

148 3061 189 3105 1)
220 3063 374 3111 E.pbes
393 3061 525 3112 6,16.
643 3066 687 3110 2)
717 3066 839 3113 Vulg
869 3067 911 3103 si
943 3067 987 3105 in
1023 3069 1107 3106 sed
1147 3071 1426 3119 mutavimus,
1462 3076 1660 3121 apposito

55 3130 80 3156 n
100 3118 180 3160 &ie
200 3121 437 3158 sententiae
462 3121 751 3170 interrogandi
776 3123 909 3171 signo.
1025 3125 1069 3173 3)
1101 3127 1339 3175 Matth.10,
1364 3129 1433 3166 29.
