1942 3554
448 135 458 139 ,
1714 93 1749 117 o
1879 95 1892 118 :²

281 184 398 235 214
567 185 654 224 DE
692 184 876 221 FUGA
916 183 989 220 lN
1028 181 1624 220 PERSECUTI‘ONE.
1875 146 1906 200 ’ἶ

284 325 465 374 deserit
502 323 862 387 persecutionis.
939 319 1252 383 Respondebo
1302 329 1350 367 et
1387 335 1479 383 ego
1520 319 1579 367 de
1619 321 1781 368 seculo
1827 308 1912 369 affl·

285 394 418 459 quid:
473 409 618 455 usque
659 391 842 438 adeone
881 391 1001 438 mori
1040 391 1260 437 miserum
1299 392 1460 449 est?1)
1527 389 1760 438 Moriatur
1794 371 1911 454 quo}

285 481 376 528 quo
409 462 548 509 modo
590 471 668 508 aut
705 463 855 508 victus
895 469 976 508 aut
1013 461 1185 508 victor.
1262 461 1380 508 Nam
1413 460 1502 507 etsi
1534 459 1751 524 negando
1785 453 1912 526 ceci&

286 535 430 590 derit,
463 549 566 579 cum
600 533 870 589 tormentis,
903 540 1057 578 tamen
1091 531 1368 593 proeliatus.
1428 529 1555 578 Malo
1586 530 1850 578 miserandu
1896 528 1898 531 ⁴

290 621 425 668 quam
473 600 866 650 erubescendum.
957 601 1208 648 Pulchrior
1253 610 1327 649 est
1370 600 1506 648 miles
1553 602 1599 648 in
1650 604 1843 664 [pugna]

284 674 469 738 proelio
517 673 735 729 amissus,
785 687 921 734 quam
967 673 1013 717 in
1059 672 1170 734 fuga
1217 672 1385 719 salvus.
1460 670 1620 718 Times
1666 670 1918 731 hominem}

287 744 576 799 Christiane,
626 758 762 805 quem
802 742 958 788 timeri
990 750 1179 805 oportet
1217 741 1274 788 ab
1313 741 1517 804 angelis,
1574 740 1803 805 siquidem
1834 742 1918 800 ankg

287 815 425 878 gelos
458 812 746 860 iudicaturus
779 828 857 871 es,
893 828 1029 875 quem
1062 813 1217 858 timeri
1251 819 1441 875 oportet
1470 827 1496 858 a
1530 810 1819 868 daemoniis,
1853 803 1917 872 siis·

289 883 476 948 quidem
517 892 563 930 et
597 883 642 929 in
676 882 930 929 daemonas
970 883 1198 945 accepisti
1231 890 1543 944 potestatem3
1595 897 1730 945 quem
1762 875 1931 946 timei-52

289 963 480 1017 oportet
509 953 567 1000 ab
601 954 819 999 universo
854 952 1047 1010 mundo,
1096 952 1324 1016 siquidem
1365 961 1412 999 et
1449 953 1494 998 in
1536 961 1583 999 te
1624 951 1818 999 mundus
1849 952 1920 998 iu.⁴

289 1024 501 1072 dicatur?
547 1023 779 1069 Christum
811 1022 996 1069 indutus
1029 1038 1103 1079 es,
1138 1021 1366 1086 siquidem
1397 1023 1445 1068 in
1479 1021 1712 1069 Christum
1744 1020 1931 1071 tinctu&

289 1112 368 1154 es,
413 1096 489 1158 qui
522 1094 646 1156 fugis
679 1092 936 1150 diabolum,
972 1092 1247 1155 depretiasti
1277 1091 1527 1149 Christum,
1563 1093 1639 1155 qui
1670 1093 1716 1138 in
1751 1101 1796 1139 te
1830 1094 1919 1138 est-³

288 1165 550 1227 Fugitivum
585 1179 688 1209 cum
721 1162 910 1209 diabolo
942 1171 989 1208 te
1022 1161 1297 1220 reddidisti3
1336 1161 1421 1208 sed
1452 1160 1686 1208 dominum
1716 1161 1920 1225 fugiens,

292 1234 554 1297 exprobras
587 1232 797 1279 omnibus
829 1233 1040 1295 fugitivis
1073 1232 1142 1279 sui
1173 1233 1428 1280 vanitatem
1461 1232 1662 1279 consilii.
1716 1230 1932 1295 Fugerat&

294 1314 342 1352 et
368 1303 552 1367 quidam
578 1304 813 1350 animosus
836 1302 1094 1365 prophetes
1121 1301 1377 1360 dominum,
1413 1302 1669 1349 traiecerat
1690 1301 1748 1349 ab
1773 1302 1935 1366 Ioppd}

292 1376 510 1431 Tarsum,
561 1374 688 1436 quasi
731 1382 778 1420 et
817 1389 843 1419 a
883 1371 972 1420 deo
1004 1372 1357 1430 transfretaret,
1412 1371 1500 1420 sed
1531 1373 1658 1420 illum
1690 1389 1784 1419 non
1815 1364 1936 1427 dic&-

292 1446 339 1492 in
372 1445 487 1491 mari
521 1453 568 1492 et
599 1445 644 1490 in
670 1453 819 1500 terra,
851 1459 1013 1490 verum
1041 1451 1090 1490 et
1121 1444 1167 1489 in
1193 1452 1329 1491 utero
1357 1444 1495 1491 etiam
1519 1442 1702 1490 bestiae
1725 1441 1923 1503 inveniss

292 1517 341 1563 in
390 1532 480 1579 quo
528 1530 617 1561 nec
662 1515 781 1560 mori
824 1529 912 1576 per
955 1512 1157 1560 triduum
1211 1515 1363 1576 potuit
1409 1530 1497 1562 nec
1543 1514 1619 1561 vel
1664 1515 1734 1561 sic
1789 1512 1925 1569 deun'i

296 1585 516 1635 evadere.
581 1585 762 1643 Quanto
797 1584 959 1630 melius
992 1583 1069 1631 dei
1099 1600 1286 1641 servus,
1327 1584 1426 1647 qui,
1468 1586 1566 1631 sive
1598 1585 1813 1632 inimicus
1846 1581 1931 1646 dess

294 1658 525 1711 imminet,
574 1671 666 1701 non
699 1655 819 1717 fugit
852 1671 979 1711 eum,
1029 1652 1113 1700 sed
1152 1655 1310 1718 potius
1350 1655 1630 1711 contemnit,
1681 1650 1927 1712 confidenffj

296 1727 482 1774 scilicet
528 1724 585 1772 de
634 1725 782 1771 tutela
829 1723 1026 1781 domini,
1076 1725 1173 1771 sive
1222 1723 1358 1771 deum
1405 1723 1704 1782 reformidat,
1755 1722 1928 1788 quanto

297 1798 446 1859 magis
478 1796 561 1842 sub
595 1795 745 1841 oculis
780 1796 879 1841 eius
911 1795 1079 1852 astitit,
1131 1794 1320 1842 dicens:
1369 1793 1579 1842 dominus
1612 1804 1709 1852 est,
1757 1795 1930 1858 poten}

299 1876 396 1925 est,
456 1867 609 1912 omnia
640 1866 763 1912 illius
795 1873 926 1923 suntg
984 1864 1062 1911 ubi
1095 1864 1172 1911 ubi
1204 1865 1363 1923 fuero,
1410 1866 1457 1911 in
1490 1882 1624 1913 manu
1665 1867 1765 1913 eius
1798 1861 1928 1925 suff}

298 1939 445 1984 faeiat
476 1935 599 2000 quod
629 1935 750 1994 vult,
795 1952 887 1981 non
920 1933 1137 1992 discedo,
1180 1944 1227 1982 et
1258 1937 1297 1982 si
1326 1937 1486 1999 perire
1519 1951 1592 1983 me
1625 1937 1775 1994 volet,
1824 1926 1931 1999 ips&

298 2026 372 2055 me
404 2006 595 2071 perdat,
645 2005 749 2052 dum
782 2022 855 2053 me
890 2022 981 2068 ego
1021 2021 1157 2052 servo
1190 2005 1273 2052 illi.
1349 2006 1476 2053 Malo
1516 2005 1734 2054 invidiam
1774 2007 1820 2054 ei
1859 2004 1929 2054 fai

301 2094 413 2126 cere
446 2093 532 2141 per
561 2076 846 2124 voluntatem
872 2077 1015 2139 ipsius
1038 2076 1304 2139 pereundo,
1340 2093 1473 2140 quam
1505 2077 1645 2124 bilem
1669 2093 1759 2142 per
1781 2074 1928 2129 mean}

302 2147 566 2195 evadendo.

449 2222 527 2266 11.
605 2217 705 2263 Hoc
746 2218 922 2263 sentire
964 2225 1012 2263 et
1045 2218 1204 2263 facere
1246 2233 1428 2264 omnem
1461 2233 1645 2265 servum
1679 2218 1755 2266 dei
1788 2217 1933 2282 opor-2

305 2298 395 2346 tet,
446 2289 584 2334 etiam
626 2288 817 2333 minoris
858 2286 973 2342 loci,
1029 2295 1079 2330 ut
1117 2287 1307 2332 maioris
1346 2287 1451 2333 fieri
1490 2288 1661 2349 possit,
1716 2290 1754 2336 si
1794 2283 1933 2363 quen}

307 2357 502 2422 gradum
536 2374 594 2404 ex
624 2356 973 2420 persecutionis
1013 2355 1263 2402 tolerantia
1302 2355 1587 2404 ascenderit.
1666 2357 1762 2406 Sed
1795 2358 1935 2423 quun}

305 2430 397 2492 ipsi
430 2437 667 2484 auctores,
703 2425 749 2472 id
782 2435 866 2484 est,
902 2427 987 2488 ipsi
1020 2423 1206 2472 diaconi
1237 2425 1503 2490 presbyteri
1536 2437 1584 2474 et
1615 2429 1829 2494 episcopi
1861 2426 1936 2496 sm}

307 2500 470 2564 giunt,
533 2496 766 2561 quomodo
814 2497 959 2544 laicus
1005 2496 1276 2558 intelligere
1324 2498 1533 2560 poterit,
1605 2516 1694 2563 qua
1746 2493 1937 2561 ration}

309 2569 510 2616 dietum:
553 2569 701 2631 fugite
736 2567 793 2615 de
827 2568 1016 2614 civitate
1048 2568 1094 2612 in
1126 2567 1394 2614 civitatem?
1452 2567 1613 2632 Itaque
1653 2586 1756 2618 eum
1788 2564 1939 2625 duce&

308 2642 518 2703 fugiunt,
574 2640 675 2702 quis
709 2637 766 2685 de
800 2640 1024 2701 gregario
1064 2653 1257 2684 numero
1291 2638 1540 2685 sustinebit
1570 2638 1629 2686 ad
1660 2639 1852 2703 gradum
1884 2618 1938 2696 iffi

310 2712 415 2757 acie
447 2708 682 2773 figendum
714 2708 995 2756 suadentes?
1055 2707 1196 2754 Certe
1237 2706 1421 2770 quidem
1459 2708 1611 2757 bonus
1643 2719 1803 2774 pastor
1832 2695 1937 2758 auii

311 2797 430 2827 niam
462 2797 546 2843 pro
578 2778 829 2843 pecoribus
862 2779 1079 2842 ponit3),
1114 2787 1162 2824 ut
1191 2777 1400 2841 Moyses,
1435 2796 1528 2826 non
1561 2778 1747 2828 domino
1779 2759 1939 2843 adhud

315 2850 502 2897 Christo
534 2850 747 2898 revelato
781 2858 828 2896 et
859 2850 946 2895 iam
979 2849 1022 2894 in
1056 2864 1106 2895 se
1139 2848 1362 2910 figurate,
1395 2851 1482 2896 ait:
1539 2849 1589 2896 Si
1621 2850 1780 2913 perdis
1813 2848 1939 2912 hunQ

313 2921 549 2984 populum,
583 2921 746 2983 inquit,
766 2921 810 2973 4)
847 2928 895 2966 et
921 2935 992 2966 me
1018 2919 1194 2982 pariter
1217 2934 1318 2964 cum
1347 2935 1404 2965 eo
1433 2920 1666 2983 disperde.
1716 2921 1934 2986 Ceterum

303 3132 309 3138 ι
431 3090 476 3135 1)
508 3090 620 3136 Virg.
646 3091 747 3125 Aen.
772 3092 838 3137 12,
861 3091 954 3126 646.
997 3090 1112 3125 Suet.
1138 3089 1235 3126 Ner.
1264 3089 1328 3124 47.
1462 3089 1505 3138 2)
1536 3091 1584 3128 V.
1617 3102 1784 3140 pugna
1820 3091 1942 3129 dele—-

317 3149 469 3184 verunt
501 3146 590 3183 Lat.
610 3148 651 3181 et
671 3146 757 3192 Rig.
877 3146 920 3191 3)
954 3148 1008 3182 lo.
1028 3147 1093 3188 10,
1115 3149 1176 3182 11.
1293 3144 1338 3192 4)
1370 3146 1504 3183 Exod.
1524 3147 1591 3194 32,
1614 3147 1678 3184 32.
1908 3159 1937 3175 -·
