1942 3554
462 221 546 261 DE
575 167 847 265 lEmistus
876 220 1014 259 ADV.
1043 220 1256 267 PSYcfl.
1551 217 1670 262 182

105 335 118 349 “
157 335 203 383 ia
233 332 538 384 devexercitu
569 336 669 382 eius
700 351 787 399 per
816 335 1032 397 angelum
1062 334 1336 397 absumpsit,
1385 348 1518 396 quam
1548 330 1671 380 Eze-

120 407 195 454 'ae
223 407 352 469 regis
383 405 672 452 humiliatio?
733 404 972 468 Siquidem
1004 404 1177 452 duritia
1199 405 1347 452 hostis
1373 404 1670 461 annunciata,

43 475 424 532 testem-scidit,
458 492 645 523 saccum
675 475 846 534 induit,
880 475 1139 540 eodemque
1170 476 1330 522 habitu
1355 475 1673 525 seniores'sa-

42 542 390 610 defletumjad
419 545 556 594 deum
585 563 673 610 per
701 546 888 594 Esaiam
919 544 1049 594 adire
1095 547 1247 603 iussit,
1294 547 1451 609 utique
1496 546 1671 593 ieiunio

39 613 223 695 ‘sicces
251 626 583 681 prosequente.
658 617 824 681 Neque
871 619 992 664 enim
1032 617 1125 664 cibi
1155 626 1333 680 tempus
1365 618 1411 663 in
1441 617 1670 680 periculo,

40 699 145 762 Qec
175 689 433 735 saturitatis
459 688 616 735 'cultus
647 690 693 735 in
724 705 891 745 sacco,
924 704 1110 751 semper
1139 687 1296 735 inedia
1334 688 1565 735 moeroris
1597 703 1672 735 se-

34 758 195 838 :cha
222 767 316 816 est,
349 759 471 812 sicut
498 759 680 806 laetitia
711 760 922 807 accessio
954 760 1145 821 saginae
1164 758 1226 818 1).
1274 758 1366 805 Per
1388 758 1510 804 hanc
1541 774 1671 805 moe-

38 829 177 895 *πίε
205 829 524 892 sequelam‘et
552 828 778 886 inediam,
826 831 964 876 etiam
1005 831 1168 876 civitas
1199 829 1279 876 illa
1309 830 1556 892 peccatrix
1585 828 1672 875 Ni-

23 899 160 952 --tfiive
189 897 249 946 de
281 901 428 947 exitio
459 899 733 962 praedicato
766 900 1008 946 liberatur.
1072 898 1196 954 Satis
1228 901 1350 946 enim
1380 899 1672 962 poenitentia

38 956 285 1049 affielerum
319 967 738 1021 commendaverat*
760 970 981 1017 ieiunium
1013 968 1167 1016 triduo
1200 970 1382 1026 functa,
1416 970 1557 1016 etiam
1588 985 1672 1032 pe-

37 1057 50 1086 ι
114 1038 249 1088 dibus
280 1041 483 1098 enectis,
524 1041 688 1104 quibus
721 1042 874 1087 'iratus
905 1039 1020 1088 deus
1065 1057 1158 1086 non
1205 1042 1388 1100 erat2).
1465 1038 1672 1086 Sodoma

32 1051 316 1252 ιὲοφιθιθῐ
347 1109 578 1158 Gomorra
609 1112 888 1168 evasissent,
936 1112 975 1158 si
1005 1112 1292 1159 ieiunassent
1306 1112 1370 1171 3).
1447 1110 1549 1157 Hoc
1594 1126 1672 1158 re-

35 1194 49 1230 ⁸
96 1179 251 1229 edium
282 1182 498 1245 agnoscit
528 1190 577 1228 et
604 1180 786 1229 Achab.
844 1182 977 1242 *Cum
1015 1182 1082 1228 illi
1113 1190 1220 1245 post
1250 1181 1672 1243 transgressionem

34 1259 102 1309 ont
129 1250 445 1300 idololatriam
491 1260 540 1300 et
570 1268 735 1300 necem
765 1252 1014 1299 Nabuthae
1060 1261 1257 1316 propter
1297 1253 1480 1298 vineam
1524 1252 1673 1298 inter-

35 1323 196 1386 ·empti
235 1339 268 1369 a
298 1322 487 1385 Iezabel
518 1323 852 1386 exprobrasset
884 1321 1066 1370 Helias:
1115 1324 1314 1386 qualiter
1359 1321 1579 1369 occidisti
1624 1319 1674 1369 et

34 1390 392 1450 lhaereditatem
422 1393 696 1456 possedisti,
741 1395 789 1440 in
835 1407 939 1457 quo·
970 1394 1077 1440 loco
1118 1394 1390 1456 sanguinem
1421 1391 1671 1440 Nabuthae

34 1488 41 1502 ν
81 1479 195 1511 anes
226 1462 537 1521 delinxerant,
567 1472 694 1519 tuum
721 1480 903 1527 quoque
935 1463 1230 1527 delinguent3
1265 1462 1476 1510 destituit
1501 1472 1673 1510 semet-

40 1479 199 1677 ksum
229 1542 279 1586 et
307 1550 495 1582 saccum
528 1537 659 1582 carni
689 1551 799 1582 suae
832 1535 1051 1598 imposuit
1081 1544 1129 1582 et
1158 1534 1382 1582 ieiunavit
1419 1543 1468 1581 et
1498 1525 1672 1581 dormi-

31 1619 35 1642 =
79 1604 118 1657 *⁹¹3
145 1605 193 1651 in
223 1620 380 1652 sacco.
442 1604 504 1651 Et
535 1614 642 1652 tunc
674 1622 826 1652 sermo
860 1604 1034 1652 domini
1065 1604 1126 1653 ad
1156 1604 1360 1653 Heliam:
1406 1603 1587 1662 vidisti,
1619 1612 1672 1652 ut

15 1691 34 1710 ψ’
70 1675 280 1723 veritus
310 1671 371 1722 sit
397 1673 564 1724 Achab
597 1692 626 1722 a
655 1676 777 1723 facie
809 1693 936 1735 mea3
969 1692 1054 1739 pro
1087 1692 1146 1723 eo
1178 1673 1302 1740 quod
1323 1676 1555 1723 reveritus
1580 1683 1668 1733 est,

26 1775 41 1805 4
81 1761 144 1793 on
173 1744 481 1810 superducam
511 1747 741 1804 laesuram
786 1748 834 1792 in
876 1745 1040 1794 diebus
1085 1747 1250 1810 ipsius,
1297 1743 1382 1812 sed
1418 1747 1466 1792 in
1505 1744 1670 1794 diebus

19 1850 30 1856 »γ
66 1817 135 1863 ii
165 1817 265 1864 eius
295 1815 604 1880 superducam
635 1833 735 1863 eam
751 1819 822 1875 4),
857 1818 934 1880 qui
962 1833 1056 1864 non
1094 1825 1198 1864 erat
1233 1817 1536 1875 ieiunatvurus.
1597 1815 1671 1863 Ita

42 1940 44 1944 ,
80 1887 270 1935 iunium
301 1887 349 1933 in
380 1885 516 1941 deum
546 1888 843 1934 reverentiae
875 1903 991 1951 opus
1022 1895 1116 1944 est,
1148 1903 1236 1950 per
1259 1885 1382 1950 quod
1398 1885 1536 1935 Anna
1553 1902 1670 1950 quo-

54 1971 164 2015 ue,
196 1957 406 2004 ambiens
435 1973 562 2004 uxor.
586 1957 848 2014 Helcanae,
889 1966 1018 2005 retro
1059 1958 1255 2014 sterilis,
1295 1957 1562 2020 impetravit
1596 1957 1669 2004 fa-

36 2043 39 2047 ·
79 2027 142 2075 ile
173 2043 203 2074 a
232 2025 323 2074 deo
353 2027 539 2075 inanem
582 2028 688 2074 cibo
727 2037 936 2077 ventrem
982 2029 1077 2075 filio
1124 2029 1340 2092 implere,
1389 2036 1437 2075 et
1482 2026 1667 2091 quidem

30 2097 281 2160 ²·ropheta
296 2099 361 2157 5).
399 2133 401 2137 -
437 2096 532 2145 Sed
563 2115 655 2144 non
686 2098 824 2146 modo
857 2108 1051 2147 naturae
1075 2100 1385 2145 mutationem
1423 2107 1503 2146 aut
1540 2099 1667 2162 peri-

46 2172 61 2232 Jj,
92 2167 261 2215 ·lorum
290 2169 584 2216 aversionem
616 2178 694 2216 aut
733 2168 1011 2217 delictorum
1057 2170 1458 2226 obliterationem,
1504 2185 1666 2216 verum

101 2238 190 2286 ‘am
221 2248 618 2287 sacramentorum
658 2241 942 2302 agnitionem
981 2241 1164 2288 ieiunia>
1193 2239 1251 2287 de
1290 2239 1380 2288 deo
1418 2240 1666 2287 merebun-

28 2320 30 2322 ’
64 2330 68 2342 =
97 2335 145 2356 ιι
198 2307 374 2373 Aspice
404 2309 613 2358 Danielis
645 2312 918 2374 exemplum.
982 2311 1122 2358 Circa
1159 2311 1386 2358 somnium
1416 2311 1543 2373 regis
1574 2309 1666 2357 Ba-

0 2384 7 2440 ss
53 2375 236 2444 sylonis
267 2396 426 2428 omnes
459 2381 701 2428 turbantur
731 2382 990 2445 sophistae,
1038 2390 1216 2445 negant
1258 2382 1382 2428 ultro
1430 2381 1487 2428 de
1526 2396 1665 2444 prae-

105 2444 223 2498 ‘tia
251 2450 451 2498 humana
479 2457 618 2515 posse
658 2453 899 2514 cognosci.
984 2451 1122 2518 Solus
1167 2452 1334 2498 Daniel
1380 2450 1470 2498 deo
1516 2446 1665 2498 fidens

0 2549 29 2585 ᾗ
64 2527 103 2567 t
131 2521 308 2577 scienS‚
356 2520 466 2584 quid
502 2521 565 2569 ad
600 2521 929 2569 demerendam
969 2522 1046 2569 dei
1085 2524 1280 2584 gratiam
1312 2522 1518 2578 faceret,
1559 2537 1666 2584 spa-

0 2595 2 2598 ’
88 2612 151 2639 ·
193 2588 336 2637 tridui
365 2592 590 2658 postulat,
624 2609 726 2638 cum
758 2609 840 2639 sua
869 2593 1165 2639 fraternitate
1197 2593 1395 2649 ieiunat,
1427 2600 1566 2654 atque
1597 2593 1666 2639 ita

50 2670 54 2671 ⁷
109 2660 344 2709 ationibus
405 2661 740 2712 commendatis
800 2671 848 2709 et
908 2661 1118 2710 ordinem
1173 2671 1220 2709 et
1271 2662 1663 2724 significationem

0 2748 10 2750 “
53 2730 219 2779 mnii
247 2747 335 2795 per
364 2732 519 2778 omnia
549 2733 808 2789 instruitur,
839 2732 1025 2796 tyranni
1048 2732 1269 2796 sophistis
1292 2733 1515 2794 parcitur,
1549 2732 1664 2780 deus

52 2801 366 2859 orificatur‚
398 2801 565 2858 Daniel
595 2803 868 2860 honoratur,
899 2820 992 2852 non
1022 2804 1248 2851 minorem
1280 2801 1357 2850 dei
1388 2803 1586 2866 gratiam
1615 2811 1665 2851 et
1722 2813 1725 2819 ’

68 2938 70 2940 v
97 2887 219 2920 mea
248 2888 430 2936 quoque
462 2873 692 2925 relaturus
736 2890 858 2920 anno
900 2874 1049 2940 primo
1092 2875 1221 2936 regis
1266 2872 1421 2931 Darii,
1470 2890 1572 2922 cum
1603 2889 1665 2922 ex

0 2965 4 2968 >
47 2942 319 3006 :cogitatu
349 2941 725 3006 praedicatorum
757 2952 1015 3007 temporum
1052 2943 1110 2991 ab
1149 2944 1387 2993 Hieremia
1426 2943 1556 2992 dedit
1591 2945 1663 2992 fa-

63 3123 80 3167 ‚'
168 3106 372 3163 1)2Reg.
397 3122 487 3160 cap.
506 3114 572 3151 18.
591 3114 656 3149 19.
785 3111 827 3164 ².)
855 3115 944 3152 Ion.
976 3125 1066 3162 cap.
1098 3115 1135 3154 3.
1265 3115 1309 3164 3)
1339 3115 1446 3163 Gen..
1474 3128 1563 3165 cap.
1592 3117 1660 3153 19.

82 3170 86 3175 “
118 3167 142 3205 1
158 3167 260 3217 Reg.
276 3178 367 3216 cap.
385 3168 451 3207 21.
568 3169 611 3219 5)
629 3171 652 3206 1
670 3170 780 3208 Sam.
800 3182 890 3218 cap.
908 3172 945 3208 1.
