1942 3554
0 0 130 183 es}

3 324 294 448 '’ginositatis
321 324 397 372 vel
429 323 620 372 edamus
658 325 733 373 vel
771 332 1009 389 potemus3
1058 323 1236 372 lavacri
1281 337 1464 388 quoque
1510 320 1655 369 absti-

17 415 27 446 ι
57 396 259 455 entiam,
292 405 629 478 congruentem
661 394 796 444 arido
827 397 986 443 victui.
1066 394 1336 443 Novitatem
1380 394 1525 457 igitur
1569 392 1654 439 ob-

15 463 232 525 nectant,
278 465 336 513 de
369 468 500 514 cuius
530 467 696 514 illicito
735 466 1084 530 praescribant,
1131 475 1211 513 aut
1254 466 1488 513 haeresim
1533 461 1655 510 iudi-

16 537 253 610 pandam,
282 538 322 586 si
353 536 551 584 humana
580 539 901 601 praesumptio
933 545 1027 595 est,
1067 546 1148 584 aut
1176 535 1653 601 pseudoprophetiam

14 589 442 678 'pro-nuntiandam,
489 609 527 655 si
573 609 797 672 spiritalis
842 606 1039 656 indictio
1086 615 1180 665 est,
1229 607 1334 655 dum
1381 621 1562 671 quaqua
1592 620 1653 653 ex

15 689 162 747 parte
194 679 442 731 anathema
472 678 734 737 audiamus,
769 680 845 743 qui
875 680 1013 727 aliter
1043 643 1382 726 adnuhtiamus.

44 763 45 766 ’
167 755 216 803 2.
276 749 398 798 Nam
428 749 553 814 quod
583 749 643 797 ad
673 751 846 797 ieiunia
876 751 1134 813 pertineat,
1169 758 1326 796 certos
1359 747 1459 795 dies
1491 764 1520 795 a
1558 745 1650 794 deo

26 823 310 870 'constitutos
341 830 600 885 opponunt,
634 829 684 868 ut
715 833 816 868 cum
849 822 894 866 in
926 820 1142 868 Levitico
1172 820 1406 883 praecipit
1437 818 1650 865 dominus

23 892 148 945 Mosi
179 892 407 940 decimam
438 893 609 939 mensis
638 891 824 955 septimi
856 889 977 938 diem
1010 891 1312 953 placationis:
1360 898 1546 947 sancta,
1578 889 1650 935 in-

20 943 213 1034 ffiens,
273 963 363 1010 erit
404 962 539 1010 vobis
583 960 707 1019 dies,
768 970 817 1008 et
859 961 1091 1009 vexabitis
1123 962 1298 1007 animas
1334 968 1538 1017 vestras,
1601 967 1650 1006 et

23 1035 180 1084 'Omnis
205 1034 380 1099 anima,
428 1048 545 1097 quae
575 1040 746 1080 vexata
774 1048 871 1080 non
899 1033 1044 1079 fuerit
1072 1033 1119 1079 in
1158 1032 1238 1080 illa
1275 1030 1376 1089 die,
1425 1031 1648 1079 extermi-

21 1106 212 1158 nabitur
241 1090 299 1152 de
330 1104 504 1168 populo
535 1119 618 1151 suo
637 1104 700 1164 1).
778 1103 964 1151 Certe
951 1120 998 1149 ιιι
1029 1103 1277 1165 evangelio
1309 1103 1415 1150 illos
1446 1101 1547 1150 dies
1578 1102 1648 1148 ie-

19 1177 162 1252 inpiis
193 1175 530 1223 determinatos
561 1181 744 1237 putant,
778 1174 825 1221 in
857 1173 1020 1237 quihus
1050 1174 1231 1221 ablatus
1258 1181 1330 1220 est
1354 1189 1565 1236 sponsus,
1599 1180 1649 1219 et

19 1239 112 1296 hos
142 1262 246 1294 esse
278 1247 367 1292 iam
399 1247 525 1293 solos
557 1245 792 1308 legitimos
817 1245 1097 1292 ieiuniorum
1124 1244 1497 1301 christianorum,
1530 1243 1647 1289 abo-

24 1319 121 1366 litis
151 1316 381 1380 legalibus
411 1325 460 1364 et
488 1316 777 1379 propheticis
807 1315 1131 1363 vetustatibus.
1194 1310 1282 1362 Ubi
1314 1315 1475 1361 volunt
1505 1315 1644 1371 enim,

22 1397 286 1452 agnoscunt
317 1386 427 1451 quid
471 1388 643 1450 sapiat:
692 1386 770 1433 lex
816 1396 864 1434 et
894 1386 1166 1450 prophetae
1211 1401 1356 1450 usque
1402 1383 1462 1432 ad
1507 1383 1646 1432 Ioan-

20 1457 431 1521 nem2).1taque
463 1457 522 1505 de
554 1466 729 1505 cetero
743 1457 1070 1505 indifferenter
1086 1459 1131 1517 3)
1165 1455 1461 1504 ieiunandum
1484 1471 1546 1503 ex
1570 1471 1646 1502 ar-

5 1529 188 1588 {bitrio,
221 1545 315 1576 non
346 1544 407 1575 ex
436 1529 658 1610 imperio,
706 1545 854 1576 novae
902 1528 1178 1591 disciplinae
1223 1545 1309 1592 pro
1355 1527 1645 1591 temporibus

9 1599 73 1652 let
116 1597 315 1648 caussis
336 1600 720 1663 uniuscuiusque3
777 1600 843 1647 sic
897 1608 946 1647 et
997 1601 1237 1663 apostolos
1284 1599 1560 1646 observasse
1575 1600 1642 1658 4),

2 1671 195 1741 {nullum
240 1670 365 1719 aliud
396 1671 689 1734 imponentes
719 1671 899 1733 iugum,
949 1680 1185 1718 certorum
1231 1679 1280 1718 et
1317 1672 1364 1717 in
1397 1685 1640 1716 commune

2 1742 264 1825 {omnibus
280 1741 600 1790 obeundorum
646 1742 948 1800 ieiuniorum3
996 1741 1193 1805 proinde
1241 1758 1328 1789 nec
1375 1742 1642 1798 stationum,

0 1822 140 1892 {quae
173 1818 223 1861 et
251 1813 419 1878 ipsae
411 1826 520 1859 suos
553 1811 737 1876 quidem
770 1812 871 1860 dies
902 1811 1126 1870 habeant,
1175 1822 1367 1875 quartae
1413 1812 1562 1858 feriae
1595 1819 1645 1858 et

0 1873 207 1948 &sextaeg
241 1884 426 1947 passive
444 1885 489 1943 ⁵)
522 1891 673 1930 tamen
709 1892 920 1941 currant,
961 1899 1112 1947 neque
1146 1885 1227 1930 sub
1262 1883 1366 1945 lege
1399 1882 1643 1945 praecepti

0 1970 172 2019 ζιιθφιθ
203 1955 326 2002 ultra
356 1969 616 2018 supremam
649 1953 765 2012 diei,
814 1919 997 2018 quaiido
1039 1963 1088 2001 et
1118 1956 1356 2001 orationes
1388 1954 1491 2000 fere
1523 1953 1642 1999 hora

0 2030 145 2073 ·nona
177 2024 450 2083 concludat,
483 2023 542 2073 de
574 2024 703 2073 Petri
726 2026 965 2089 exemplo,
999 2024 1121 2089 quod
1146 2027 1264 2072 actis
1290 2026 1510 2072 refertur.
1542 2023 1642 2071 Xe-

18 2086 271 2160 rophagias
299 2112 414 2144 vero
446 2111 614 2142 novum
645 2095 855 2145 affectati
887 2098 1034 2144 oflicii
1079 2112 1248 2144 nomen
1294 2104 1342 2142 et
1379 2096 1639 2158 proximum

0 2167 238 2217 ethnicae
270 2167 614 2231 superstitioni,
648 2167 808 2231 quales
840 2169 1144 2215 castimoniae
1173 2167 1334 2230 Apim,
1383 2165 1551 2213 Isidem
1591 2174 1640 2213 et

0 2233 234 2301 {Magnam
264 2237 464 2286 Matrem
495 2246 732 2286 certorum
764 2236 1026 2287 eduliorum
1058 2239 1339 2302 exceptione
1363 2237 1637 2301 purificant3

79 2324 123 2356 m
155 2307 269 2356 fides
301 2308 449 2356 libera
478 2309 526 2355 in
558 2308 746 2356 Christo
791 2326 850 2357 ne
898 2309 1115 2357 Iudaicae
1148 2308 1331 2373 quidem
1359 2309 1460 2372 legi
1491 2308 1638 2355 absti-

31 2379 222 2428 'entiam
248 2378 540 2443 ¹quorundam
572 2380 784 2428 ciborum
815 2379 1009 2438 debeat,
1042 2381 1185 2428 semel
1211 2380 1258 2426 in
1289 2388 1436 2426 totum
1462 2379 1638 2426 macel-

66 2466 110 2498 m
140 2450 198 2498 ab
229 2451 445 2517 apostolo
483 2449 686 2498 admissa
703 2451 775 2510 ⁶),
823 2450 1113 2498 detestatore
1159 2467 1344 2507 eorum,
1393 2450 1469 2513 qui
1515 2450 1639 2496 sicut

113 2535 195 2568 ere
225 2520 526 2584 prohibeant,
558 2523 624 2568 ita
654 2521 844 2581 iubeant
875 2521 991 2568 cibis
1022 2521 1258 2568 abstinere
1291 2537 1317 2566 a
1348 2519 1439 2566 deo
1473 2517 1637 2566 condi-

53 2606 92 2639 s.
167 2590 230 2637 Et
271 2589 381 2638 ideo
408 2608 498 2639 vnos
528 2608 634 2639 esse
665 2593 754 2638 iam
786 2600 896 2638 tunc
934 2600 1237 2655 praenotatos
1282 2592 1329 2636 in
1373 2591 1636 2638 novissimis

68 2661 335 2726 mporibus,
402 2661 713 2725 abscedentes
765 2678 793 2708 a
846 2661 967 2719 fide,
1028 2660 1326 2709 intendentes
1378 2660 1633 2725 spiritibus,

62 2731 172 2780 nudi
216 2730 568 2791 seductoribus,
624 2731 852 2779 doctrinis
897 2731 1381 2796 mendaciloquorum,
1435 2733 1634 2779 inustam

28 2856 35 2870 ‘
112 2811 247 2851 entes
279 2803 617 2851 conscientian
634 2804 699 2860 ⁷).
762 2802 958 2861 Quibus,
994 2819 1078 2850 oro
1110 2812 1180 2860 te,
1212 2802 1432 2865 ignibus?
1469 2801 1632 2861 credo,

78 2872 182 2922 ibus
213 2875 396 2937 nuptias
427 2889 568 2937 saepe
599 2872 892 2933 deducimus,
940 2882 989 2922 et
1027 2889 1199 2922 coenas
1231 2873 1440 2938 quotidie
1473 2874 1634 2938 coqui-

450 210 535 250 ΒΕ
563 209 834 250 1EmN11s
863 208 1002 248 Anv.
1029 207 1244 249 rsrcn.
1533 204 1656 252 181

131 3056 176 3106 1)
194 3056 327 3095 nevit.
345 3058 413 3105 16,
432 3058 497 3097 29.
515 3048 602 3106 n'qq.
651 3061 716 3107 23,
737 3061 802 3098 27.
933 3060 974 3107 2)
990 3059 1091 3099 Luc.
1111 3062 1177 3108 16,
1198 3061 1264 3098 16.
1307 3060 1456 3099 matth.
1475 3061 1542 3111 11,
1566 3061 1632 3097 13.

35 3160 37 3163 Ι
83 3112 174 3163 lug.
191 3109 525 3153 differenter.
603 3152 605 3156 ,
639 3115 685 3167 4)
700 3117 792 3154 Aet.
820 3118 886 3165 15,
913 3118 979 3155 10.
1103 3117 1148 3167 5)
1168 3118 1384 3157 Wouweri
1405 3118 1493 3157 MS.
1517 3128 1631 3166 pas-

44 3166 123 3207 im.
238 3169 283 3219 6)
301 3167 325 3207 1
342 3170 436 3210 Cor.
454 3173 522 3221 10,
541 3172 605 3210 25.
720 3169 766 3224 7)
783 3175 806 3211 1
827 3175 932 3213 Tim.
949 3174 989 3223 4,
1008 3175 1032 3212 1
1049 3184 1111 3223 aq.

12 3358 18 3361 .
94 3320 165 3359 ψ’
186 3340 189 3345 <
