1942 3554
767 7 789 17 ἱ

609 128 1065 189 υίΒΑΡΤιεΜο.
1245 152 1247 155 ·
1562 147 1646 193 35

28 294 30 307 ι
68 270 87 308 “1
102 265 241 314 initio
272 263 695 330 supervectabatur
724 276 869 328 snper
898 280 1067 329 aquas,
1107 262 1332 311 intinctos
1362 263 1643 311 reformatu-

82 338 196 399 11¹).
274 334 499 387 Sanctum
544 344 700 385 autem
746 336 906 399 utique
953 350 1096 400 super
1140 343 1352 385 sanctum
1382 334 1643 394 ferebatur,

37 417 93 456 ·at
120 408 179 456 ab
213 423 272 456 eo
303 406 428 474 quod
459 406 867 471 superferebatur,
914 405 962 454 id
995 405 1119 471 quod
1157 406 1366 464 ferebat,
1413 409 1649 456 sanctita·

32 497 105 528 em
133 479 455 537 mutuabatur,
502 478 719 542 quoniam
765 478 980 526 subiecta
1026 493 1238 542 quaeque
1284 480 1483 527 materia
1511 480 1640 539 eius,

27 566 129 600 suae
161 550 366 616 desuper
394 550 628 607 imminet,
675 549 947 614 qualitatem
986 549 1140 612 rapiat
1171 564 1369 597 necesse
1401 559 1494 609 est,
1541 567 1645 599 ma·—

23 623 130 670 sime
162 619 424 687 corporalis
455 620 737 685 spiritalem,
771 629 820 669 et
848 628 1102 684 penetrare
1136 629 1185 667 et
1215 618 1423 669 insidere
1448 622 1638 670 facilem

45 713 68 736 ’ω
119 693 408 741 substantiae
431 693 552 740 'suae
584 690 905 739 subtilitatem.
996 690 1068 738 Ita
1113 689 1171 737 de
1217 700 1382 742 sancto
1429 694 1643 740 sanctifi-

40 772 112 812 tta
140 773 308 812 natura
337 779 561 845 agnarum
592 771 641 810 et
677 763 781 826 ipsa
818 761 1119 810 sanctificare
1167 762 1404 827 concepit.
1479 762 1635 811 Nemo

23 838 67 873 ’-’
92 843 153 883 t:
200 833 421 898 numqmd
465 834 579 898 ipsis
625 833 748 880 enim
795 833 927 896 aquis
974 833 1249 895 tinguimur,
1291 848 1411 896 quae
1443 841 1554 881 tunc
1586 835 1636 882 in

37 904 259 968 vv·=’‹>rdio
289 906 513 953 fuerunt?
570 921 664 951 non
695 905 854 969 utique
886 905 1022 968 ipsis,
1057 904 1146 951 nisi
1177 919 1238 951 ex
1269 919 1327 951 63
1355 913 1509 968 parte,
1543 917 1634 969 qua

29 993 147 1026 mus
178 975 368 1042 quidem
396 992 557 1034 unum,
590 976 777 1041 species
806 991 922 1024 vero
949 976 1232 1039 complures.
1309 975 1445 1034 Quod
1476 985 1632 1028 autem

42 1071 76 1094 2.¹
96 1052 103 1057 ”
121 1049 163 1097 ri
194 1048 467 1096 attributum
498 1055 592 1105 est,
642 1047 782 1095 etiam
821 1049 868 1095 in
900 1047 1061 1111 specie
1094 1045 1349 1094 redundat.
1421 1046 1636 1112 Ideoque⁴

56 1127 57 1130 ’
77 1118 124 1168 la
153 1119 394 1168 distinctio
427 1127 522 1176 est,
555 1119 674 1167 mari
707 1120 808 1182 quis
839 1135 899 1166 an
931 1127 1126 1182 stagno,
1168 1119 1362 1168 flumine
1388 1135 1448 1166 an
1479 1120 1628 1178 fonte,

26 1206 104 1239 tcu
130 1195 193 1239 'an
223 1191 360 1239 alveo
392 1189 621 1249 diluatur3
654 1206 744 1238 nec
777 1191 1025 1254 quicquam
1050 1190 1202 1237 refert
1225 1191 1351 1237 inter
1381 1205 1481 1248 eos,
1514 1207 1630 1254 quos

34 1278 197 1311 annes
226 1263 275 1310 in
305 1261 510 1310 Iordane
543 1270 592 1309 et
623 1277 739 1326 quos
770 1260 938 1309 Petrus
968 1262 1016 1309 in
1046 1261 1208 1309 Tiberi
1245 1262 1414 1318 tinxit,
1462 1262 1550 1309 nisi
1583 1271 1632 1310 et

46 1349 75 1382 e
91 1333 257 1398 spado,
289 1349 426 1398 quem
447 1332 690 1397 Philippus
714 1333 841 1380 inter
863 1333 961 1380 vias
985 1333 1180 1380 fortuita
1202 1348 1320 1396 aqua
1346 1333 1499 1390 tinxit,
1526 1334 1635 1397 plus-

42 1426 49 1443 1
115 1407 155 1453 is
184 1413 267 1453 aut
294 1405 445 1452 minus
475 1406 652 1453 retulit.
729 1403 881 1467 Igitur
927 1418 1089 1451 omues
1136 1419 1285 1467 aquae
1332 1402 1392 1451 de
1429 1405 1629 1468 pristina

52 1475 190 1535 'gns
234 1476 570 1541 praerogativa
614 1484 961 1527 sacramentum
1012 1475 1404 1522 sanctificationis
1459 1492 1632 1524 conse·-

37 1580 55 1589 ›·
99 1555 194 1596 tur
222 1549 443 1596 invocato
476 1544 584 1594 deo.
662 1545 947 1612 Supervenit
991 1547 1115 1593 enim
1154 1546 1311 1593 statim
1344 1547 1534 1610 spiritus
1566 1545 1626 1595 de

34 1619 143 1668 whs
173 1627 223 1667 et
251 1619 384 1684 aquis
415 1627 655 1684 superest,
704 1618 1007 1666 sanctificans
1045 1633 1127 1665 eas
1158 1615 1217 1664 de
1251 1619 1528 1681 semetipse,
1577 1627 1627 1666 et

22 1715 37 1750 f
85 1689 410 1739 sanctificatae
440 1691 534 1738 vim
565 1688 896 1738 sanctificandi
922 1688 1196 1737 combibunt
1209 1689 1274 1750 2).
1338 1687 1625 1752 Quamquam

34 1765 58 1803 μ’
81 1762 342 1826 ‘simplicem
372 1769 528 1809 actum
561 1769 801 1825 competat
830 1757 1111 1817 similitudo,
1152 1767 1226 1816 ut,
1269 1760 1487 1823 quoniam
1516 1762 1623 1808 vice

19 1850 25 1854 ··
55 1843 57 1846 “
84 1833 197 1880 'm
229 1831 417 1880 delictis
448 1833 765 1896 inquinamur,
812 1832 945 1895 aquis
983 1830 1242 1878 abluamur.
1319 1827 1416 1877 Sed
1448 1829 1626 1879 delicta

26 1911 113 1965 ,φτ
140 1919 236 1951 non
266 1905 314 1950 in
346 1919 490 1951 carne
523 1911 821 1966 comparent,
855 1902 964 1966 quia
994 1918 1130 1949 nemo
1157 1916 1300 1965 super
1324 1899 1479 1953 cutem
1509 1918 1627 1966 por-

35 2001 40 2013 ι
87 1975 318 2022 maculam
348 1972 650 2022 idololatriae
682 1982 764 2021 aut
785 1974 935 2038 stupri
962 1981 1042 2034 aut
1065 1971 1267 2030 fraudiS,
1301 1973 1368 2019 ita
1391 1972 1623 2021 eiusmodi

25 2045 234 2110 [spiritu
263 2044 484 2103 sordent,
514 2046 592 2109 qui
623 2053 700 2093 cst
728 2052 899 2092 auctor
929 2042 1108 2091 delicti.
1158 2042 1361 2107 Spiritus
1385 2045 1508 2091 enim
1535 2043 1624 2091 do·-

11 2117 212 2175 ninatur,
246 2130 360 2164 caro
390 2116 665 2175 famulatum
706 2124 863 2163 tamen
893 2124 1141 2180 utrumque
1172 2116 1298 2163 inter
1327 2131 1378 2162 se
1412 2132 1623 2162 commu·

110 2196 148 2235 t
177 2196 381 2245 reatum,
421 2188 612 2252 spiritus
644 2187 704 2234 ob
737 2187 1005 2252 imperium,
1039 2202 1167 2234 ‘caro
1201 2185 1261 2233 ob
1291 2187 1616 2236 ministerium.

5 2256 42 2285 ’·’
61 2274 140 2307 ωε·
165 2257 413 2307 medicatis
440 2257 789 2323 ,quodammodo
821 2259 953 2323 aquis
983 2274 1072 2322 per
1101 2257 1258 2321 angeli
1285 2257 1616 2315 interventum,

0 2327 256 2397 sstffqiritus
286 2331 346 2378 in·
365 2331 500 2394 aquis
532 2330 850 2395 corporaliter
879 2328 1073 2377 diluitur
1117 2338 1166 2377 et
1205 2344 1317 2376 caro
1357 2329 1404 2375 in
1436 2327 1618 2375 eisdem

0 2395 261 2466 miter
289 2400 551 2449 mundatur.
1401 2398 1409 2406 ⁴

24 2471 174 2526 «ᾖετό.
237 2471 335 2522 Sed
380 2473 503 2521 enim
548 2473 765 2520 nationes
810 2479 1068 2519 extraneae
1107 2470 1165 2518 ab
1207 2470 1330 2516 omni
1369 2469 1616 2519 intellectu

0 2537 260 2608 *nmium
290 2552 574 2608 potestatem
593 2541 772 2591 ›eadem
803 2541 1022 2589 efficacia
1065 2539 1205 2588 idolis
1251 2541 1346 2588 suis
1390 2540 1617 2588 submini-

39 2615 60 2619 ”
115 2618 159 2673 t,
204 2613 290 2663 scd
330 2610 485 2663 viduis
527 2614 663 2679 aquis
709 2609 811 2660 sibs
844 2613 1144 2660 mentiuntur.
1219 2609 1339 2658 Nam
1372 2619 1420 2659 et
1464 2613 1614 2660 sacris

131 2683 260 2733 sdam
290 2701 378 2750 per
406 2686 645 2734 lavacrum
674 2684 940 2741 initiantur,
988 2681 1126 2730 Isidis
1171 2682 1367 2729 alicuius
1412 2690 1493 2729 aut
1520 2682 1614 2730 Mi-

0 2619 145 2822 ᾖ,
190 2756 320 2820 ipsos
365 2756 506 2809 eiam
546 2755 663 2804 deos
693 2749 803 2803 suos
834 2753 1145 2802 lavationibus
1175 2752 1391 2801 efferunt.
1469 2752 1610 2802 Cete-

0 2831 90 2899 ψ
117 2825 278 2890 villas,
320 2825 508 2885 domos,
553 2826 752 2890 templa,
799 2833 1016 2890 totasque
1061 2823 1202 2873 urbes
1233 2823 1483 2893 aspergine
1516 2826 1613 2874 cir-

32 2909 65 3003 jz,
101 2951 148 3005 1)
178 2953 334 3004 Rigalt.
379 2954 879 3004 supervectabatur,
934 2965 1092 3002 super
1142 2964 1301 3001 aqua·
1346 2953 1607 2993 intincto-

0 3023 13 3051 ι
127 3015 462 3050 moraturum.
551 3012 596 3062 2)
613 3013 661 3050 In
676 3011 897 3052 Wouweri
912 3023 988 3052 ms.
1004 3011 1107 3050 haec
1124 3011 1336 3059 adscripta
1352 3014 1471 3050 sunt:
1495 3011 1541 3049 vi
1553 3023 1573 3049 c
1585 3022 1609 3049 6

0 3015 218 3168 ιὲἰιιιιι
250 3069 400 3116 aquis
431 3068 734 3118 abluantur,
764 3071 807 3107 et
823 3068 1385 3118 Wouw.putat1egendum:
1417 3068 1606 3107 combi-

0 3120 137 3194 2321,
167 3128 224 3164 ut
253 3129 305 3164 et
335 3126 536 3164 delicta
566 3126 680 3164 vice
714 3126 944 3165 sordium
975 3126 1124 3174 aqui·
1152 3126 1428 3164 abluantur

1261 3185 1326 3244 3*

29 3411 134 3443 θ’
