1942 3554
563 170 1142 212 Aronocnmcus.
1601 180 1676 228 75

57 321 158 379 po'st
193 313 428 362 hominem
466 313 618 377 potuit
657 311 839 359 inferri.
917 311 1133 378 Denique
1172 314 1413 366 invenisse
1454 317 1674 369 dicuntur

56 385 321 438 necessaria
360 385 450 431 ista
486 383 634 440 vitae,
681 398 775 428 non
814 383 1092 432 instituisse.
1170 385 1304 446 Quod
1343 397 1499 436 autem
1539 391 1672 440 inve-

56 459 195 515 nitur,
227 456 334 522 fuit,
368 463 416 502 et
447 451 569 518 quod
599 452 708 511 suit,
744 469 836 501 non
870 454 972 501 eius
1006 454 1330 519 deputabitur,
1365 460 1443 523 qui
1474 460 1669 522 invenit,

55 528 133 578 sed
170 529 271 576 cius
310 526 387 590 qui
425 523 637 571 instituit.
714 524 832 572 Erat
870 526 1015 584 enim,
1064 537 1312 591 antequam
1357 530 1668 580 inveniretur.

54 600 268 649 Ceterum
306 598 345 645 si
381 603 636 660 propterea
666 595 813 643 Liber
853 595 991 655 dcus,
1034 597 1158 660 quod
1196 599 1339 646 vitem
1373 598 1670 651 demonstra-

54 673 131 730 vit,
177 669 299 718 male
337 683 438 715 cum
477 665 675 714 Lucullo
715 675 868 714 actum
910 677 1004 724 est,
1055 669 1131 732 qui
1177 670 1354 731 primus
1403 687 1569 720 cerasa
1607 690 1668 722 ex

53 742 194 789 Ponto
226 739 387 788 ltaliae
418 737 751 802 promulgavit,
794 736 919 802 quod
958 755 1049 785 non
1091 749 1164 786 est
1201 750 1458 804 propterea
1496 759 1667 793 conse-

39 821 222 870 eratus,
260 818 311 858 ut
346 824 495 857 novae
534 810 685 873 frugis
725 817 912 867 auctor,
956 810 1063 873 quia
1093 810 1315 858 inventor
1346 821 1395 860 et
1426 822 1663 862 ostensor.

36 881 350 943 Quamobrem
381 882 420 928 si
451 880 508 928 ab
539 880 674 926 initio
702 888 749 927 et
774 879 1005 927 instructa
1032 889 1079 927 et
1105 882 1250 929 certis
1283 882 1661 933 exercendorum

39 952 296 1001 officiorum
326 967 514 999 snorum
539 950 801 998 rationibus
827 949 1098 1014 dispensata
1122 953 1404 1001 universitas
1430 957 1660 1015 constitit,

44 1023 172 1072 ‚vacat
208 1039 270 1072 ex
307 1023 393 1071 hac
432 1030 565 1087 parte
607 1037 774 1069 caussa
811 1021 1092 1086 allegendae
1133 1023 1430 1072 humanitatis
1461 1027 1507 1072 in
1541 1025 1663 1074 divi*

37 1094 252 1153 nitatem,
294 1095 401 1158 quia
432 1109 544 1158 quas
574 1093 667 1141 illis
698 1093 929 1141 stationes
961 1101 1010 1139 et
1038 1102 1300 1157 potestates
1333 1094 1656 1157 distribuistis,

34 1181 127 1213 ·.am
157 1165 347 1213 fuerunt
376 1164 434 1212 ab
466 1164 626 1222 initio,
669 1180 806 1228 quam
838 1172 887 1211 et
917 1164 1142 1223 fuissent,
1177 1166 1362 1214 etiamsi
1394 1166 1511 1215 deos
1541 1168 1661 1215 istos

47 1252 129 1283 ion
154 1236 423 1284 creassetis.
479 1233 576 1282 Sed
603 1234 1015 1283 convertiminiad
1042 1251 1253 1283 caussam
1278 1237 1433 1296 aliam,
1458 1254 1658 1302 respon-

46 1305 202 1356 lentes
242 1306 543 1354 collationem
582 1304 838 1353 divinitatis
884 1306 1159 1353 meritorum
1204 1308 1656 1356 remunerandorum

45 1377 177 1426 ’uisse
207 1376 456 1424 rationem.
529 1375 594 1423 Et
632 1377 740 1423 hinc
780 1374 1083 1435 concedetis,
1127 1377 1317 1441 opinor,
1359 1378 1485 1427 illum
1519 1377 1656 1427 deum

28 1446 248 1496 deificum
279 1447 454 1495 iustitia
484 1447 807 1511 praecellere,
851 1447 929 1510 qui
961 1462 1050 1494 nec
1081 1455 1287 1507 temere,
1328 1465 1418 1496 nec
1461 1449 1656 1514 indigne

29 1533 120 1567 :nec
170 1516 371 1584 prodige
423 1526 599 1565 tantum
653 1518 906 1581 praemium
961 1515 1261 1580 dispensarit.
1337 1517 1462 1567 Volo
1509 1522 1658 1584 igitur

36 1589 195 1637 <uerita
237 1603 521 1646 recensere,
569 1605 627 1635 au
674 1586 905 1635 eiusmodi
951 1588 1066 1646 sint,
1122 1597 1172 1635 ut
1219 1590 1326 1636 illos
1371 1589 1419 1637 in
1467 1591 1651 1639 coelum

29 1659 305 1718 extulerint,
353 1667 403 1708 et
447 1675 540 1705 non
585 1659 740 1723 potius
786 1659 834 1705 in
873 1659 1013 1705 imum
1051 1667 1278 1707 tartarum
1320 1658 1649 1722 demerserint,

22 1745 159 1795 quem
192 1745 434 1778 carcerem
465 1745 720 1793 poenarum
752 1729 1042 1777 infernarum
1075 1745 1178 1777 cum
1211 1731 1366 1778 multis
1390 1732 1650 1781 affirmatis.

29 1800 141 1848 illuc
173 1802 296 1849 enim
327 1798 536 1848 abstrudi
568 1800 724 1847 solent
761 1800 891 1863 impii
925 1800 1095 1864 quique
1135 1800 1183 1846 in
1223 1810 1473 1864 parentes,
1516 1812 1564 1850 et
1602 1805 1650 1850 in

26 1886 215 1920 -zorores
245 1871 430 1928 incesti,
465 1879 514 1917 et
543 1871 812 1917 maritarum
844 1868 1064 1928 adulteri,
1098 1878 1148 1917 et
1168 1870 1404 1934 virginum
1429 1881 1652 1936 raptores

39 1950 75 1988 et
103 1957 354 2006 puerorum
387 1942 809 1998 contaminatores,
853 1949 900 1987 et
936 1941 1013 2004 qui
1046 1941 1283 1998 saeviunt,
1328 1950 1377 1989 et
1409 1944 1484 2007 qui
1518 1946 1645 1991 occi-

38 2010 159 2071 lunt,
193 2021 242 2060 et
273 2012 349 2077 qui
380 2011 616 2069 furantur,
652 2019 699 2057 et
732 2012 808 2074 qui
841 2009 1105 2075 decipiunt,
1139 2020 1188 2059 et
1220 2013 1486 2077 quicunque
1520 2016 1650 2062 simi-

16 2098 91 2132 ·‘es
127 2091 235 2131 sunt
270 2083 467 2130 alicuius
507 2081 584 2129 dei
623 2082 794 2140 vestri,
838 2097 973 2145 quem
1014 2083 1309 2142 nemineml)
1351 2085 1586 2148 integrum
1620 2103 1647 2132 a

12 2153 215 2202 ‘erimine
246 2162 326 2202 aut
348 2153 465 2201 vitio
496 2152 699 2217 probare
729 2152 965 2217 poteritis,
999 2152 1088 2199 nisi
1121 2152 1356 2201 hominem
1389 2157 1645 2219 negaveri-

23 2224 102 2274 ’ἐκ
165 2223 340 2290 Atquin
387 2233 438 2271 ut
482 2223 587 2271 illos
634 2223 846 2271 homines
886 2223 1032 2270 fuisse
1072 2240 1164 2270 non
1205 2226 1405 2288 potestis
1443 2242 1641 2290 negare,

30 2294 159 2350 etiam
195 2296 314 2344 istae
353 2304 494 2349 notae
534 2293 791 2353 accedunt,
834 2310 952 2358 quae
992 2309 1081 2342 nec
1125 2292 1242 2342 deos
1279 2304 1452 2360 postea
1488 2298 1643 2345 factos

33 2363 151 2416 erodi
186 2367 474 2432 permittunt.
551 2364 603 2413 Si
637 2366 758 2413 enim
792 2365 959 2412 talibus
989 2381 1074 2413 vos
1104 2365 1356 2430 puniendis
1396 2367 1643 2431 praeside-

33 2432 188 2496 .is,³·'si
233 2438 589 2495 commercium,
646 2436 955 2500 colloquium,
1005 2437 1272 2485 convictum
1318 2438 1543 2485 malorum
1593 2448 1643 2486 et

27 2500 216 2573 auritium
259 2507 396 2572 probi
434 2510 603 2574 quique
642 2507 891 2572 respuitis,
940 2507 1104 2554 horum
1143 2516 1298 2554 autem
1343 2523 1482 2571 pares
1524 2507 1641 2557 deus

14 2577 99 2626 tlle
134 2578 389 2627 maiestatis
426 2595 539 2627 suae
580 2579 822 2626 consortio
861 2578 1053 2635 ascivit,
1097 2576 1208 2642 quid
1242 2594 1359 2641 ergo
1392 2577 1637 2639 damnatis,

10 2663 207 2712 quornm
260 2650 469 2715 collegas
522 2649 763 2698 adoratis?
852 2647 1139 2712 Suggillatio
1197 2657 1270 2696 est
1321 2648 1368 2696 in
1423 2650 1562 2698 coelo
1587 2651 1635 2711 2)

30 2727 172 2770 'estu
208 2721 401 2769 iustitia.
477 2721 606 2770 Deos
652 2721 798 2768 facite
845 2719 1256 2767 criminosissimos
1302 2735 1536 2785 quosque,
1583 2731 1637 2769 ut

9 2789 240 2840 cluentis
270 2790 358 2839 diis
387 2794 572 2841 vestris.
643 2791 833 2839 Illorum
866 2799 940 2838 est
969 2789 1123 2836 honor
1154 2791 1456 2839 consecratio
1488 2807 1635 2840 coae-

20 2859 229 2924 ‹iuntiuun
306 2861 403 2909 Sed
446 2872 497 2910 ut
543 2863 749 2910 omittam
796 2862 933 2908 huius
972 2858 1266 2924 indignitatis
1304 2870 1632 2921 retractatum,

7 2929 146 2981 -ὶωδί
177 2941 224 2980 et
255 2932 430 2996 integri
463 2941 511 2980 et
538 2933 650 2981 boni
682 2933 874 2980 fuerint.
939 2931 1064 2990 Quot
1087 2939 1242 2980 tamen
1265 2932 1478 2997 potiores
1502 2934 1633 2980 viros

27 3031 357 3050 *—

0 3139 1 3142 ¹
54 3076 166 3153 ’.ᾖ-μί)
207 3100 340 3139 Rhen.
381 3105 424 3139 et
463 3102 626 3140 Gelen.:
675 3103 830 3147 Quem
875 3102 1130 3141 imminem
1178 3125 1230 3131 -
1274 3103 1628 3152 negaverissss

0 3151 193 3204 3)ῑο011.
225 3157 346 3198 Fuld.
379 3161 421 3196 et
457 3159 582 3196 Haw:
622 3160 669 3196 in
710 3160 920 3197 coelum.
