1942 3554
294 181 401 231 162
753 181 841 217 AD
877 179 1242 218 NATmNEs
1279 179 1406 216 Lm.
1441 179 1490 215 11.
1920 155 1942 186 ²*

294 319 462 384 regula
490 327 668 375 vestra,
703 335 791 382 qua
816 319 861 364 in
888 318 1063 365 ceteiis
1087 318 1360 380 sapientiam
1385 315 1625 375 iudicatis,
1652 317 1939 367 auferendo
1934 325 1940 328 ’

292 406 514 438 summum
549 386 743 451 gradum
774 388 1007 444 auctoris,
1056 396 1104 435 et
1141 402 1261 451 quae
1298 387 1433 445 fiunt,
1488 403 1581 434 non
1611 403 1637 434 a
1668 404 1760 451 quo
1791 387 1939 447 fieri,¹

328 495 338 506 .
361 494 371 506 .
406 460 471 505 ila
502 456 703 505 credere
737 458 971 520 contingit
1009 458 1345 505 elementorum
1383 465 1643 520 potestates
1681 466 1732 506 et
1766 473 1849 505 ar.

291 544 422 586 esse,
455 543 572 591 quae
605 535 712 574 sunt
741 528 991 575 servitutes
1024 536 1071 575 et
1102 526 1268 574 officia.
1334 527 1480 576 Non
1466 543 1515 574 ιη
1545 528 1633 576 ista
1662 527 1940 598 investiga-tv

295 601 425 646 tione
457 599 517 645 ali
551 632 693 645 .....
712 614 766 645 us
798 598 993 644 artificis
1025 598 1147 644 intus
1179 606 1228 644 et
1258 596 1454 655 domini,
1488 598 1727 645 servitutis
1759 582 1937 666 autem}

291 686 385 716 non
429 667 663 715 tendimus
712 668 1074 725 elementorum,
1255 669 1414 731 operis
1455 683 1616 715 eorum
1655 683 1766 731 quas
1798 658 1940 723 iacis&

291 739 556 804 potestatis.
621 737 717 785 Sed
750 737 827 785 dei
860 755 951 784 non
984 738 1221 796 serviunt3
1257 753 1312 784 ea
1343 738 1508 800 igitur,
1542 752 1659 800 quae
1692 738 1936 795 serviunt&

295 809 374 857 dei
405 825 499 855 non
532 817 651 855 sunt.
722 808 816 855 Aut
847 807 1051 855 doceant
1081 807 1221 870 vulgo
1253 807 1378 865 fieri,
1418 815 1470 853 ut
1499 806 1557 854 de
1590 807 1782 854 licentia
1812 793 1936 872 pass&

296 880 494 926 sivitatis
526 879 720 925 libertas
751 877 1060 941 approbetur,
1095 876 1153 925 de
1179 877 1400 924 libertate
1434 875 1713 935 dominatio,
1749 875 1808 924 de
1834 875 1933 932 doec:

295 950 550 996 minatione
583 948 799 995 divinitas
832 948 1138 1010 intelligatur.
1215 946 1334 994 Nam
1366 948 1403 993 si
1440 947 1595 994 omnia
1625 946 1745 994 haec
1777 962 1862 1010 sup
1939 954 1942 956 ’

297 1035 384 1066 nos
417 1020 563 1066 certis
597 1019 869 1075 curriculis,
912 1018 1131 1080 legitimis
1163 1016 1461 1074 decursibus,
1500 1017 1703 1081 propriis
1735 933 1937 1091 ερ3ῐίἰῄ

298 1090 462 1151 aequis
494 1088 676 1135 vicibus
709 1088 792 1134 sub
826 1088 945 1150 legis
978 1088 1124 1134 instar
1161 1088 1417 1133 constituta
1453 1085 1698 1133 volvendis
1737 1095 1930 1150 tempoass.

297 1159 425 1205 ribus
459 1167 507 1205 et
539 1156 821 1205 exercendis
847 1165 1107 1219 temporum
1133 1155 1377 1203 ducatibus
1403 1171 1661 1204 occurrere
1693 1157 1931 1209 ηιοιηὶηθςί

294 1237 426 1284 runt,
471 1262 695 1275 ........
738 1243 798 1274 ex
842 1228 945 1289 ipsa
991 1225 1320 1273 observatione
1368 1224 1688 1273 conditionum
1731 1241 1930 1283 suarum

298 1307 347 1346 et
379 1297 470 1344 fide
504 1313 698 1361 operum
732 1306 779 1345 et
809 1297 1027 1344 instantia
1059 1330 1294 1343 ..........
1329 1304 1378 1344 et
1402 1310 1513 1342 cura
1539 1295 1935 1368 demutationumg

300 1369 527 1415 memoria
556 1368 986 1431 reciprocatorum,
1026 1367 1224 1430 aliquam
1265 1365 1628 1413 dominationem
1660 1365 1750 1413 sibi
1779 1380 1930 1430 prae*

299 1454 407 1487 esse
442 1436 763 1501 persuadeant
791 1437 949 1494 vobis,
983 1438 1057 1483 cui
1094 1451 1322 1499 apparere
1347 1435 1564 1484 videatur
1585 1437 1804 1484 universa
1834 1451 1922 1495 neq

302 1510 502 1572 gotiatio
535 1507 781 1555 mundialis
813 1508 1097 1571 perveniens
1131 1506 1189 1554 ad
1221 1507 1405 1553 humani
1439 1506 1632 1569 generis
1669 1493 1928 1571 utilitatem}

299 1588 348 1627 et
381 1613 520 1625 ......
556 1581 723 1626 onem?
760 1580 804 1635 1)
838 1577 947 1624 Non
981 1578 1100 1624 enim
1133 1585 1290 1640 potest
1328 1576 1516 1634 dicere,
1564 1591 1621 1624 ea
1652 1576 1741 1624 sibi
1773 1578 1925 1639 agere}

297 1650 388 1695 ista
421 1664 475 1695 ac
503 1648 588 1695 sibi
618 1664 785 1695 curare
818 1663 906 1694 nec
941 1649 1183 1710 quicquam
1209 1647 1443 1693 hominum
1461 1662 1627 1694 caussa
1651 1645 1925 1710 disponere,

301 1735 403 1766 eum
452 1727 705 1799 propterea
752 1717 979 1764 defendas
1032 1718 1279 1764 elementis
1336 1716 1649 1773 divinitatem,
1690 1715 1814 1779 quod
1860 1714 1925 1769 ab

299 1789 405 1836 aliis
438 1798 519 1835 aut
549 1789 698 1835 iuvari
730 1797 776 1834 te
810 1796 890 1834 aut
921 1786 1045 1833 laedi
1087 1788 1286 1845 sentias:
1331 1802 1434 1833 nam
1474 1787 1514 1832 si
1545 1785 1634 1833 sibi
1664 1777 1927 1850 praestant}

297 1859 412 1905 nihil
446 1860 514 1905 eis
547 1858 707 1905 debes.
1899 1870 1927 1898 a,

443 1932 490 1979 6.
552 1929 658 1991 Age
691 1930 804 1985 iam,
857 1925 1182 1975 conceditisne
1215 1926 1504 1974 divinitatem
1534 1943 1628 1974 non
1657 1924 1797 1973 modo
1828 1917 1925 1988 ηορ

299 1999 539 2047 serviliter
571 2015 791 2055 currere,
825 1997 910 2045 sed
940 1999 1150 2061 inprimis
1182 1998 1368 2061 integre
1399 2005 1549 2054 stare,
1588 2011 1741 2060 neque
1780 1989 1925 2049 ηιίηιέ

299 2084 454 2132 neque
488 2069 708 2148 intercipi
741 2084 894 2130 neque
929 2068 1164 2130 corrumpi
1189 2066 1380 2114 debere.
1432 2067 1651 2115 Ceterum
1677 2066 1793 2113 abiit
1824 2081 1923 2116 ont-g-

299 2142 372 2185 nis
405 2138 607 2185 felicitas
640 2139 764 2194 eius,
814 2138 854 2183 si
887 2137 996 2200 quid
1027 2139 1201 2199 patitur
1238 2153 1451 2201 unquam.
1484 2122 1658 2184 Ecce
1687 2144 1841 2185 autem
1874 2143 1931 2188 et

300 2217 430 2255 astra
459 2207 771 2264 intercidunt,
814 2215 862 2253 et
899 2206 1200 2253 intercidisse
1238 2223 1289 2254 se
1328 2215 1626 2254 attestantur.
1714 2205 1922 2263 confitea-

302 2286 377 2325 tur
408 2286 457 2324 et
489 2278 614 2334 luna,
649 2285 866 2340 quantum
897 2276 1128 2333 amiserit,
1170 2293 1272 2323 cum
1310 2277 1520 2323 resumit.
1614 2276 1710 2322 Iam
1747 2277 1931 2323 maiom-

304 2347 406 2395 eius
446 2346 727 2394 detrimenta
767 2347 931 2393 soletis
977 2347 1023 2392 in
1071 2361 1219 2409 aquae
1264 2346 1457 2408 speculo
1505 2343 1832 2403 considerare,
1873 2352 1928 2393 ul.

302 2417 422 2464 nihil
454 2417 650 2480 amplius
689 2417 828 2464 ullam
862 2450 976 2463 .....
1011 2415 1201 2463 credam
1240 2414 1363 2479 quod
1401 2417 1524 2478 magi
1555 2425 1741 2462 norunt.
1818 2415 1920 2478 Ipse

304 2488 446 2534 etiam
477 2487 548 2534 sol
579 2502 722 2550 saepe
756 2486 1026 2533 defectione
1058 2494 1263 2534 tentatus
1303 2493 1389 2533 est.
1464 2485 1648 2548 Fingite
1689 2485 1929 2549 quaslibet·

305 2558 516 2605 rationes
549 2558 824 2604 coelestium
857 2572 1083 2614 casuum,
1102 2573 1195 2603 non
1225 2556 1353 2603 volet
1379 2554 1494 2603 deus
1517 2564 1598 2603 aut
1619 2557 1772 2602 minor
1801 2554 1919 2613 fiel-‘3

305 2636 384 2673 aut
416 2643 522 2675 esse
556 2626 790 2674 desinere.
871 2626 1092 2674 Viderint
1127 2627 1271 2690 igitur
1300 2625 1529 2673 humanae
1563 2625 1806 2673 doctrinae
1838 2619 1923 2694 pas)

307 2698 531 2754 trocinia,
579 2713 697 2762 quae
739 2695 1037 2744 coniectandi
1074 2696 1273 2743 artificio
1320 2696 1594 2759 sapientiam
1640 2697 1925 2744 mentiunttff

307 2775 357 2812 et
385 2769 650 2814 veritatem.
691 2766 810 2814 Nam
829 2767 943 2814 alias
964 2775 1128 2814 natura
1153 2766 1220 2814 sic
1247 2774 1339 2823 est,
1373 2767 1518 2830 utqui
1536 2766 1700 2813 melius
1733 2761 1928 2827 dixerit}

308 2835 382 2882 hic
415 2837 575 2883 verius
609 2836 784 2884 dixisse
816 2836 1053 2895 videatur,
1094 2853 1184 2884 non
1219 2837 1294 2900 qui
1333 2837 1512 2893 verius,
1544 2837 1582 2882 is
1614 2836 1795 2883 melius.
1900 2888 1909 2897 Δ

1893 2914 1912 2949 ,ζ

422 3059 465 3106 1)
498 3060 782 3098 Gothofredus
807 3062 1100 3098 utilitatem
1135 3071 1226 3097 seu
1249 3059 1636 3097 accessionem?
1666 3059 1841 3096 Havete.
1870 3053 1920 3107 αι]

309 3113 426 3162 Apol.
445 3116 515 3152 13:
546 3116 658 3152 util.
691 3119 738 3152 et
766 3117 1078 3154 laesionem?
1899 3125 1904 3127 ’
