<?xml version="1.0" encoding="UTF-8"?>
<!DOCTYPE html PUBLIC "-//W3C//DTD XHTML 1.0 Transitional//EN"
    "http://www.w3.org/TR/xhtml1/DTD/xhtml1-transitional.dtd">
<html xmlns="http://www.w3.org/1999/xhtml" xml:lang="en" lang="en">
 <head>
  <title>
</title>
<meta http-equiv="Content-Type" content="text/html;charset=utf-8" />
  <meta name='ocr-system' content='tesseract 3.04.00' />
  <meta name='ocr-capabilities' content='ocr_page ocr_carea ocr_par ocr_line ocrx_word'/>
</head>
<body>
  <div class='ocr_page' id='page_1' title='image "./operatert12tertuoft_0078.png"; bbox 0 0 1942 3554; ppageno 0'>
   <div class='ocr_carea' id='block_1_1' title="bbox 313 0 1942 252">
    <p class='ocr_par' dir='ltr' id='par_1_1' title="bbox 313 0 1942 260">
     <span class='ocr_line' id='line_1_1' title="bbox 1805 0 1942 143; baseline -0.109 2"><span class='ocrx_word' id='word_1_1' title='bbox 1805 0 1942 143; x_wconf 70' lang='grc' dir='ltr'>Ξ</span> 
     </span>
     <span class='ocr_line' id='line_1_2' title="bbox 313 185 1942 252; baseline -0.018 0"><span class='ocrx_word' id='word_1_2' title='bbox 313 201 394 252; x_wconf 83' lang='grc'><strong>66</strong></span> <span class='ocrx_word' id='word_1_3' title='bbox 833 198 1413 245; x_wconf 70' lang='lat' dir='ltr'><strong>Aronoenricus.</strong></span> <span class='ocrx_word' id='word_1_4' title='bbox 1883 185 1942 232; x_wconf 80' lang='grc' dir='ltr'><strong>,;ῑ</strong></span> 
     </span>
    </p>
   </div>
   <div class='ocr_carea' id='block_1_2' title="bbox 313 335 1942 2989">
    <p class='ocr_par' dir='ltr' id='par_1_2' title="bbox 313 335 1942 1524">
     <span class='ocr_line' id='line_1_3' title="bbox 313 335 1942 399; baseline -0.002 -10"><span class='ocrx_word' id='word_1_5' title='bbox 313 343 457 399; x_wconf 88' lang='lat' dir='ltr'><strong>certi,</strong></span> <span class='ocrx_word' id='word_1_6' title='bbox 504 341 657 388; x_wconf 89' lang='lat' dir='ltr'><strong>locum</strong></span> <span class='ocrx_word' id='word_1_7' title='bbox 689 356 781 386; x_wconf 91' lang='lat' dir='ltr'><strong>non</strong></span> <span class='ocrx_word' id='word_1_8' title='bbox 813 338 975 393; x_wconf 82' lang='lat' dir='ltr'><strong>habet,</strong></span> <span class='ocrx_word' id='word_1_9' title='bbox 1029 337 1106 384; x_wconf 92' lang='lat' dir='ltr'><strong>ubi</strong></span> <span class='ocrx_word' id='word_1_10' title='bbox 1147 347 1326 386; x_wconf 90' lang='lat' dir='ltr'><strong>certum</strong></span> <span class='ocrx_word' id='word_1_11' title='bbox 1364 345 1454 385; x_wconf 89' lang='lat' dir='ltr'><strong>est.</strong></span> <span class='ocrx_word' id='word_1_12' title='bbox 1529 335 1604 385; x_wconf 90' lang='lat' dir='ltr'><strong>An</strong></span> <span class='ocrx_word' id='word_1_13' title='bbox 1635 353 1750 386; x_wconf 86' lang='lat' dir='ltr'><strong>vero</strong></span> <span class='ocrx_word' id='word_1_14' title='bbox 1783 339 1942 396; x_wconf 62' lang='lat' dir='ltr'><strong>samm</strong></span> 
     </span>
     <span class='ocr_line' id='line_1_4' title="bbox 313 398 1942 470; baseline -0.001 -12"><span class='ocrx_word' id='word_1_15' title='bbox 313 410 501 468; x_wconf 88' lang='lat' dir='ltr'><strong>credat,</strong></span> <span class='ocrx_word' id='word_1_16' title='bbox 555 411 643 456; x_wconf 91' lang='lat' dir='ltr'><strong>nisi</strong></span> <span class='ocrx_word' id='word_1_17' title='bbox 675 407 1079 455; x_wconf 82' lang='lat' dir='ltr'><strong>inconsideratus?</strong></span> <span class='ocrx_word' id='word_1_18' title='bbox 1147 407 1235 467; x_wconf 82' lang='lat' dir='ltr'><strong>Qui</strong></span> <span class='ocrx_word' id='word_1_19' title='bbox 1273 416 1346 455; x_wconf 89' lang='lat' dir='ltr'><strong>est</strong></span> <span class='ocrx_word' id='word_1_20' title='bbox 1383 406 1617 470; x_wconf 37' lang='lat' dir='ltr'><strong>sapiens,</strong></span> <span class='ocrx_word' id='word_1_21' title='bbox 1647 424 1740 455; x_wconf 90' lang='lat' dir='ltr'><strong>non</strong></span> <span class='ocrx_word' id='word_1_22' title='bbox 1781 398 1942 466; x_wconf 68' lang='lat' dir='ltr'><strong>credit</strong></span> 
     </span>
     <span class='ocr_line' id='line_1_5' title="bbox 315 477 1942 542; baseline -0.002 -15"><span class='ocrx_word' id='word_1_23' title='bbox 315 483 499 528; x_wconf 83' lang='lat' dir='ltr'><strong>incerto</strong></span> <span class='ocrx_word' id='word_1_24' title='bbox 518 477 580 541; x_wconf 88' lang='lat'><strong>¹).</strong></span> <span class='ocrx_word' id='word_1_25' title='bbox 659 477 869 526; x_wconf 85' lang='lat' dir='ltr'>Omnium</span> <span class='ocrx_word' id='word_1_26' title='bbox 909 485 981 524; x_wconf 89' lang='lat' dir='ltr'><strong>est</strong></span> <span class='ocrx_word' id='word_1_27' title='bbox 1010 478 1285 536; x_wconf 86' lang='lat' dir='ltr'><strong>aestimare,</strong></span> <span class='ocrx_word' id='word_1_28' title='bbox 1332 486 1689 542; x_wconf 85' lang='lat' dir='ltr'><strong>quantacunque</strong></span> <span class='ocrx_word' id='word_1_29' title='bbox 1727 477 1808 525; x_wconf 89' lang='lat' dir='ltr'><strong>illa</strong></span> <span class='ocrx_word' id='word_1_30' title='bbox 1839 494 1942 534; x_wconf 55' lang='lat' dir='ltr'><strong>ami·</strong></span> 
     </span>
     <span class='ocr_line' id='line_1_6' title="bbox 315 548 1942 611; baseline -0.001 -14"><span class='ocrx_word' id='word_1_31' title='bbox 315 551 495 598; x_wconf 86' lang='lat' dir='ltr'><strong>bitione</strong></span> <span class='ocrx_word' id='word_1_32' title='bbox 528 549 695 596; x_wconf 85' lang='lat' dir='ltr'><strong>diffusa</strong></span> <span class='ocrx_word' id='word_1_33' title='bbox 726 550 810 605; x_wconf 90' lang='lat' dir='ltr'><strong>sit,</strong></span> <span class='ocrx_word' id='word_1_34' title='bbox 859 555 1215 611; x_wconf 88' lang='lat' dir='ltr'><strong>quantacunque</strong></span> <span class='ocrx_word' id='word_1_35' title='bbox 1254 548 1607 595; x_wconf 73' lang='lat' dir='ltr'><strong>asseveratione</strong></span> <span class='ocrx_word' id='word_1_36' title='bbox 1648 556 1942 606; x_wconf 50' lang='lat' dir='ltr'><strong>constructo}</strong></span> 
     </span>
     <span class='ocr_line' id='line_1_7' title="bbox 317 616 1942 680; baseline 0.001 -14"><span class='ocrx_word' id='word_1_37' title='bbox 317 619 450 678; x_wconf 84' lang='lat' dir='ltr'><strong>Quod</strong></span> <span class='ocrx_word' id='word_1_38' title='bbox 496 619 553 666; x_wconf 90' lang='lat' dir='ltr'><strong>ab</strong></span> <span class='ocrx_word' id='word_1_39' title='bbox 600 635 693 665; x_wconf 92' lang='lat' dir='ltr'><strong>uno</strong></span> <span class='ocrx_word' id='word_1_40' title='bbox 741 616 989 680; x_wconf 89' lang='lat' dir='ltr'><strong>aliquando</strong></span> <span class='ocrx_word' id='word_1_41' title='bbox 1035 617 1246 680; x_wconf 84' lang='lat' dir='ltr'><strong>principe</strong></span> <span class='ocrx_word' id='word_1_42' title='bbox 1292 626 1457 665; x_wconf 83' lang='lat' dir='ltr'><strong>exorta</strong></span> <span class='ocrx_word' id='word_1_43' title='bbox 1496 617 1577 675; x_wconf 91' lang='lat' dir='ltr'><strong>sit,</strong></span> <span class='ocrx_word' id='word_1_44' title='bbox 1625 632 1823 665; x_wconf 86' lang='lat' dir='ltr'><strong>necesse</strong></span> <span class='ocrx_word' id='word_1_45' title='bbox 1864 623 1942 675; x_wconf 66' lang='lat' dir='ltr'><strong>ebt</strong></span> 
     </span>
     <span class='ocr_line' id='line_1_8' title="bbox 314 686 1942 751; baseline 0 -14"><span class='ocrx_word' id='word_1_46' title='bbox 314 689 533 737; x_wconf 83' lang='lat' dir='ltr'><strong>exinde</strong></span> <span class='ocrx_word' id='word_1_47' title='bbox 520 706 567 736; x_wconf 91' lang='lat' dir='ltr'><strong>1n</strong></span> <span class='ocrx_word' id='word_1_48' title='bbox 599 688 818 735; x_wconf 82' lang='lat' dir='ltr'><strong>traduces</strong></span> <span class='ocrx_word' id='word_1_49' title='bbox 851 687 1106 750; x_wconf 83' lang='lat' dir='ltr'><strong>linguarum</strong></span> <span class='ocrx_word' id='word_1_50' title='bbox 1140 695 1187 733; x_wconf 85' lang='lat' dir='ltr'><strong>et</strong></span> <span class='ocrx_word' id='word_1_51' title='bbox 1217 688 1395 734; x_wconf 89' lang='lat' dir='ltr'><strong>aurium</strong></span> <span class='ocrx_word' id='word_1_52' title='bbox 1426 695 1600 751; x_wconf 84' lang='lat' dir='ltr'><strong>serpat.</strong></span> <span class='ocrx_word' id='word_1_53' title='bbox 1651 686 1712 734; x_wconf 83' lang='lat' dir='ltr'><strong>Et</strong></span> <span class='ocrx_word' id='word_1_54' title='bbox 1741 688 1808 735; x_wconf 90' lang='lat' dir='ltr'><strong>ita</strong></span> <span class='ocrx_word' id='word_1_55' title='bbox 1836 704 1942 749; x_wconf 44' lang='lat' dir='ltr'><strong>mse«</strong></span> 
     </span>
     <span class='ocr_line' id='line_1_9' title="bbox 320 755 1942 815; baseline 0 -8"><span class='ocrx_word' id='word_1_56' title='bbox 320 759 414 807; x_wconf 91' lang='lat' dir='ltr'><strong>dici</strong></span> <span class='ocrx_word' id='word_1_57' title='bbox 446 760 635 807; x_wconf 88' lang='lat' dir='ltr'><strong>seminis</strong></span> <span class='ocrx_word' id='word_1_58' title='bbox 666 759 826 805; x_wconf 88' lang='lat' dir='ltr'><strong>vitium</strong></span> <span class='ocrx_word' id='word_1_59' title='bbox 869 765 1029 804; x_wconf 87' lang='lat' dir='ltr'><strong>cetera</strong></span> <span class='ocrx_word' id='word_1_60' title='bbox 1067 757 1265 804; x_wconf 85' lang='lat' dir='ltr'><strong>rumoris</strong></span> <span class='ocrx_word' id='word_1_61' title='bbox 1306 755 1550 815; x_wconf 85' lang='lat' dir='ltr'><strong>obscurat,</strong></span> <span class='ocrx_word' id='word_1_62' title='bbox 1603 765 1654 804; x_wconf 92' lang='lat' dir='ltr'><strong>ut</strong></span> <span class='ocrx_word' id='word_1_63' title='bbox 1691 773 1827 805; x_wconf 92' lang='lat' dir='ltr'><strong>nemo</strong></span> <span class='ocrx_word' id='word_1_64' title='bbox 1858 773 1942 814; x_wconf 60' lang='lat' dir='ltr'><strong>ref</strong></span> 
     </span>
     <span class='ocr_line' id='line_1_10' title="bbox 320 825 1942 893; baseline -0.001 -17"><span class='ocrx_word' id='word_1_65' title='bbox 320 831 524 893; x_wconf 76' lang='lat' dir='ltr'><strong>cogitet,</strong></span> <span class='ocrx_word' id='word_1_66' title='bbox 565 845 624 876; x_wconf 89' lang='lat' dir='ltr'><strong>ne</strong></span> <span class='ocrx_word' id='word_1_67' title='bbox 657 829 850 891; x_wconf 89' lang='lat' dir='ltr'><strong>primum</strong></span> <span class='ocrx_word' id='word_1_68' title='bbox 882 826 994 874; x_wconf 92' lang='lat' dir='ltr'><strong>illud</strong></span> <span class='ocrx_word' id='word_1_69' title='bbox 1033 844 1085 873; x_wconf 91' lang='lat' dir='ltr'><strong>os</strong></span> <span class='ocrx_word' id='word_1_70' title='bbox 1117 825 1407 874; x_wconf 84' lang='lat' dir='ltr'><strong>mendacium</strong></span> <span class='ocrx_word' id='word_1_71' title='bbox 1438 826 1764 885; x_wconf 82' lang='lat' dir='ltr'><strong>seminaverit,</strong></span> <span class='ocrx_word' id='word_1_72' title='bbox 1813 828 1942 892; x_wconf 60' lang='lat' dir='ltr'><strong>quoii</strong></span> 
     </span>
     <span class='ocr_line' id='line_1_11' title="bbox 316 896 1942 963; baseline 0 -16"><span class='ocrx_word' id='word_1_73' title='bbox 316 915 464 963; x_wconf 83' lang='lat' dir='ltr'><strong>saepe</strong></span> <span class='ocrx_word' id='word_1_74' title='bbox 497 899 548 945; x_wconf 91' lang='lat' dir='ltr'><strong>fit</strong></span> <span class='ocrx_word' id='word_1_75' title='bbox 579 907 658 946; x_wconf 88' lang='lat' dir='ltr'><strong>aut</strong></span> <span class='ocrx_word' id='word_1_76' title='bbox 688 900 880 961; x_wconf 84' lang='lat' dir='ltr'><strong>ingenio</strong></span> <span class='ocrx_word' id='word_1_77' title='bbox 914 898 1260 954; x_wconf 76' lang='lat' dir='ltr'><strong>aemulationis,</strong></span> <span class='ocrx_word' id='word_1_78' title='bbox 1301 905 1381 963; x_wconf 82' lang='lat' dir='ltr'><strong>aut</strong></span> <span class='ocrx_word' id='word_1_79' title='bbox 1410 896 1606 944; x_wconf 85' lang='lat' dir='ltr'><strong>arbitrio</strong></span> <span class='ocrx_word' id='word_1_80' title='bbox 1638 898 1942 961; x_wconf 57' lang='lat' dir='ltr'><strong>suspicionis]</strong></span> 
     </span>
     <span class='ocr_line' id='line_1_12' title="bbox 316 965 1942 1032; baseline 0.001 -16"><span class='ocrx_word' id='word_1_81' title='bbox 316 980 397 1016; x_wconf 87' lang='lat' dir='ltr'><strong>aut</strong></span> <span class='ocrx_word' id='word_1_82' title='bbox 429 986 521 1016; x_wconf 92' lang='lat' dir='ltr'><strong>non</strong></span> <span class='ocrx_word' id='word_1_83' title='bbox 552 986 694 1025; x_wconf 87' lang='lat' dir='ltr'><strong>nova,</strong></span> <span class='ocrx_word' id='word_1_84' title='bbox 729 967 814 1014; x_wconf 86' lang='lat' dir='ltr'><strong>sed</strong></span> <span class='ocrx_word' id='word_1_85' title='bbox 846 968 1055 1031; x_wconf 85' lang='lat' dir='ltr'><strong>ingenita</strong></span> <span class='ocrx_word' id='word_1_86' title='bbox 1089 965 1361 1030; x_wconf 90' lang='lat' dir='ltr'><strong>quibusdam</strong></span> <span class='ocrx_word' id='word_1_87' title='bbox 1393 966 1648 1014; x_wconf 89' lang='lat' dir='ltr'><strong>mentiendi</strong></span> <span class='ocrx_word' id='word_1_88' title='bbox 1678 968 1942 1032; x_wconf 78' lang='lat' dir='ltr'><strong>voluptate..</strong></span> 
     </span>
     <span class='ocr_line' id='line_1_13' title="bbox 318 1037 1942 1101; baseline 0.001 -15"><span class='ocrx_word' id='word_1_89' title='bbox 318 1039 448 1086; x_wconf 90' lang='lat' dir='ltr'><strong>Bene</strong></span> <span class='ocrx_word' id='word_1_90' title='bbox 490 1048 667 1096; x_wconf 88' lang='lat' dir='ltr'><strong>autem,</strong></span> <span class='ocrx_word' id='word_1_91' title='bbox 724 1037 847 1101; x_wconf 89' lang='lat' dir='ltr'><strong>quod</strong></span> <span class='ocrx_word' id='word_1_92' title='bbox 888 1038 1040 1084; x_wconf 89' lang='lat' dir='ltr'><strong>omnia</strong></span> <span class='ocrx_word' id='word_1_93' title='bbox 1085 1046 1263 1100; x_wconf 88' lang='lat' dir='ltr'><strong>tempus</strong></span> <span class='ocrx_word' id='word_1_94' title='bbox 1305 1037 1508 1094; x_wconf 82' lang='lat' dir='ltr'><strong>revelat,</strong></span> <span class='ocrx_word' id='word_1_95' title='bbox 1561 1037 1757 1086; x_wconf 85' lang='lat' dir='ltr'><strong>testibus</strong></span> <span class='ocrx_word' id='word_1_96' title='bbox 1796 1039 1942 1087; x_wconf 64' lang='lat' dir='ltr'><strong>etiams</strong></span> 
     </span>
     <span class='ocr_line' id='line_1_14' title="bbox 314 1105 1942 1173; baseline 0.002 -17"><span class='ocrx_word' id='word_1_97' title='bbox 314 1111 489 1157; x_wconf 87' lang='lat' dir='ltr'><strong>vestris</strong></span> <span class='ocrx_word' id='word_1_98' title='bbox 520 1109 785 1173; x_wconf 89' lang='lat' dir='ltr'><strong>proverbiis</strong></span> <span class='ocrx_word' id='word_1_99' title='bbox 817 1117 954 1171; x_wconf 88' lang='lat' dir='ltr'><strong>atque</strong></span> <span class='ocrx_word' id='word_1_100' title='bbox 988 1108 1255 1165; x_wconf 86' lang='lat' dir='ltr'><strong>sententiis,</strong></span> <span class='ocrx_word' id='word_1_101' title='bbox 1290 1123 1351 1155; x_wconf 82' lang='lat' dir='ltr'><strong>ex</strong></span> <span class='ocrx_word' id='word_1_102' title='bbox 1382 1105 1691 1171; x_wconf 87' lang='lat' dir='ltr'><strong>dispositione</strong></span> <span class='ocrx_word' id='word_1_103' title='bbox 1724 1117 1942 1159; x_wconf 82' lang='lat' dir='ltr'><strong>naturae.</strong></span> 
     </span>
     <span class='ocr_line' id='line_1_15' title="bbox 318 1176 1942 1243; baseline 0.001 -18"><span class='ocrx_word' id='word_1_104' title='bbox 318 1195 438 1243; x_wconf 90' lang='lat' dir='ltr'><strong>quae</strong></span> <span class='ocrx_word' id='word_1_105' title='bbox 484 1180 550 1227; x_wconf 89' lang='lat' dir='ltr'><strong>ita</strong></span> <span class='ocrx_word' id='word_1_106' title='bbox 589 1178 846 1235; x_wconf 84' lang='lat' dir='ltr'><strong>ordinavit,</strong></span> <span class='ocrx_word' id='word_1_107' title='bbox 894 1187 943 1224; x_wconf 88' lang='lat' dir='ltr'><strong>ut</strong></span> <span class='ocrx_word' id='word_1_108' title='bbox 980 1177 1093 1224; x_wconf 87' lang='lat' dir='ltr'><strong>nihil</strong></span> <span class='ocrx_word' id='word_1_109' title='bbox 1135 1176 1211 1224; x_wconf 90' lang='lat' dir='ltr'><strong>diu</strong></span> <span class='ocrx_word' id='word_1_110' title='bbox 1252 1178 1417 1235; x_wconf 86' lang='lat' dir='ltr'><strong>lateat,</strong></span> <span class='ocrx_word' id='word_1_111' title='bbox 1466 1178 1604 1225; x_wconf 83' lang='lat' dir='ltr'><strong>etiam</strong></span> <span class='ocrx_word' id='word_1_112' title='bbox 1655 1178 1779 1242; x_wconf 89' lang='lat' dir='ltr'><strong>quod</strong></span> <span class='ocrx_word' id='word_1_113' title='bbox 1818 1180 1942 1227; x_wconf 65' lang='lat' dir='ltr'><strong>fama-1</strong></span> 
     </span>
     <span class='ocr_line' id='line_1_16' title="bbox 319 1246 1942 1311; baseline -0.001 -16"><span class='ocrx_word' id='word_1_114' title='bbox 319 1266 413 1296; x_wconf 92' lang='lat' dir='ltr'><strong>non</strong></span> <span class='ocrx_word' id='word_1_115' title='bbox 453 1247 649 1295; x_wconf 88' lang='lat' dir='ltr'><strong>distulit.</strong></span> <span class='ocrx_word' id='word_1_116' title='bbox 724 1249 898 1295; x_wconf 85' lang='lat' dir='ltr'><strong>Merito</strong></span> <span class='ocrx_word' id='word_1_117' title='bbox 939 1248 1084 1311; x_wconf 85' lang='lat' dir='ltr'><strong>igitur</strong></span> <span class='ocrx_word' id='word_1_118' title='bbox 1122 1247 1240 1294; x_wconf 69' lang='lat' dir='ltr'><strong>fama</strong></span> <span class='ocrx_word' id='word_1_119' title='bbox 1281 1246 1453 1294; x_wconf 91' lang='lat' dir='ltr'><strong>tamdiu</strong></span> <span class='ocrx_word' id='word_1_120' title='bbox 1492 1249 1684 1296; x_wconf 86' lang='lat' dir='ltr'><strong>conscia</strong></span> <span class='ocrx_word' id='word_1_121' title='bbox 1728 1249 1830 1296; x_wconf 83' lang='lat' dir='ltr'><strong>sola</strong></span> <span class='ocrx_word' id='word_1_122' title='bbox 1868 1262 1942 1298; x_wconf 53' lang='lat' dir='ltr'><strong>esu</strong></span> 
     </span>
     <span class='ocr_line' id='line_1_17' title="bbox 318 1316 1942 1383; baseline 0.001 -17"><span class='ocrx_word' id='word_1_123' title='bbox 318 1320 551 1366; x_wconf 85' lang='lat' dir='ltr'><strong>scelerum</strong></span> <span class='ocrx_word' id='word_1_124' title='bbox 572 1318 960 1365; x_wconf 86' lang='lat' dir='ltr'><strong>Christianorum.</strong></span> <span class='ocrx_word' id='word_1_125' title='bbox 1012 1318 1141 1364; x_wconf 88' lang='lat' dir='ltr'><strong>Hanc</strong></span> <span class='ocrx_word' id='word_1_126' title='bbox 1167 1316 1367 1364; x_wconf 90' lang='lat' dir='ltr'><strong>indicem</strong></span> <span class='ocrx_word' id='word_1_127' title='bbox 1394 1316 1618 1366; x_wconf 85' lang='lat' dir='ltr'><strong>adversus</strong></span> <span class='ocrx_word' id='word_1_128' title='bbox 1644 1335 1729 1366; x_wconf 88' lang='lat' dir='ltr'><strong>nos</strong></span> <span class='ocrx_word' id='word_1_129' title='bbox 1754 1319 1942 1383; x_wconf 84' lang='lat' dir='ltr'><strong>profer-</strong></span> 
     </span>
     <span class='ocr_line' id='line_1_18' title="bbox 319 1387 1942 1453; baseline -0.001 -17"><span class='ocrx_word' id='word_1_130' title='bbox 319 1390 404 1447; x_wconf 86' lang='lat' dir='ltr'><strong>tis,</strong></span> <span class='ocrx_word' id='word_1_131' title='bbox 439 1405 580 1453; x_wconf 88' lang='lat' dir='ltr'><strong>quae,</strong></span> <span class='ocrx_word' id='word_1_132' title='bbox 615 1388 739 1452; x_wconf 88' lang='lat' dir='ltr'><strong>quod</strong></span> <span class='ocrx_word' id='word_1_133' title='bbox 771 1387 1017 1452; x_wconf 87' lang='lat' dir='ltr'><strong>aliquando</strong></span> <span class='ocrx_word' id='word_1_134' title='bbox 1050 1389 1242 1435; x_wconf 88' lang='lat' dir='ltr'><strong>iactavit</strong></span> <span class='ocrx_word' id='word_1_135' title='bbox 1273 1396 1496 1452; x_wconf 86' lang='lat' dir='ltr'><strong>tantoque</strong></span> <span class='ocrx_word' id='word_1_136' title='bbox 1528 1390 1752 1452; x_wconf 89' lang='lat' dir='ltr'><strong>temporis</strong></span> <span class='ocrx_word' id='word_1_137' title='bbox 1784 1391 1942 1453; x_wconf 44' lang='lat' dir='ltr'><strong>spatie*</strong></span> 
     </span>
     <span class='ocr_line' id='line_1_19' title="bbox 321 1457 1920 1524; baseline 0.001 -18"><span class='ocrx_word' id='word_1_138' title='bbox 321 1460 367 1506; x_wconf 91' lang='lat' dir='ltr'><strong>in</strong></span> <span class='ocrx_word' id='word_1_139' title='bbox 395 1460 661 1524; x_wconf 87' lang='lat' dir='ltr'><strong>opinionem</strong></span> <span class='ocrx_word' id='word_1_140' title='bbox 688 1459 1029 1515; x_wconf 84' lang='lat' dir='ltr'><strong>corroboravit,</strong></span> <span class='ocrx_word' id='word_1_141' title='bbox 1061 1474 1208 1521; x_wconf 90' lang='lat' dir='ltr'><strong>usque</strong></span> <span class='ocrx_word' id='word_1_142' title='bbox 1240 1457 1390 1505; x_wconf 87' lang='lat' dir='ltr'><strong>adhuc</strong></span> <span class='ocrx_word' id='word_1_143' title='bbox 1422 1457 1625 1522; x_wconf 86' lang='lat' dir='ltr'><strong>probare</strong></span> <span class='ocrx_word' id='word_1_144' title='bbox 1657 1476 1750 1506; x_wconf 88' lang='lat' dir='ltr'><strong>non</strong></span> <span class='ocrx_word' id='word_1_145' title='bbox 1781 1460 1920 1507; x_wconf 82' lang='lat' dir='ltr'><strong>valuit</strong></span> 
     </span>
    </p>

    <p class='ocr_par' dir='ltr' id='par_1_3' title="bbox 320 1526 1942 2989">
     <span class='ocr_line' id='line_1_20' title="bbox 463 1526 1942 1594; baseline 0.003 -19"><span class='ocrx_word' id='word_1_146' title='bbox 463 1527 513 1579; x_wconf 87' lang='lat'><strong>8.</strong></span> <span class='ocrx_word' id='word_1_147' title='bbox 558 1529 619 1575; x_wconf 91' lang='lat' dir='ltr'><strong>Ut</strong></span> <span class='ocrx_word' id='word_1_148' title='bbox 649 1528 785 1575; x_wconf 88' lang='lat' dir='ltr'><strong>fidem</strong></span> <span class='ocrx_word' id='word_1_149' title='bbox 820 1537 1014 1574; x_wconf 84' lang='lat' dir='ltr'><strong>naturae</strong></span> <span class='ocrx_word' id='word_1_150' title='bbox 1047 1528 1189 1590; x_wconf 87' lang='lat' dir='ltr'><strong>ipsius</strong></span> <span class='ocrx_word' id='word_1_151' title='bbox 1221 1528 1451 1591; x_wconf 87' lang='lat' dir='ltr'><strong>appellem</strong></span> <span class='ocrx_word' id='word_1_152' title='bbox 1476 1526 1701 1576; x_wconf 83' lang='lat' dir='ltr'><strong>adversus</strong></span> <span class='ocrx_word' id='word_1_153' title='bbox 1727 1546 1828 1588; x_wconf 80' lang='lat' dir='ltr'><strong>eoS,</strong></span> <span class='ocrx_word' id='word_1_154' title='bbox 1862 1546 1942 1594; x_wconf 66' lang='lat' dir='ltr'><strong>qu·⁴</strong></span> 
     </span>
     <span class='ocr_line' id='line_1_21' title="bbox 322 1597 1933 1661; baseline 0.002 -17"><span class='ocrx_word' id='word_1_155' title='bbox 322 1598 434 1645; x_wconf 86' lang='lat' dir='ltr'><strong>talia</strong></span> <span class='ocrx_word' id='word_1_156' title='bbox 481 1597 716 1645; x_wconf 85' lang='lat' dir='ltr'><strong>credenda</strong></span> <span class='ocrx_word' id='word_1_157' title='bbox 763 1613 868 1645; x_wconf 88' lang='lat' dir='ltr'><strong>csse</strong></span> <span class='ocrx_word' id='word_1_158' title='bbox 906 1606 1224 1660; x_wconf 83' lang='lat' dir='ltr'><strong>praesumunt,</strong></span> <span class='ocrx_word' id='word_1_159' title='bbox 1281 1613 1396 1645; x_wconf 87' lang='lat' dir='ltr'><strong>ecce</strong></span> <span class='ocrx_word' id='word_1_160' title='bbox 1435 1599 1738 1661; x_wconf 89' lang='lat' dir='ltr'><strong>proponimus</strong></span> <span class='ocrx_word' id='word_1_161' title='bbox 1776 1600 1933 1648; x_wconf 87' lang='lat' dir='ltr'><strong>horun-</strong></span> 
     </span>
     <span class='ocr_line' id='line_1_22' title="bbox 323 1667 1916 1731; baseline 0.002 -16"><span class='ocrx_word' id='word_1_162' title='bbox 323 1669 586 1715; x_wconf 88' lang='lat' dir='ltr'><strong>facinorum</strong></span> <span class='ocrx_word' id='word_1_163' title='bbox 617 1667 912 1726; x_wconf 66' lang='lat' dir='ltr'><strong>mercedem,</strong></span> <span class='ocrx_word' id='word_1_164' title='bbox 969 1668 1110 1714; x_wconf 89' lang='lat' dir='ltr'><strong>vitam</strong></span> <span class='ocrx_word' id='word_1_165' title='bbox 1144 1675 1383 1714; x_wconf 87' lang='lat' dir='ltr'><strong>aeternam</strong></span> <span class='ocrx_word' id='word_1_166' title='bbox 1416 1670 1759 1731; x_wconf 88' lang='lat' dir='ltr'><strong>repromittunt.</strong></span> <span class='ocrx_word' id='word_1_167' title='bbox 1824 1669 1916 1719; x_wconf 86' lang='lat' dir='ltr'><strong>Cre</strong></span> 
     </span>
     <span class='ocr_line' id='line_1_23' title="bbox 324 1737 1918 1802; baseline 0.003 -18"><span class='ocrx_word' id='word_1_168' title='bbox 324 1737 419 1785; x_wconf 85' lang='lat' dir='ltr'><strong>dite</strong></span> <span class='ocrx_word' id='word_1_169' title='bbox 452 1739 655 1784; x_wconf 87' lang='lat' dir='ltr'><strong>interim.</strong></span> <span class='ocrx_word' id='word_1_170' title='bbox 734 1738 806 1785; x_wconf 93' lang='lat' dir='ltr'><strong>De</strong></span> <span class='ocrx_word' id='word_1_171' title='bbox 839 1738 928 1784; x_wconf 93' lang='lat' dir='ltr'><strong>hoc</strong></span> <span class='ocrx_word' id='word_1_172' title='bbox 962 1739 1084 1784; x_wconf 89' lang='lat' dir='ltr'><strong>enim</strong></span> <span class='ocrx_word' id='word_1_173' title='bbox 1118 1754 1318 1801; x_wconf 84' lang='lat' dir='ltr'><strong>quaero,</strong></span> <span class='ocrx_word' id='word_1_174' title='bbox 1374 1755 1430 1784; x_wconf 91' lang='lat' dir='ltr'><strong>an</strong></span> <span class='ocrx_word' id='word_1_175' title='bbox 1465 1747 1513 1785; x_wconf 93' lang='lat' dir='ltr'><strong>et</strong></span> <span class='ocrx_word' id='word_1_176' title='bbox 1543 1739 1620 1802; x_wconf 92' lang='lat' dir='ltr'><strong>qui</strong></span> <span class='ocrx_word' id='word_1_177' title='bbox 1653 1739 1918 1791; x_wconf 82' lang='lat' dir='ltr'><strong>credideris</strong></span> 
     </span>
     <span class='ocr_line' id='line_1_24' title="bbox 322 1807 1923 1870; baseline 0.002 -16"><span class='ocrx_word' id='word_1_178' title='bbox 322 1809 438 1854; x_wconf 89' lang='lat' dir='ltr'><strong>tanti</strong></span> <span class='ocrx_word' id='word_1_179' title='bbox 470 1807 643 1854; x_wconf 89' lang='lat' dir='ltr'><strong>habeas</strong></span> <span class='ocrx_word' id='word_1_180' title='bbox 676 1807 734 1855; x_wconf 89' lang='lat' dir='ltr'><strong>ad</strong></span> <span class='ocrx_word' id='word_1_181' title='bbox 766 1823 866 1854; x_wconf 86' lang='lat' dir='ltr'><strong>eam</strong></span> <span class='ocrx_word' id='word_1_182' title='bbox 902 1808 979 1854; x_wconf 89' lang='lat' dir='ltr'><strong>tali</strong></span> <span class='ocrx_word' id='word_1_183' title='bbox 1014 1809 1305 1855; x_wconf 86' lang='lat' dir='ltr'><strong>conscientia</strong></span> <span class='ocrx_word' id='word_1_184' title='bbox 1337 1810 1605 1870; x_wconf 85' lang='lat' dir='ltr'><strong>pervenire.</strong></span> <span class='ocrx_word' id='word_1_185' title='bbox 1677 1808 1821 1868; x_wconf 92' lang='lat' dir='ltr'><strong>Veni,</strong></span> <span class='ocrx_word' id='word_1_186' title='bbox 1857 1809 1923 1859; x_wconf 81' lang='lat' dir='ltr'><strong>de-</strong></span> 
     </span>
     <span class='ocr_line' id='line_1_25' title="bbox 322 1878 1923 1940; baseline 0.002 -16"><span class='ocrx_word' id='word_1_187' title='bbox 322 1893 485 1940; x_wconf 85' lang='lat' dir='ltr'><strong>merge</strong></span> <span class='ocrx_word' id='word_1_188' title='bbox 519 1878 693 1924; x_wconf 86' lang='lat' dir='ltr'><strong>ferrum</strong></span> <span class='ocrx_word' id='word_1_189' title='bbox 733 1880 778 1923; x_wconf 91' lang='lat' dir='ltr'><strong>in</strong></span> <span class='ocrx_word' id='word_1_190' title='bbox 818 1879 1041 1925; x_wconf 88' lang='lat' dir='ltr'><strong>infantem</strong></span> <span class='ocrx_word' id='word_1_191' title='bbox 1081 1878 1248 1924; x_wconf 91' lang='lat' dir='ltr'><strong>nullius</strong></span> <span class='ocrx_word' id='word_1_192' title='bbox 1286 1879 1544 1936; x_wconf 90' lang='lat' dir='ltr'><strong>inimicum,</strong></span> <span class='ocrx_word' id='word_1_193' title='bbox 1593 1879 1761 1927; x_wconf 90' lang='lat' dir='ltr'><strong>nullius</strong></span> <span class='ocrx_word' id='word_1_194' title='bbox 1792 1896 1923 1928; x_wconf 82' lang='lat' dir='ltr'><strong>reum</strong></span> 
     </span>
     <span class='ocr_line' id='line_1_26' title="bbox 323 1947 1924 2007; baseline 0.002 -12"><span class='ocrx_word' id='word_1_195' title='bbox 323 1949 525 1995; x_wconf 91' lang='lat' dir='ltr'><strong>omnium</strong></span> <span class='ocrx_word' id='word_1_196' title='bbox 557 1948 723 2007; x_wconf 82' lang='lat' dir='ltr'><strong>filium3</strong></span> <span class='ocrx_word' id='word_1_197' title='bbox 766 1949 840 1995; x_wconf 85' lang='lat' dir='ltr'><strong>vel</strong></span> <span class='ocrx_word' id='word_1_198' title='bbox 873 1949 911 1994; x_wconf 91' lang='lat' dir='ltr'><strong>si</strong></span> <span class='ocrx_word' id='word_1_199' title='bbox 943 1948 1135 1995; x_wconf 85' lang='lat' dir='ltr'><strong>alterius</strong></span> <span class='ocrx_word' id='word_1_200' title='bbox 1168 1947 1367 1996; x_wconf 90' lang='lat' dir='ltr'><strong>officium</strong></span> <span class='ocrx_word' id='word_1_201' title='bbox 1400 1958 1485 2006; x_wconf 89' lang='lat' dir='ltr'><strong>est,</strong></span> <span class='ocrx_word' id='word_1_202' title='bbox 1519 1958 1568 1995; x_wconf 92' lang='lat' dir='ltr'><strong>tu</strong></span> <span class='ocrx_word' id='word_1_203' title='bbox 1599 1949 1739 1997; x_wconf 90' lang='lat' dir='ltr'><strong>modo</strong></span> <span class='ocrx_word' id='word_1_204' title='bbox 1770 1951 1924 1999; x_wconf 67' lang='lat' dir='ltr'><strong>assisto</strong></span> 
     </span>
     <span class='ocr_line' id='line_1_27' title="bbox 323 2018 1934 2082; baseline 0.002 -17"><span class='ocrx_word' id='word_1_205' title='bbox 323 2019 542 2065; x_wconf 88' lang='lat' dir='ltr'><strong>morienti</strong></span> <span class='ocrx_word' id='word_1_206' title='bbox 574 2018 748 2064; x_wconf 92' lang='lat' dir='ltr'><strong>homini</strong></span> <span class='ocrx_word' id='word_1_207' title='bbox 780 2027 1026 2081; x_wconf 85' lang='lat' dir='ltr'><strong>antequam</strong></span> <span class='ocrx_word' id='word_1_208' title='bbox 1057 2019 1197 2076; x_wconf 81' lang='lat' dir='ltr'><strong>vixit3</strong></span> <span class='ocrx_word' id='word_1_209' title='bbox 1256 2019 1514 2082; x_wconf 84' lang='lat' dir='ltr'><strong>fugientem</strong></span> <span class='ocrx_word' id='word_1_210' title='bbox 1546 2020 1743 2068; x_wconf 87' lang='lat' dir='ltr'><strong>animam</strong></span> <span class='ocrx_word' id='word_1_211' title='bbox 1774 2036 1934 2068; x_wconf 41' lang='lat' dir='ltr'><strong>novan*</strong></span> 
     </span>
     <span class='ocr_line' id='line_1_28' title="bbox 320 2087 1924 2152; baseline 0.001 -18"><span class='ocrx_word' id='word_1_212' title='bbox 320 2097 574 2150; x_wconf 66' lang='lat' dir='ltr'><strong>exspecta,</strong></span> <span class='ocrx_word' id='word_1_213' title='bbox 619 2089 787 2150; x_wconf 80' lang='lat' dir='ltr'><strong>excipe</strong></span> <span class='ocrx_word' id='word_1_214' title='bbox 820 2087 982 2134; x_wconf 91' lang='lat' dir='ltr'><strong>rudem</strong></span> <span class='ocrx_word' id='word_1_215' title='bbox 1015 2090 1310 2150; x_wconf 86' lang='lat' dir='ltr'><strong>sanguinem,</strong></span> <span class='ocrx_word' id='word_1_216' title='bbox 1352 2105 1409 2136; x_wconf 92' lang='lat' dir='ltr'><strong>eo</strong></span> <span class='ocrx_word' id='word_1_217' title='bbox 1442 2105 1609 2152; x_wconf 90' lang='lat' dir='ltr'><strong>panem</strong></span> <span class='ocrx_word' id='word_1_218' title='bbox 1641 2099 1766 2138; x_wconf 92' lang='lat' dir='ltr'><strong>tuum</strong></span> <span class='ocrx_word' id='word_1_219' title='bbox 1797 2091 1924 2139; x_wconf 86' lang='lat' dir='ltr'><strong>satia.</strong></span> 
     </span>
     <span class='ocr_line' id='line_1_29' title="bbox 323 2156 1930 2220; baseline 0.003 -16"><span class='ocrx_word' id='word_1_220' title='bbox 323 2172 522 2204; x_wconf 90' lang='lat' dir='ltr'><strong>vescere</strong></span> <span class='ocrx_word' id='word_1_221' title='bbox 555 2156 774 2204; x_wconf 89' lang='lat' dir='ltr'><strong>libenter.</strong></span> <span class='ocrx_word' id='word_1_222' title='bbox 852 2157 1039 2204; x_wconf 88' lang='lat' dir='ltr'><strong>Interea</strong></span> <span class='ocrx_word' id='word_1_223' title='bbox 1078 2157 1374 2205; x_wconf 87' lang='lat' dir='ltr'><strong>discumbens</strong></span> <span class='ocrx_word' id='word_1_224' title='bbox 1414 2158 1654 2207; x_wconf 86' lang='lat' dir='ltr'><strong>dinumera</strong></span> <span class='ocrx_word' id='word_1_225' title='bbox 1687 2161 1814 2220; x_wconf 72' lang='lat' dir='ltr'><strong>loca,</strong></span> <span class='ocrx_word' id='word_1_226' title='bbox 1861 2160 1930 2209; x_wconf 64' lang='lat' dir='ltr'><strong>ub&gt;</strong></span> 
     </span>
     <span class='ocr_line' id='line_1_30' title="bbox 322 2226 1926 2291; baseline 0.004 -18"><span class='ocrx_word' id='word_1_227' title='bbox 322 2236 493 2283; x_wconf 90' lang='lat' dir='ltr'><strong>mater,</strong></span> <span class='ocrx_word' id='word_1_228' title='bbox 536 2227 611 2273; x_wconf 91' lang='lat' dir='ltr'><strong>ubi</strong></span> <span class='ocrx_word' id='word_1_229' title='bbox 644 2243 802 2286; x_wconf 79' lang='lat' dir='ltr'><strong>soror3</strong></span> <span class='ocrx_word' id='word_1_230' title='bbox 857 2235 967 2273; x_wconf 87' lang='lat' dir='ltr'><strong>nota</strong></span> <span class='ocrx_word' id='word_1_231' title='bbox 999 2226 1274 2290; x_wconf 83' lang='lat' dir='ltr'><strong>diligenter,</strong></span> <span class='ocrx_word' id='word_1_232' title='bbox 1308 2237 1378 2285; x_wconf 89' lang='lat' dir='ltr'><strong>ut,</strong></span> <span class='ocrx_word' id='word_1_233' title='bbox 1433 2245 1567 2291; x_wconf 89' lang='lat' dir='ltr'><strong>quum</strong></span> <span class='ocrx_word' id='word_1_234' title='bbox 1599 2231 1827 2279; x_wconf 86' lang='lat' dir='ltr'><strong>tenebrae</strong></span> <span class='ocrx_word' id='word_1_235' title='bbox 1861 2246 1926 2280; x_wconf 76' lang='lat' dir='ltr'><strong>ce-</strong></span> 
     </span>
     <span class='ocr_line' id='line_1_31' title="bbox 322 2295 1928 2355; baseline 0.005 -13"><span class='ocrx_word' id='word_1_236' title='bbox 322 2295 529 2343; x_wconf 88' lang='lat' dir='ltr'><strong>ciderint</strong></span> <span class='ocrx_word' id='word_1_237' title='bbox 575 2298 792 2355; x_wconf 89' lang='lat' dir='ltr'><strong>caninae,</strong></span> <span class='ocrx_word' id='word_1_238' title='bbox 847 2314 940 2344; x_wconf 91' lang='lat' dir='ltr'><strong>non</strong></span> <span class='ocrx_word' id='word_1_239' title='bbox 988 2313 1134 2344; x_wconf 87' lang='lat' dir='ltr'><strong>erres.</strong></span> <span class='ocrx_word' id='word_1_240' title='bbox 1225 2297 1461 2345; x_wconf 90' lang='lat' dir='ltr'><strong>Piaculum</strong></span> <span class='ocrx_word' id='word_1_241' title='bbox 1510 2300 1631 2346; x_wconf 89' lang='lat' dir='ltr'><strong>enim</strong></span> <span class='ocrx_word' id='word_1_242' title='bbox 1676 2299 1928 2350; x_wconf 54' lang='lat' dir='ltr'><strong>admiseris}</strong></span> 
     </span>
     <span class='ocr_line' id='line_1_32' title="bbox 322 2367 1926 2433; baseline 0.003 -20"><span class='ocrx_word' id='word_1_243' title='bbox 322 2367 411 2413; x_wconf 87' lang='lat' dir='ltr'><strong>nisi</strong></span> <span class='ocrx_word' id='word_1_244' title='bbox 443 2367 671 2414; x_wconf 87' lang='lat' dir='ltr'><strong>incestum</strong></span> <span class='ocrx_word' id='word_1_245' title='bbox 704 2367 893 2414; x_wconf 85' lang='lat' dir='ltr'><strong>feceris.</strong></span> <span class='ocrx_word' id='word_1_246' title='bbox 967 2367 1097 2414; x_wconf 85' lang='lat' dir='ltr'><strong>Talia</strong></span> <span class='ocrx_word' id='word_1_247' title='bbox 1143 2368 1350 2414; x_wconf 83' lang='lat' dir='ltr'><strong>initiatus</strong></span> <span class='ocrx_word' id='word_1_248' title='bbox 1395 2377 1443 2415; x_wconf 84' lang='lat' dir='ltr'><strong>et</strong></span> <span class='ocrx_word' id='word_1_249' title='bbox 1483 2370 1784 2433; x_wconf 86' lang='lat' dir='ltr'><strong>consignatus</strong></span> <span class='ocrx_word' id='word_1_250' title='bbox 1822 2367 1926 2418; x_wconf 72' lang='lat' dir='ltr'><strong>vivis</strong></span> 
     </span>
     <span class='ocr_line' id='line_1_33' title="bbox 321 2437 1921 2501; baseline 0.004 -19"><span class='ocrx_word' id='word_1_251' title='bbox 321 2437 368 2483; x_wconf 91' lang='lat' dir='ltr'><strong>in</strong></span> <span class='ocrx_word' id='word_1_252' title='bbox 407 2452 588 2484; x_wconf 87' lang='lat' dir='ltr'><strong>aevum.</strong></span> <span class='ocrx_word' id='word_1_253' title='bbox 665 2437 812 2501; x_wconf 91' lang='lat' dir='ltr'><strong>Cupio</strong></span> <span class='ocrx_word' id='word_1_254' title='bbox 853 2437 1163 2501; x_wconf 79' lang='lat' dir='ltr'><strong>respondcaS,</strong></span> <span class='ocrx_word' id='word_1_255' title='bbox 1218 2439 1256 2484; x_wconf 90' lang='lat' dir='ltr'><strong>si</strong></span> <span class='ocrx_word' id='word_1_256' title='bbox 1295 2440 1411 2485; x_wconf 87' lang='lat' dir='ltr'><strong>tanti</strong></span> <span class='ocrx_word' id='word_1_257' title='bbox 1451 2440 1729 2498; x_wconf 87' lang='lat' dir='ltr'><strong>aeternitas,</strong></span> <span class='ocrx_word' id='word_1_258' title='bbox 1785 2449 1865 2488; x_wconf 85' lang='lat' dir='ltr'><strong>aut</strong></span> <span class='ocrx_word' id='word_1_259' title='bbox 1899 2456 1921 2490; x_wconf 83' lang='lat' dir='ltr'><strong>s</strong></span> 
     </span>
     <span class='ocr_line' id='line_1_34' title="bbox 321 2506 1927 2574; baseline 0.003 -22"><span class='ocrx_word' id='word_1_260' title='bbox 321 2524 430 2564; x_wconf 89' lang='lat' dir='ltr'><strong>non,</strong></span> <span class='ocrx_word' id='word_1_261' title='bbox 464 2506 573 2554; x_wconf 91' lang='lat' dir='ltr'><strong>ideo</strong></span> <span class='ocrx_word' id='word_1_262' title='bbox 605 2523 693 2554; x_wconf 90' lang='lat' dir='ltr'><strong>nec</strong></span> <span class='ocrx_word' id='word_1_263' title='bbox 727 2507 980 2556; x_wconf 87' lang='lat' dir='ltr'><strong>credenda.</strong></span> <span class='ocrx_word' id='word_1_264' title='bbox 1027 2507 1220 2554; x_wconf 87' lang='lat' dir='ltr'><strong>Etiamsi</strong></span> <span class='ocrx_word' id='word_1_265' title='bbox 1252 2508 1532 2567; x_wconf 86' lang='lat' dir='ltr'><strong>credideris,</strong></span> <span class='ocrx_word' id='word_1_266' title='bbox 1566 2525 1689 2574; x_wconf 83' lang='lat' dir='ltr'><strong>nego</strong></span> <span class='ocrx_word' id='word_1_267' title='bbox 1716 2519 1760 2557; x_wconf 91' lang='lat' dir='ltr'><strong>te</strong></span> <span class='ocrx_word' id='word_1_268' title='bbox 1786 2510 1927 2560; x_wconf 88' lang='lat' dir='ltr'><strong>velle.</strong></span> 
     </span>
     <span class='ocr_line' id='line_1_35' title="bbox 322 2578 1921 2644; baseline 0.003 -20"><span class='ocrx_word' id='word_1_269' title='bbox 322 2578 507 2624; x_wconf 87' lang='lat' dir='ltr'><strong>etiamsi</strong></span> <span class='ocrx_word' id='word_1_270' title='bbox 537 2578 767 2636; x_wconf 88' lang='lat' dir='ltr'><strong>volueris,</strong></span> <span class='ocrx_word' id='word_1_271' title='bbox 809 2594 931 2642; x_wconf 84' lang='lat' dir='ltr'><strong>nego</strong></span> <span class='ocrx_word' id='word_1_272' title='bbox 967 2587 1011 2626; x_wconf 86' lang='lat' dir='ltr'><strong>te</strong></span> <span class='ocrx_word' id='word_1_273' title='bbox 1043 2594 1198 2641; x_wconf 90' lang='lat' dir='ltr'><strong>posse.</strong></span> <span class='ocrx_word' id='word_1_274' title='bbox 1277 2578 1371 2626; x_wconf 93' lang='lat' dir='ltr'><strong>Cur</strong></span> <span class='ocrx_word' id='word_1_275' title='bbox 1402 2595 1518 2642; x_wconf 83' lang='lat' dir='ltr'><strong>crgo</strong></span> <span class='ocrx_word' id='word_1_276' title='bbox 1550 2579 1629 2626; x_wconf 89' lang='lat' dir='ltr'><strong>alii</strong></span> <span class='ocrx_word' id='word_1_277' title='bbox 1659 2581 1861 2644; x_wconf 88' lang='lat' dir='ltr'><strong>possint,</strong></span> <span class='ocrx_word' id='word_1_278' title='bbox 1899 2597 1921 2629; x_wconf 76' lang='grc' dir='ltr'>ε</span> 
     </span>
     <span class='ocr_line' id='line_1_36' title="bbox 322 2649 1929 2712; baseline 0.004 -20"><span class='ocrx_word' id='word_1_279' title='bbox 322 2662 406 2692; x_wconf 90' lang='lat' dir='ltr'><strong>vos</strong></span> <span class='ocrx_word' id='word_1_280' title='bbox 446 2664 538 2694; x_wconf 91' lang='lat' dir='ltr'><strong>non</strong></span> <span class='ocrx_word' id='word_1_281' title='bbox 576 2650 806 2710; x_wconf 79' lang='lat' dir='ltr'><strong>potestis?</strong></span> <span class='ocrx_word' id='word_1_282' title='bbox 853 2665 938 2695; x_wconf 84' lang='lat' dir='ltr'><strong>cur</strong></span> <span class='ocrx_word' id='word_1_283' title='bbox 970 2666 1060 2695; x_wconf 92' lang='lat' dir='ltr'><strong>non</strong></span> <span class='ocrx_word' id='word_1_284' title='bbox 1091 2650 1304 2712; x_wconf 89' lang='lat' dir='ltr'><strong>possitis,</strong></span> <span class='ocrx_word' id='word_1_285' title='bbox 1354 2651 1393 2696; x_wconf 93' lang='lat' dir='ltr'><strong>si</strong></span> <span class='ocrx_word' id='word_1_286' title='bbox 1431 2650 1510 2696; x_wconf 88' lang='lat' dir='ltr'><strong>alii</strong></span> <span class='ocrx_word' id='word_1_287' title='bbox 1548 2653 1774 2712; x_wconf 74' lang='lat' dir='ltr'><strong>possunt?</strong></span> <span class='ocrx_word' id='word_1_288' title='bbox 1831 2649 1929 2698; x_wconf 62' lang='lat' dir='ltr'><strong>Alii</strong></span> 
     </span>
     <span class='ocr_line' id='line_1_37' title="bbox 323 2718 1933 2783; baseline 0.004 -22"><span class='ocrx_word' id='word_1_289' title='bbox 323 2732 431 2773; x_wconf 88' lang='lat' dir='ltr'><strong>nos,</strong></span> <span class='ocrx_word' id='word_1_290' title='bbox 466 2719 646 2780; x_wconf 87' lang='lat' dir='ltr'><strong>opinor,</strong></span> <span class='ocrx_word' id='word_1_291' title='bbox 680 2728 868 2777; x_wconf 89' lang='lat' dir='ltr'><strong>natura·</strong></span> <span class='ocrx_word' id='word_1_292' title='bbox 915 2735 1188 2783; x_wconf 87' lang='lat' dir='ltr'><strong>cynopaene</strong></span> <span class='ocrx_word' id='word_1_293' title='bbox 1220 2729 1298 2767; x_wconf 90' lang='lat' dir='ltr'><strong>aut</strong></span> <span class='ocrx_word' id='word_1_294' title='bbox 1328 2718 1606 2782; x_wconf 79' lang='lat' dir='ltr'><strong>sciapodes?</strong></span> <span class='ocrx_word' id='word_1_295' title='bbox 1635 2721 1713 2767; x_wconf 85' lang='lat' dir='ltr'><strong>alii</strong></span> <span class='ocrx_word' id='word_1_296' title='bbox 1746 2720 1933 2781; x_wconf 57' lang='lat' dir='ltr'><strong>ordines</strong></span> 
     </span>
     <span class='ocr_line' id='line_1_38' title="bbox 322 2784 1932 2849; baseline 0.005 -18"><span class='ocrx_word' id='word_1_297' title='bbox 322 2784 544 2843; x_wconf 88' lang='lat' dir='ltr'><strong>dentium,</strong></span> <span class='ocrx_word' id='word_1_298' title='bbox 579 2789 657 2834; x_wconf 88' lang='lat' dir='ltr'><strong>alii</strong></span> <span class='ocrx_word' id='word_1_299' title='bbox 674 2788 733 2834; x_wconf 86' lang='lat' dir='ltr'><strong>ad</strong></span> <span class='ocrx_word' id='word_1_300' title='bbox 758 2790 980 2836; x_wconf 88' lang='lat' dir='ltr'><strong>incestam</strong></span> <span class='ocrx_word' id='word_1_301' title='bbox 1000 2789 1236 2837; x_wconf 91' lang='lat' dir='ltr'><strong>libidinem</strong></span> <span class='ocrx_word' id='word_1_302' title='bbox 1262 2791 1423 2836; x_wconf 66' lang='lat' dir='ltr'><strong>nervi?</strong></span> <span class='ocrx_word' id='word_1_303' title='bbox 1468 2790 1554 2849; x_wconf 85' lang='lat' dir='ltr'><strong>Qui</strong></span> <span class='ocrx_word' id='word_1_304' title='bbox 1580 2790 1669 2836; x_wconf 83' lang='lat' dir='ltr'><strong>ista</strong></span> <span class='ocrx_word' id='word_1_305' title='bbox 1697 2790 1853 2838; x_wconf 87' lang='lat' dir='ltr'><strong>credis</strong></span> <span class='ocrx_word' id='word_1_306' title='bbox 1878 2789 1932 2838; x_wconf 75' lang='lat' dir='ltr'><strong>de</strong></span> 
     </span>
     <span class='ocr_line' id='line_1_39' title="bbox 322 2855 1930 2924; baseline 0.005 -23"><span class='ocrx_word' id='word_1_307' title='bbox 322 2855 524 2913; x_wconf 89' lang='lat' dir='ltr'><strong>homine,</strong></span> <span class='ocrx_word' id='word_1_308' title='bbox 544 2867 679 2919; x_wconf 89' lang='lat' dir='ltr'><strong>potes</strong></span> <span class='ocrx_word' id='word_1_309' title='bbox 699 2868 745 2904; x_wconf 86' lang='lat' dir='ltr'><strong>et.</strong></span> <span class='ocrx_word' id='word_1_310' title='bbox 763 2859 939 2907; x_wconf 85' lang='lat' dir='ltr'><strong>facere.</strong></span> <span class='ocrx_word' id='word_1_311' title='bbox 969 2860 1116 2906; x_wconf 92' lang='lat' dir='ltr'><strong>Homo</strong></span> <span class='ocrx_word' id='word_1_312' title='bbox 1143 2876 1192 2907; x_wconf 91' lang='lat' dir='ltr'><strong>es</strong></span> <span class='ocrx_word' id='word_1_313' title='bbox 1220 2869 1267 2907; x_wconf 87' lang='lat' dir='ltr'><strong>et</strong></span> <span class='ocrx_word' id='word_1_314' title='bbox 1283 2862 1398 2922; x_wconf 87' lang='lat' dir='ltr'><strong>ipse,</strong></span> <span class='ocrx_word' id='word_1_315' title='bbox 1421 2858 1545 2924; x_wconf 88' lang='lat' dir='ltr'><strong>quod</strong></span> <span class='ocrx_word' id='word_1_316' title='bbox 1562 2869 1610 2907; x_wconf 85' lang='lat' dir='ltr'><strong>et</strong></span> <span class='ocrx_word' id='word_1_317' title='bbox 1629 2860 1930 2915; x_wconf 74' lang='lat' dir='ltr'><strong>Christianus.</strong></span> 
     </span>
     <span class='ocr_line' id='line_1_40' title="bbox 323 2925 1930 2989; baseline 0.006 -19"><span class='ocrx_word' id='word_1_318' title='bbox 323 2925 410 2983; x_wconf 85' lang='lat' dir='ltr'><strong>Qui</strong></span> <span class='ocrx_word' id='word_1_319' title='bbox 438 2943 528 2971; x_wconf 92' lang='lat' dir='ltr'><strong>non</strong></span> <span class='ocrx_word' id='word_1_320' title='bbox 549 2936 684 2989; x_wconf 89' lang='lat' dir='ltr'><strong>potes</strong></span> <span class='ocrx_word' id='word_1_321' title='bbox 704 2929 879 2986; x_wconf 84' lang='lat' dir='ltr'><strong>facere,</strong></span> <span class='ocrx_word' id='word_1_322' title='bbox 908 2946 999 2976; x_wconf 92' lang='lat' dir='ltr'><strong>non</strong></span> <span class='ocrx_word' id='word_1_323' title='bbox 1027 2930 1172 2978; x_wconf 90' lang='lat' dir='ltr'><strong>debes</strong></span> <span class='ocrx_word' id='word_1_324' title='bbox 1199 2930 1419 2977; x_wconf 85' lang='lat' dir='ltr'><strong>credere.</strong></span> <span class='ocrx_word' id='word_1_325' title='bbox 1470 2930 1620 2977; x_wconf 91' lang='lat' dir='ltr'><strong>Homo</strong></span> <span class='ocrx_word' id='word_1_326' title='bbox 1647 2940 1718 2978; x_wconf 89' lang='lat' dir='ltr'><strong>est</strong></span> <span class='ocrx_word' id='word_1_327' title='bbox 1741 2932 1861 2980; x_wconf 89' lang='lat' dir='ltr'><strong>euim</strong></span> <span class='ocrx_word' id='word_1_328' title='bbox 1889 2939 1930 2980; x_wconf 73' lang='lat' dir='ltr'><strong>cl</strong></span> 
     </span>
    </p>
   </div>
   <div class='ocr_carea' id='block_1_3' title="bbox 281 3091 1932 3189">
    <p class='ocr_par' dir='ltr' id='par_1_4' title="bbox 281 3091 1932 3189">
     <span class='ocr_line' id='line_1_41' title="bbox 281 3091 1932 3147; baseline 0.005 -19"><span class='ocrx_word' id='word_1_329' title='bbox 281 3140 290 3145; x_wconf 21' lang='lat' dir='ltr'>N</span> <span class='ocrx_word' id='word_1_330' title='bbox 435 3091 478 3138; x_wconf 84' lang='lat'><strong>1)</strong></span> <span class='ocrx_word' id='word_1_331' title='bbox 511 3095 573 3131; x_wconf 86' lang='lat' dir='ltr'><strong>Ita</strong></span> <span class='ocrx_word' id='word_1_332' title='bbox 605 3095 715 3131; x_wconf 90' lang='lat' dir='ltr'><strong>hunc</strong></span> <span class='ocrx_word' id='word_1_333' title='bbox 746 3097 887 3134; x_wconf 88' lang='lat' dir='ltr'><strong>locum</strong></span> <span class='ocrx_word' id='word_1_334' title='bbox 918 3100 1153 3136; x_wconf 84' lang='lat' dir='ltr'><strong>emendavit</strong></span> <span class='ocrx_word' id='word_1_335' title='bbox 1184 3100 1384 3147; x_wconf 84' lang='lat' dir='ltr'><strong>Haverc.;</strong></span> <span class='ocrx_word' id='word_1_336' title='bbox 1439 3099 1530 3138; x_wconf 81' lang='lat' dir='ltr'><strong>alii:</strong></span> <span class='ocrx_word' id='word_1_337' title='bbox 1576 3099 1694 3146; x_wconf 77' lang='lat' dir='ltr'><strong>quia</strong></span> <span class='ocrx_word' id='word_1_338' title='bbox 1724 3099 1932 3147; x_wconf 70' lang='lat' dir='ltr'><strong>sapien!</strong></span> 
     </span>
     <span class='ocr_line' id='line_1_42' title="bbox 321 3150 1915 3189; baseline 0.008 -4"><span class='ocrx_word' id='word_1_339' title='bbox 321 3160 417 3187; x_wconf 86' lang='lat' dir='ltr'><strong>non</strong></span> <span class='ocrx_word' id='word_1_340' title='bbox 452 3150 617 3187; x_wconf 81' lang='lat' dir='ltr'><strong>credit</strong></span> <span class='ocrx_word' id='word_1_341' title='bbox 649 3151 867 3189; x_wconf 85' lang='lat' dir='ltr'><strong>incerto.</strong></span> <span class='ocrx_word' id='word_1_342' title='bbox 1907 3164 1915 3175; x_wconf 56' lang='lat'>³</span> 
     </span>
    </p>
   </div>
  </div>
 </body>
</html>
