1942 3554
0 1 11 7 ,
43 15 66 52 ἦ

0 164 1 168 “
39 186 60 199 *
328 190 412 228 DE
442 189 647 229 cumn
676 188 1065 228 FEMINARUM
1121 188 1235 233 LIB..
1264 189 1314 227 11.
1545 185 1633 230 89

3 294 184 517 fem
215 301 373 358 bonis,
423 317 538 364 quae
578 302 778 363 gentiles
808 310 986 364 putant,
1020 303 1251 364 capimur,
1290 298 1491 346 infidelis
1523 315 1637 346 con-

133 372 273 418 etiam
313 380 576 434 suspectam
615 371 779 427 habet,
825 372 900 418 vel
944 380 1143 434 propter
1186 372 1310 417 illam
1357 369 1637 416 sceleratam

6 440 17 452 '⁷
108 456 195 487 nos
239 441 507 503 opinionem
526 442 569 498 1)
616 442 871 503 gentilium.
955 441 1042 487 Cui
1086 457 1201 503 ergo
1247 437 1639 504 pulchritudinem

41 517 44 521 ’
97 525 143 569 m
173 510 351 556 nutris?
380 511 419 556 si
450 509 617 567 fidelis,
651 527 743 557 non
775 512 938 572 exigit,
972 512 1010 557 si
1043 512 1245 572 gentilis,
1279 526 1371 556 non
1404 507 1557 556 credit
1571 510 1636 567 2).

7 518 144 662 tid
169 579 316 642 gestis
347 587 427 625 aut
456 588 674 641 suspecto
707 589 786 626 aut
816 597 908 626 non
940 579 1228 627 desideranti
1266 580 1490 642 placere?

74 685 95 708 w
159 652 207 700 5.
269 647 397 705 Haec
436 650 595 711 utique
635 666 726 695 non
767 649 826 696 ad
865 649 1054 696 crudam
1093 651 1138 696 in
1178 658 1324 695 totum
1355 656 1404 694 et
1442 648 1640 694 ferinam

113 716 336 773 itudinem
367 718 684 764 insinuandam
706 720 750 778 3)
782 719 916 765 vobis
947 727 1283 780 suggeruntur3
1317 733 1405 764 nec
1429 716 1488 763 de
1512 717 1639 763 bono

135 787 248 836 loris
280 796 329 834 et
356 787 576 850 paedoris
607 787 936 846 suademusst),
984 788 1067 834 sed
1099 787 1156 835 de
1195 786 1334 835 modo
1367 794 1417 833 et
1448 785 1640 833 cardine

78 851 278 918 ,iustitia
308 858 523 919 corporis
554 856 819 904 excolendi.
880 857 990 903 Non
1028 854 1479 920 supergrediendum
1515 857 1640 902 ultra

6 933 155 1004 mm
185 927 500 990 simplices'et
527 927 815 974 sufficientes
845 926 1098 973 munditiae
1132 928 1485 989 concupiscunt,
1517 925 1642 971 ultra

43 1008 45 1010 ·
78 1048 88 1057 Δ
186 994 374 1042 domino
405 996 577 1059 placet.
617 996 669 1042 In
700 997 827 1043 illum
858 998 979 1043 enim
1013 996 1301 1059 delinquunt,
1335 1010 1453 1058 quae
1487 1003 1641 1042 cutem

13 1124 17 1125 ⁷
98 1065 402 1118 ,icaminibus
444 1067 708 1128 ungunt5),
761 1058 907 1128 genas
952 1067 1125 1113 rubore
1173 1066 1430 1122 maculant,
1478 1065 1642 1113 oculos

56 1139 58 1141 ’
89 1136 215 1200 igine
256 1135 553 1195 collinuutss).
593 1134 825 1198 Displicet
861 1137 952 1182 illis
990 1138 1204 1188 nimirum
1240 1136 1437 1198 plastica
1470 1133 1562 1191 dei,
1594 1135 1642 1180 in

6 1205 135 1272 spsis
178 1203 552 1267 redarguunt'l),
597 1204 950 1268 reprehendunt
985 1206 1215 1252 artificem
1264 1204 1481 1251 omnium.
1549 1203 1644 1250 Re-

5 1273 319 1340 fflrebendunt
347 1275 491 1336 enim,
525 1290 628 1322 cum
659 1274 930 1332 emendant,
971 1292 1074 1322 cum
1106 1275 1353 1331 adiiciunt,
1392 1275 1552 1336 utique
1584 1272 1642 1321 ab

47 1343 295 1404 2dversario
326 1344 510 1391 artifice
541 1353 775 1391 sumentes
806 1343 1123 1392 additamenta
1154 1346 1266 1401 ista,
1299 1343 1346 1390 id
1378 1352 1451 1390 est
1480 1341 1644 1390 diabo-

4 1361 149 1483 ὧθ).
198 1413 329 1460 „Nam
362 1409 460 1477 quis
492 1430 662 1477 corpus
700 1423 984 1462 monstraret
1012 1424 1215 1471 mutare,
1254 1415 1341 1460 nisi
1373 1414 1450 1476 qui
1480 1421 1530 1459 et
1558 1413 1644 1459 ho-

8 1483 158 1548 uqinis
187 1484 398 1546 spiritum
428 1484 604 1530 malitia
634 1485 1011 1546 transfiguravit?
1069 1485 1153 1531 Ille
1192 1483 1453 1530 indubitate
1485 1483 1645 1529 huius-

5 1559 44 1600 ι’
80 1603 86 1609 ,
134 1554 145 1565 ’
185 1553 375 1615 ingenia
405 1553 726 1611 concinnavit,
772 1555 898 1600 utin
929 1554 1063 1600 nobis
1103 1551 1445 1616 quodammodo
1483 1567 1645 1598 manus

2 1620 58 1685 t'js
85 1639 114 1670 o
151 1623 348 1670 inferret
363 1623 426 1682 9).
496 1621 630 1680 Quod
669 1624 897 1680 nascitur,
952 1640 1066 1686 opus
1105 1623 1182 1670 dei
1221 1631 1314 1681 est3
1362 1638 1478 1684 ergo
1520 1619 1645 1684 quod

3 1690 21 1740 i
121 1693 332 1751 'tul-¹⁰),
380 1691 555 1739 diaboli
585 1694 824 1754 negotium
862 1701 948 1739 est.
981 1693 1148 1740 Divino
1189 1693 1322 1756 operi
1352 1701 1542 1739 satanae
1574 1692 1646 1738 in-

4 1763 47 1826 s'
86 1762 164 1819 nia
204 1760 523 1826 superducere
563 1777 696 1824 quam
742 1763 991 1809 scelestum
1038 1763 1132 1809 est!
1208 1761 1344 1809 Servi
1389 1762 1538 1807 nostri
1583 1760 1642 1806 ab

6 1827 35 1892 i,
54 1828 86 1890 [f
136 1832 222 1878 icis
251 1832 424 1878 nostris
454 1831 568 1876 nihil
598 1840 884 1888 mutuantur,
917 1832 1089 1878 milites
1127 1831 1185 1878 ab
1223 1832 1358 1877 hoste
1390 1831 1644 1893 imperato·

5 1882 73 1962 ¹5ss
118 1901 189 1948 sui
219 1899 333 1946 nihil
365 1901 721 1962 concupiscunt.
775 1900 844 1946 De
877 1899 1148 1947 adversario
1181 1901 1303 1947 enim
1335 1900 1450 1956 cius,
1484 1900 1530 1945 in
1564 1915 1645 1945 cu-

5 1914 95 2028 igss
124 1986 261 2016 manu
291 1970 370 2026 sis,
403 1967 578 2032 aliquid
608 1970 711 2016 usui
741 1970 996 2031 postulare,
1030 1970 1343 2031 transgressio
1377 1977 1463 2015 est.
1507 1968 1643 2015 Chri-

6 2038 202 2099 sfitianus
239 2054 268 2085 a
305 2038 426 2084 malo
466 2038 547 2089 illo
587 2034 910 2085 adiuvabitur?
955 2040 1118 2085 nescio
1158 2055 1216 2085 an
1260 2038 1352 2086 hoc
1390 2054 1560 2084 nomen
1600 2039 1646 2084 ei

6 2126 17 2172 ι
57 2116 312 2156 erseveret.
373 2106 479 2154 Erit
510 2108 631 2154 enim
664 2109 778 2165 eius,
812 2107 870 2155 de
905 2109 1033 2154 cuius
1066 2107 1293 2155 doctrinis
1331 2108 1498 2154 instrui
1531 2123 1645 2153 con-

6 2120 240 2297 ·Qiiscit.
305 2176 532 2235 Quantum
563 2186 716 2224 autem
749 2193 777 2223 a
810 2179 979 2225 vestris
1010 2177 1269 2241 disciplinis
1309 2185 1357 2223 et
1386 2177 1646 2240 professio-

0 2255 17 2295 ³⁸
105 2263 158 2294 us
189 2247 343 2293 aliena
372 2254 498 2304 sunt,
524 2244 678 2309 'ffquam
715 2245 907 2309 indigna
944 2248 1129 2294 nomine
1170 2247 1436 2294 Christiano
1475 2246 1647 2293 faciem

87 2324 180 2364 tam
219 2324 432 2379 gestare,
479 2316 642 2379 quibus
686 2318 958 2380 simplicitas
1004 2318 1151 2363 omnis
1190 2315 1437 2374 indicitur3
1485 2316 1646 2377 effigie

63 2383 102 2450 ‘f
132 2387 226 2443 tiri,
259 2385 421 2449 quibus
452 2385 610 2448 lingua
640 2402 733 2453 non
765 2388 899 2445 licet,
934 2396 1175 2450 appetere,
1210 2385 1333 2449 quod
1365 2384 1520 2431 datum
1552 2401 1646 2431 non

92 2457 198 2515 εΗ),
231 2455 394 2519 quibus
423 2455 622 2502 alienum
654 2456 981 2503 abstinentiam
1012 2458 1058 2502 in
1090 2457 1248 2519 specie
1281 2470 1525 2511 exercere,
1547 2455 1646 2515 qui-

155 2524 353 2572 studium
376 2524 650 2588 ‚pudicitiae
682 2527 874 2584 est12)!
947 2525 1162 2582 Credite,
1194 2523 1498 2580 benedictae,
1532 2539 1647 2586 quo-

139 2647 288 2699 1)Rig.
316 2651 399 2688 vel
428 2661 491 2688 ex
523 2651 621 2688 illa
650 2650 920 2688 scelerata
950 2648 1002 2687 in
1034 2661 1127 2687 nos
1160 2649 1428 2696 opinione.
1489 2646 1531 2696 2)
1553 2649 1645 2697 mg.

102 2703 336 2753 infideli,
371 2707 659 2754 simplicem
690 2717 795 2743 non
826 2706 1006 2743 credit.
1124 2703 1169 2756 3)
1202 2706 1292 2752 Rig.
1322 2704 1498 2741 nonin
1525 2715 1646 2741 cru-‹-

95 2771 222 2803 ιι-
255 2761 570 2800 ἰηιίιιιιαηὰα
611 2765 691 2800 ete.
863 2761 908 2809 4)
948 2761 1075 2799 Seml.
1126 2762 1182 2797 de
1222 2766 1353 2799 bono
1400 2759 1644 2807 corporis

127 2816 345 2864 alutem,
375 2817 462 2854 sed
490 2818 548 2854 de
579 2817 794 2865 pudoris
827 2817 966 2854 suad.
1035 2817 1079 2865 5)
1111 2816 1202 2864 Rig.
1234 2817 1435 2864 urgent.
1519 2815 1563 2863 6)
1580 2817 1645 2853 Ita

111 2871 246 2914 Fran.
277 2874 319 2909 et
349 2872 441 2918 all-3
472 2872 599 2910 Seml.
634 2872 919 2921 colligunt,
950 2873 1041 2921 Rig.
1074 2872 1369 2919 porrigunt.
1486 2871 1530 2919 7)
1553 2871 1644 2919 Rig.

82 2926 239 2972 ·÷ip·in
279 2938 331 2964 se
367 2927 607 2964 nimirum
645 2931 885 2974 arguunt.
1058 2926 1103 2975 8)
1140 2927 1231 2976 Rig.
1271 2926 1641 2978 additamenta.

102 2984 183 3020 ent
213 2981 467 3021 diabolus.
583 2982 627 3030 9)
658 2982 747 3031 Rig.
778 2983 906 3020 utin
930 2982 1076 3020 vobis
1116 2985 1303 3030 pareat
1338 2993 1521 3020 manus
1551 2993 1643 3020 vos

88 3035 396 3087 ''ssdammodo
427 3037 516 3075 deo
545 3038 760 3075 inferre.
850 3039 919 3085 10)
949 3039 1039 3086 Rig.
1070 3038 1358 3087 infingitur
1386 3033 1643 3085 (ἐμπλάττε-

101 3091 132 3142 ).
219 3095 291 3143 11)
323 3093 566 3141 cod.Agob.
598 3093 731 3140 quod
760 3095 820 3132 ad
846 3098 983 3132 tuum
1013 3105 1113 3132 non
1139 3094 1221 3133 sit.
1308 3094 1379 3143 12)
1411 3094 1500 3142 Rig.
1526 3092 1642 3140 qui-

51 2663 53 2665 ’
67 2674 85 2700 ἰ
