1942 3554
505 104 592 141 AD
638 102 1016 142 NATIONES
1061 105 1247 142 L13.1.
1599 110 1701 161 151

51 243 376 312 ,aggeratione
422 261 710 310 poenarum,
759 244 867 293 dum
904 248 1296 310 recognoscitur,
1346 257 1462 312 quot
1501 251 1700 317 quisque

59 319 153 369 tam
193 317 411 365 convivia
448 317 528 365 illa
570 316 886 375 celebrasset,
936 318 1157 382 quotiens
1196 319 1244 365 in
1284 319 1498 368 tenebris
1538 323 1699 371 incur-

40 388 208 437 sionis
238 389 442 436 incesta.
521 385 672 447 Quid?
702 385 829 453 quod
859 386 1136 437 eradicandi
1168 391 1360 455 generis
1395 388 1693 442 diffundenda

57 469 168 510 erat
197 459 472 525 requisitio,
510 456 798 523 porrigenda
830 460 1046 524 quaestio
1086 461 1133 508 in
1164 462 1324 510 socios
1363 465 1695 531 consciosque.

59 524 447 581 Perducerentur
489 529 729 577 infantarii
777 538 824 578 et
871 532 1011 595 coqui
1057 540 1107 580 et
1150 532 1240 596 ipsi
1288 549 1430 583 canes
1475 537 1693 599 pronubi,

56 601 309 652 emendata
353 616 432 649 res
471 609 621 649 esset.
704 600 859 648 Etiam
900 603 1185 666 spectaculis
1217 605 1370 667 gratia
1401 604 1695 671 adgregare-

54 682 152 735 ιιι-ς
187 681 363 738 quanto
397 673 520 721 enim
550 670 707 720 studio
740 672 787 720 in
822 689 1016 721 caveam
1049 676 1409 734 conveniretur,
1452 676 1694 742 depugna·

54 753 166 794 turo
193 743 374 808 aliquo,
409 744 490 808 qni
521 751 710 792 centum
749 744 953 792 infantes
981 742 1290 793 devorasset?
1321 745 1420 795 Sed
1452 749 1575 795 enim
1601 759 1691 797 tam

56 809 298 865 horrenda
326 823 515 880 tamque
546 823 845 863 monstruosa
877 814 935 863 de
969 815 1104 864 nobis
1143 815 1440 865 deferuntur.
1521 818 1691 885 Utique

53 886 160 937 erui
192 884 480 944 debuerunt,
514 901 573 934 ne
599 885 902 934 incredibilia
925 885 1227 947 viderentur,
1262 888 1492 937 etodium
1525 892 1571 937 in
1605 908 1691 939 nos

43 957 292 1023 pubiicum
321 958 687 1022 refrigesceret.
734 957 855 1007 Nam
882 966 931 1006 et
961 959 1177 1024 plerique
1209 957 1349 1007 fidem
1381 961 1540 1009 talium
1574 971 1691 1010 tem-

54 1037 244 1092 perant,
275 1029 528 1079 horrentes
561 1038 772 1077 naturam
799 1045 1031 1094 quaerere
1057 1029 1275 1094 pabulum
1300 1030 1519 1092 ferinum,
1555 1050 1689 1098 quam

53 1099 337 1149 concubitus
369 1098 427 1148 ab
459 1099 661 1148 humano
694 1116 875 1165 genere
906 1101 1181 1165 praeclusit.

198 1175 252 1223 3.
329 1171 430 1220 Vos
461 1172 629 1238 igitur,
669 1172 785 1220 alias
824 1171 1176 1237 diligentissimi
1216 1189 1272 1220 ac
1318 1175 1690 1237 pertinacissimi

53 1241 352 1292 discussores
385 1242 621 1291 scelerum
654 1242 798 1308 longe
824 1244 1079 1302 minorum,
1114 1259 1216 1291 cum
1251 1238 1420 1292 talibus
1453 1254 1544 1293 tam
1577 1245 1689 1293 hor-

54 1311 218 1362 tendis
251 1325 301 1362 et
338 1330 523 1362 onmem
563 1312 851 1378 impietatem
898 1316 1226 1379 supergressis
1259 1331 1362 1363 eam
1395 1314 1688 1381 diligentiam

54 1383 312 1444 deseratis,
345 1400 500 1450 neque
526 1386 879 1433 confessionem
904 1385 1184 1450 recipiendo
1218 1385 1534 1435 iudicantibus
1566 1404 1690 1436 sem-

29 1471 139 1522 ,per
154 1451 497 1515 ⁴laborandam,
536 1470 694 1521 neque
736 1457 1099 1521 exquisitionem
1142 1454 1408 1521 digerendo
1443 1456 1688 1505 damnato-

28 1525 182 1576 ·ribus
213 1542 404 1592 semper
433 1526 789 1577 consulendam:
826 1528 917 1576 iam
947 1536 1167 1592 apparet,
1217 1543 1355 1576 omne
1395 1530 1442 1576 in
1475 1545 1561 1576 nos
1595 1531 1688 1577 cri-

27 1612 155 1658 zmen
187 1614 281 1646 non
312 1597 512 1647 alicuius
543 1599 743 1647 sceleris
775 1597 860 1647 sed
891 1599 1094 1647 nominis
1128 1598 1285 1664 dirigi.
1358 1597 1522 1659 Adeo,
1556 1601 1596 1648 si
1629 1599 1687 1649 de

27 1669 298 1718 :eri-inum
327 1669 530 1719 veritate
564 1678 831 1728 constaret,
864 1671 967 1735 ipsa
1001 1671 1243 1718 eriminum
1275 1672 1465 1718 nomina
1498 1669 1688 1720 damna-

26 1741 113 1793 wis
141 1739 592 1799 accommodarent,
626 1749 677 1788 ut
706 1741 772 1789 ita
795 1743 1186 1805 pronuntiaretur
1213 1741 1263 1788 in
1295 1758 1406 1789 nos:
1440 1742 1570 1790 illum
1601 1742 1689 1790 ho-

24 1811 295 1872 2n‘icidam,
351 1811 430 1861 vel
474 1813 730 1870 incestum,
775 1812 852 1860 vel
899 1811 1212 1877 quodcunque
1259 1813 1510 1871 iactamur,
1559 1811 1685 1873 duci,

24 1881 229 1948 suffigi,
272 1881 333 1932 ad
369 1882 549 1931 bestias
588 1881 689 1931 dari
726 1883 902 1947 placet.
993 1882 1144 1931 Porro
1190 1884 1456 1932 sententiae
1494 1893 1688 1933 vestrae

26 1954 165 2002 mihil
210 1955 300 2003 nisi
347 1953 661 2002 Christianum
707 1955 977 2003 confessum
1022 1963 1205 2015 notant3
1257 1954 1429 2002 nullum
1478 1955 1688 2003 criminis

26 2040 222 2073 :nomen
256 2033 433 2084 exstat,
468 2026 557 2072 nisi
590 2025 792 2072 nominis
833 2027 1011 2074 crimen
1053 2034 1142 2074 est.
1226 2024 1357 2073 Haec
1397 2026 1572 2074 etenim
1613 2035 1688 2074 est

50 2111 221 2146 revera
251 2097 374 2144 ratio
414 2097 557 2145 totius
596 2094 696 2143 odii
734 2095 964 2144 adversus
1004 2114 1106 2144 nos.
1194 2095 1383 2145 Nomen
1430 2098 1479 2144 in
1517 2113 1686 2146 caussa

25 2175 147 2227 sest,
194 2165 318 2233 quod
364 2167 590 2232 quaedam
640 2168 826 2215 occulta
879 2169 950 2216 vis
987 2185 1077 2233 per
1114 2177 1319 2217 vestram
1365 2168 1685 2232 ignorantiam

25 2248 314 2304 *oppugnan
362 2248 411 2287 ut
448 2239 608 2287 nolitis
647 2240 773 2287 scire
812 2256 898 2304 pro
940 2249 1099 2297 cerm,
1148 2238 1273 2304 quod
1305 2256 1391 2288 vos
1421 2257 1508 2305 pro
1549 2249 1685 2288 certo

26 2310 240 2359 ··escire
274 2310 396 2359 certi
427 2311 564 2370 estis,
613 2319 662 2359 et
693 2309 803 2359 ideo
843 2327 932 2359 nec
967 2310 1163 2359 creditis
1198 2327 1320 2376 quae
1352 2327 1445 2359 non
1478 2311 1687 2375 proban-

27 2388 159 2441 ·tnr,
198 2389 269 2442 et,
307 2399 369 2431 ne
407 2381 670 2447 probentur
707 2382 849 2429 facile
890 2382 961 2446 1),
1009 2399 1104 2430 non
1151 2382 1290 2430 vultis
1322 2383 1586 2447 inquirere,
1633 2390 1688 2430 ut

26 2476 32 2494 ε
53 2467 221 2502 tenen
246 2454 480 2501 inimicum
507 2453 592 2501 sub
617 2455 1000 2518 praesumptione
1028 2454 1270 2501 criminum
1295 2454 1533 2517 puniatur:
1561 2451 1685 2501 adeo

26 2521 109 2571 auk
131 2522 192 2573 de
226 2525 412 2573 nomine
445 2526 634 2573 inimico
667 2522 946 2583 recedatur,
987 2523 1098 2573 ideo
1131 2540 1308 2589 negare
1344 2523 1683 2589 compellimur,

23 2591 228 2644 «dehinc
265 2605 496 2659 negantes
536 2596 792 2644 liberamur
830 2604 930 2643 tota
968 2596 1243 2660 impunitate
1291 2596 1680 2659 praeteritorum:

24 2663 143 2715 ziam
174 2683 267 2714 nou
301 2668 506 2726 cruenti,
540 2683 694 2732 neque
724 2667 921 2725 incesti,
957 2667 1065 2731 quia
1090 2682 1259 2714 nomen
1285 2664 1399 2714 illud
1430 2667 1684 2717 amisimus.

54 2733 152 2784 Sed
181 2737 290 2785 dum
319 2738 437 2785 baec
470 2739 591 2785 ratio
626 2754 709 2786 suo
744 2737 851 2785 loco
885 2737 1172 2795 ostenditur,
1206 2754 1290 2785 vos
1317 2754 1451 2804 qnam
1477 2739 1686 2803 insequi-

56 2807 168 2854 mini
198 2807 255 2856 ad
290 2809 687 2872 expugnationem
725 2810 950 2868 nominis,
984 2808 1137 2856 edite:
1178 2808 1303 2873 quod
1347 2809 1550 2857 nominis
1590 2810 1686 2858 cri-

26 2890 186 2937 Διιιειιι,
232 2895 350 2942 quae
385 2878 584 2938 offensa,
619 2895 737 2945 quae
771 2880 937 2944 culpa?
975 2879 1322 2928 Praescribitur
1367 2882 1490 2928 enim
1529 2880 1680 2938 vobis,

171 3087 212 3139 1)
243 3091 346 3129 flav·
373 3102 483 3130 corr.
521 3103 580 3130 ne
611 3094 750 3140 prob.
783 3093 950 3131 falsae
982 3098 1063 3132 etc.

1263 3181 1333 3229 9.
