1942 3554
273 168 382 215 wo
704 165 791 202 An
831 163 1208 201 NArloNEs
1245 150 1459 200 1213.st
1901 0 1942 262 ³

269 306 512 371 paratione
561 319 743 359 eorum,
779 318 895 382 quae
942 303 988 347 in
1033 310 1246 364 promptu
1293 309 1397 347 sunt
1441 309 1489 347 et
1532 300 1650 347 visui
1697 308 1742 346 et
1781 261 1942 347 sen-3

270 377 366 431 sui3
410 372 494 419 sed
532 372 689 418 sensui
727 372 863 427 satis,
912 369 1035 433 quod
1067 380 1139 416 est
1174 371 1429 417 testimonii
1468 369 1526 416 ad
1571 370 1886 420 diversitatem

272 443 447 491 occulti
495 450 543 489 et
588 440 820 487 manifesti
867 441 1179 498 renuntiati03
1226 442 1264 487 si
1311 441 1542 487 elementa
1587 441 1734 504 palam
1780 322 1942 537 prm}

271 514 427 577 posita
473 510 707 568 omnibus,
748 509 787 556 si
834 519 999 556 contra
1048 508 1162 556 deus
1201 510 1394 566 nemini,
1436 509 1668 572 quomodo
1709 510 1888 571 poteris
1926 523 1936 544 ι

274 600 334 631 ex
366 597 421 628 ea
452 589 612 644 parte,
647 596 779 643 quam
812 596 904 625 non
936 579 1117 637 vidisti,
1152 596 1269 643 quae
1295 579 1452 636 vides,
1486 577 1745 641 congredi?
1776 578 1888 624 Cum

274 668 390 714 ergo
438 667 529 697 non
571 650 714 697 habes
754 650 1046 711 coniungere
1088 665 1229 696 sensu
1401 650 1614 714 ratione,
1660 646 1768 711 quid
1807 627 1933 728 κιο-ξ

276 721 442 769 cabulo
478 720 747 783 coniungis,
781 728 830 765 ut
862 721 1121 782 coniungas
1147 720 1284 765 etiam
1310 721 1576 782 potestate?
1607 717 1736 764 Ecce
1769 718 1930 800 enimi}

272 792 405 838 Zeno
437 806 620 853 quoque
652 790 891 836 materiam
932 789 1207 836 mundialem
1241 806 1268 835 a
1300 789 1388 835 deo
1421 797 1632 851 separat,
1672 788 1747 834 vel
1788 797 1938 860 eumg

272 877 360 925 per
389 860 536 917 illam,
579 868 793 922 tanquam
826 859 916 905 mel
947 875 1033 921 per
1070 860 1202 905 favos
1242 859 1470 905 transisse
1511 857 1640 904 dicit.
1731 857 1898 918 ltaque

275 931 471 977 materia
504 939 551 976 et
583 928 696 975 deus
729 927 819 975 duo
851 927 1102 985 vocabula,
1143 928 1260 974 duae
1308 945 1402 975 r.es
1491 927 1583 973 Ριο
1624 867 1935 1003 discrimine}

274 999 609 1047 vocabulorum
643 1000 782 1044 etiam
816 1013 892 1044 res
925 1007 1222 1060 separantur,
1258 1000 1395 1044 etiam
1422 997 1646 1044 materiae
1680 991 1930 1044 conditio}

273 1069 550 1116 vocabulum
581 1070 808 1130 sequitur.
903 1067 1079 1125 Quodsi
1119 1069 1311 1114 materia
1351 1084 1441 1113 non
1477 1076 1570 1124 est,
1612 1066 1718 1129 quia
1748 1066 1815 1111 sic
1849 1038 1933 1122 eti

275 1138 527 1201 appellatio
568 1137 872 1200 praescribit,
915 1136 1146 1199 quomodo
1188 1152 1305 1199 quae
1347 1146 1453 1182 sunt
1498 1137 1543 1181 in
1589 1136 1806 1190 materia,
1849 1133 1924 1180 id

276 1217 347 1254 est
379 1208 632 1262 elementa,
674 1205 750 1252 dei
782 1205 1095 1263 habebuntur,
1137 1222 1239 1253 cum
1273 1205 1478 1252 membra
1508 1222 1534 1251 a
1567 1219 1768 1267 corpore
1800 1196 1930 1284 alig}

341 1312 351 1324 .
373 1312 383 1323 .
419 1291 525 1323 csse
558 1292 649 1321 non
683 1276 895 1338 possint?
940 1274 1037 1322 Sed
1070 1275 1174 1338 quid
1211 1279 1302 1338 ego
1343 1292 1445 1322 cum
1477 1275 1921 1338 argumentationi-

274 1347 361 1394 bus
392 1346 769 1410 physiologicis?
803 1344 834 1391 S
852 1379 1015 1392 ......
1051 1344 1312 1392 ascendere
1339 1344 1500 1392 debuit
1533 1345 1590 1391 de
1623 1353 1742 1390 statu
1769 1315 1926 1415 mun-,J

277 1416 350 1474 di,
407 1433 498 1462 non
538 1416 583 1461 in
623 1416 807 1462 incerta
853 1414 1026 1462 descen
1048 1450 1348 1462 ..........
1370 1415 1414 1461 lo
1462 1414 1704 1460 Platonica
1749 1414 1923 1459 forma

277 1485 550 1550 quadratum
569 1501 670 1531 eum
690 1485 1048 1565 angulatumque
1083 1501 1212 1532 com.
1418 1483 1504 1532 .do
1533 1485 1712 1531 circino
1738 1492 1915 1530 rotun-r
1923 1521 1926 1522 γ

276 1556 333 1606 da
367 1557 434 1605 ita
467 1555 688 1618 collegit,
732 1554 855 1618 quod
888 1556 987 1600 sine
1022 1556 1176 1617 capite
1210 1520 1369 1601 εοΙηΗηι
1391 1553 1522 1602 credi
1556 1554 1750 1600 laborat.
1802 1537 1922 1624 Sed-f}

278 1627 536 1693 Epicurus,
577 1627 653 1689 qui
689 1624 895 1681 dixerat,
947 1640 1064 1687 quae
1098 1641 1239 1686 super
1271 1641 1378 1681 nos,
1421 1625 1531 1670 nihil
1563 1623 1620 1670 ad
1653 1639 1762 1680 nos,
1796 1599 1922 1673 cumi}

277 1709 324 1746 et
369 1699 469 1761 ipse
517 1696 701 1743 coelum
747 1694 987 1757 inspicere
1037 1693 1296 1750 desiderat,
1337 1695 1450 1740 solis
1484 1693 1644 1740 orbem
1685 1678 1918 1764 pedalem}

278 1765 610 1831 deprehendit.
701 1763 871 1811 Adhuc
913 1764 1098 1810 scilicet
1145 1765 1387 1826 frugalitas
1426 1773 1475 1810 et
1512 1764 1558 1809 in
1599 1763 1747 1809 coelis
1786 1777 1915 1824 age*

275 1840 427 1885 batur.
502 1836 717 1898 Denique
749 1844 800 1880 ut
829 1833 1019 1880 ambitio
1054 1834 1283 1896 profecit,
1317 1835 1454 1880 etiam
1489 1834 1558 1879 sol
1591 1834 1741 1880 aciem
1773 1846 1917 1890 suanm

278 1905 512 1963 extendit,
553 1906 618 1951 ita
663 1905 787 1951 illum
836 1904 996 1963 orbem
1038 1906 1261 1950 maiorem
1302 1904 1603 1967 Peripatetici
1645 1901 1918 1955 denotave4}

277 1986 400 2025 runt.
465 1975 560 2023 Oro
593 1991 698 2033 vos,
733 1974 842 2038 quid
873 1975 991 2037 sapit
1025 1976 1400 2021 coniecturarum
1435 1973 1609 2019 libido?
1640 1971 1756 2031 Quid
1792 1967 1913 2035 pro-35

278 2048 358 2095 bat
376 2055 503 2093 tanta
521 2046 901 2108 praesumptione
919 2046 1284 2091 asseverationis
1304 2046 1444 2090 otium
1472 2043 1720 2090 affectatae
1745 2058 1907 2088 moro--

279 2117 430 2163 sitatis
479 2115 653 2177 eloquii
700 2115 903 2160 artificio
950 2112 1255 2160 adornatum?
1304 2115 1476 2160 Merito
1525 2129 1642 2176 ergo
1689 2112 1907 2159 Milesius

278 2186 449 2233 Thales
491 2183 595 2230 dum
635 2192 781 2230 totum
822 2183 1002 2229 coelum
1043 2186 1277 2230 examinat
1316 2194 1364 2230 et
1393 2183 1595 2229 aiiibulat
1627 2183 1799 2239 oculis,
1856 2182 1904 2237 ἰμ

278 2264 469 2319 puteum
517 2252 691 2299 cecidit
723 2287 865 2300 .....
886 2269 930 2309 r,
986 2253 1171 2298 multum
1219 2254 1382 2298 irrisus
1419 2253 1661 2315 Aegyptio
1706 2253 1795 2298 illi:
1853 2250 1903 2298 In'

279 2335 430 2380 terra,
463 2324 632 2387 inquit,
674 2323 785 2369 nihil
823 2322 1163 2385 perspiciebas,
1213 2323 1391 2368 coelum
1435 2322 1518 2368 tibi
1557 2321 1905 2384 speculandum·

281 2395 548 2441 existimas?
599 2393 760 2456 Itaque
802 2409 935 2439 casus
977 2393 1076 2439 eius
1109 2409 1194 2454 per
1233 2392 1425 2454 liguram
1459 2425 1679 2439 .......
1699 2408 1720 2438 s
1751 2387 1906 2450 notatis
1939 2415 1942 2419 ·

282 2464 468 2511 scilicet
513 2478 595 2509 eos
644 2463 719 2526 qui
765 2461 990 2543 stupidam
1040 2471 1298 2509 exerceant
1344 2463 1703 2508 curiositatem.
1798 2468 1906 2521 maius

282 2543 439 2590 turae,
492 2548 624 2596 quam
669 2533 796 2595 prius
842 2533 887 2578 in
926 2532 1155 2578 artificem
1197 2533 1297 2578 eius
1336 2540 1383 2577 et
1412 2530 1703 2594 praesidem,
1746 2531 1789 2577 in
1823 2547 1905 2578 va*

284 2619 418 2650 cuum
452 2637 602 2649 .....
622 2619 649 2648 n
682 2600 787 2648 dum
822 2601 1076 2648 habituros.

425 2678 472 2723 5.
550 2672 669 2730 Quin
717 2687 832 2733 ergo
873 2670 928 2717 ad
977 2672 1293 2718 humaniorem
1340 2671 1574 2733 aliquanto
1593 2705 1737 2717 .....
1787 2670 1942 2748 imur}

285 2743 573 2805 opinionem,
609 2757 724 2805 quae
752 2740 808 2788 de
836 2743 1063 2787 communi
1099 2742 1298 2787 omnium
1330 2756 1467 2786 sensu
1501 2751 1545 2788 et
1577 2741 1776 2820 simplici
1811 2752 1902 2805 cog

362 2811 607 2858 .deducta
640 2810 885 2857 videatur?
909 2813 952 2865 1)
986 2809 1103 2856 Nam
1139 2820 1186 2857 et
1218 2810 1368 2856 Varro
1404 2811 1610 2856 meminit
1641 2811 1758 2865 eius,
1796 2825 1901 2856 cren

287 2880 427 2927 ditam
459 2890 709 2943 praeterea
741 2881 907 2944 dicens
948 2880 1282 2928 elementorum
1325 2879 1636 2937 divinitatem,
1677 2880 1796 2943 quod
1831 2877 1901 2936 nifi-

1888 2964 1898 2989 2

285 3013 635 3020 ...fflhc-„-...-,--.s..--.
1884 3007 1898 3025 ί

406 3085 449 3138 1)
482 3090 541 3124 Le
566 3088 698 3126 Prior.
726 3089 957 3138 supplevit:
988 3088 1347 3127 convertimur
1371 3111 1418 3117 —-
1447 3088 1786 3137 cognatione.
