1942 3554
520 191 602 230 AD
646 190 921 230 UXOREM
965 192 1077 233 LIB.
1107 193 1140 233 I.
1565 191 1650 237 fl?

118 340 131 353 .
192 304 343 368 Igitur
371 304 469 353 sive
502 306 679 363 carnis,
712 306 809 354 sive
841 307 1011 363 seculi,
1044 307 1142 354 sive
1173 307 1466 370 posteritatis
1496 307 1650 371 gratia

0 375 225 434 lnubitur,
272 377 387 423 n‘ihil
425 391 486 424 ex
523 377 623 423 istis
661 377 1022 424 necessitatibus
1039 378 1085 437 1)
1133 375 1210 424 dei
1249 378 1422 436 servis,
1450 376 1520 426 *tit
1556 394 1651 425 non
1723 372 1737 381 ”

0 447 130 496 nutis
167 447 367 495 habeam
406 448 552 497 semel
583 447 726 494 alicui
758 464 918 494 earum
950 448 1253 495 succubuisse
1287 457 1336 495 et
1364 463 1458 496 uno
1489 449 1652 496 matri-

1 519 172 567 monio
205 533 387 565 omnem
415 519 855 580 concupiscentiam
887 518 1152 566 huiusmodi
1184 519 1418 582 expiasse.
1487 518 1652 566 Nuba-

0 605 114 636 mus
153 587 363 652 quotidie
403 596 453 634 et
490 587 720 634 nubentes
759 604 788 634 a
826 587 902 635 die
941 590 1024 635 illo
1040 591 1086 648 2)
1129 588 1561 652 deprehendamur,
1601 599 1653 637 ut

0 657 225 726 Sodoma
263 666 314 705 et
352 656 632 704 Gomorrha.
715 657 838 705 Nam
883 659 982 705 illic
1028 676 1122 705 non
1168 662 1327 723 utique
1374 662 1559 724 nuptias
1605 669 1654 708 et

3 722 160 779 nerc'
211 729 322 776 onia
359 727 651 776 solummodo
691 729 921 798 agebant3
962 728 1047 776 sed
1087 746 1190 776 cum
1231 729 1372 788 dicit,
1411 731 1654 779 nubebant

198 795 400 860 hanff),
440 799 701 862 insigniora
739 800 841 863 ipsa
879 801 1035 846 carnis
1075 808 1124 847 et
1162 801 1312 848 seculi
1349 802 1463 848 vitia
1504 800 1654 849 deno-

4 872 171 932 ttut4),
211 885 330 934 quae
363 885 392 916 a
421 867 590 917 divinis
622 868 882 934 disciplinis
913 871 1159 934 plurimum
1192 880 1418 929 avocent,
1451 872 1653 919 alterum

2 950 105 1007 mer
141 939 429 989 lasciviendi
454 941 768 1004 voluptatem,
808 941 1019 988 alterum
1045 957 1134 1005 per
1171 941 1449 1005 acquirendi
1486 943 1654 990 volun-

1 1019 174 1060 tutem.
248 1011 435 1060 Etenim
453 1013 500 1071 ⁵)
541 1012 624 1058 illa
654 1019 764 1059 tunc
798 1013 1008 1059 caecitas
1047 1012 1189 1075 longe
1231 1029 1259 1059 a
1298 1013 1466 1061 finibus
1496 1013 1657 1066 ,seculi

0 1082 292 1132 fflebatur.
367 1080 491 1140 Quid
522 1098 640 1145 ergo
673 1083 777 1140 fiet,
818 1083 858 1129 si
898 1076 1016 1146 qu'ae
1058 1081 1167 1130 olim
1207 1082 1510 1133 detestabilia
1548 1093 1655 1131 sunt

2 1151 160 1218 μηθε
190 1152 448 1210 dominum,
488 1153 546 1199 ab
579 1153 651 1199 his
682 1169 768 1200 nos
799 1170 920 1200 nunc
954 1156 1151 1200 arcent?
1221 1153 1447 1218 Tempus,
1486 1155 1653 1217 inquit,

2 1224 62 1272 ιίιι
100 1224 306 1272 collecto
346 1232 442 1281 est,
482 1232 722 1286 superest,
762 1232 814 1270 ut
852 1224 930 1287 qui
968 1224 1268 1271 matrimonia
1306 1225 1507 1283 habent,
1550 1233 1656 1271 tan-

0 1309 150 1359 nquam
182 1310 285 1341 non
306 1293 538 1340 babentes
568 1294 791 1356 agantfl).

158 1369 206 1417 6.
271 1363 406 1423 Quod
444 1365 483 1411 si
508 1364 751 1411 babentes
791 1364 1048 1412 obliterare
1081 1364 1259 1413 debent
1296 1365 1421 1430 quod
1459 1365 1655 1423 habent,

1 1443 188 1500 equanto
219 1436 369 1497 magis
400 1450 495 1480 non
524 1435 755 1484 habentes
786 1435 1101 1498 prohibentur
1129 1445 1368 1500 repetere,
1403 1435 1528 1501 quod
1560 1452 1655 1483 non

0 1505 210 1563 hahent,
256 1513 308 1552 ut
353 1506 483 1553 cuius
527 1506 740 1552 maritus·
761 1504 819 1554 de
858 1506 999 1552 rebus
1045 1506 1184 1564 abiit,
1232 1506 1404 1554 exinde
1442 1508 1656 1570 requiem

0 1576 147 1625 nexui
199 1591 283 1624 suo
337 1573 544 1623 nubendi
595 1575 882 1623 abstinentia
926 1577 1161 1639 iniungat,
1217 1594 1352 1641 quam
1396 1578 1657 1642 pleraeque

0 1644 270 1696 Gentilium
322 1647 600 1694 feminarum
653 1648 911 1694 memoriae
973 1648 1321 1695 carissimorum
1380 1648 1653 1695 maritorum

0 1718 343 1783 [parentantU.
420 1717 536 1764 Cum
582 1716 692 1780 quid
738 1716 925 1764 difficile
970 1717 1182 1775 videtur,
1230 1717 1496 1766 difficiliora
1535 1718 1655 1765 alios

0 1787 244 1837 *obeuntes
274 1803 623 1835 recenseamus.
702 1786 826 1846 Quot
857 1788 978 1834 enim
1011 1797 1139 1845 sunt,
1174 1790 1250 1852 qui
1282 1790 1437 1835 statim
1469 1805 1497 1835 a
1528 1789 1656 1835 lava-

0 1866 98 1908 nero
131 1873 322 1907 carnem
353 1874 482 1905 suam
515 1858 797 1919 obsignant?
842 1866 956 1920 quot
994 1859 1129 1915 item,
1171 1860 1248 1921 qui
1281 1869 1514 1906 consensu
1552 1859 1657 1921 pari

0 1929 140 1978 linter
183 1945 235 1976 se
280 1929 566 1975 matrimonii
611 1927 820 1975 debitum
866 1928 1074 1976 tollunt?
1117 1929 1373 1975 voluntarii
1418 1927 1656 1992 spadones

0 2015 100 2065 'pro
133 1997 401 2063 cupiditate¹
423 1999 561 2061 regni
593 1998 817 2045 coelestis
834 2000 898 2058 8).
977 1997 1155 2057 Quodsi
1192 1999 1322 2046 salvo
1354 1999 1654 2054 matrimonio

0 2070 299 2118 *abstinentia
328 2069 582 2126 toleratur,
612 2070 796 2131 'quanto
829 2070 978 2131 magis
1009 2066 1265 2133 adempto?
1339 2068 1497 2117 Credo
1531 2070 1655 2116 enim

0 2139 246 2188 difficilius
276 2139 452 2187 salvum
484 2138 772 2202 derelinqui,
813 2155 948 2202 quam
988 2141 1206 2187 amissum
1244 2157 1338 2186 non
1372 2139 1654 2187 desiderari.

11 2209 190 2259 Durum
234 2210 373 2275 plane
413 2218 463 2257 et
499 2208 695 2256 arduum
734 2211 847 2256 satis
888 2212 1182 2258 continentia
1219 2219 1412 2258 sanetae
1450 2211 1655 2258 feminae

0 2280 124 2347 :post
149 2282 240 2328 viri
271 2294 518 2328 excessum
549 2279 627 2328 dei
660 2296 841 2338 caussa,
876 2298 980 2328 cum
1015 2280 1228 2329 Gentiles
1260 2291 1453 2329 satanae
1487 2298 1571 2328 suo
1605 2289 1655 2328 et

10 2352 299 2416 virginitatis
328 2360 378 2399 et
404 2350 646 2399 viduitatis
677 2350 949 2398 sacerdotia
988 2354 1262 2415 perferant?
1334 2352 1512 2399 Romae
1554 2352 1657 2414 qui·-

11 2420 144 2479 tlem,
198 2437 317 2486 quae
370 2422 493 2484 ignis
545 2422 669 2468 illius
711 2423 1087 2485 'inextinguibilis
1132 2424 1384 2485 imaginem
1429 2430 1654 2478 tractant,

8 2494 224 2558 auspicia
258 2507 443 2556 poenae
475 2508 587 2540 suae
620 2509 724 2540 cum
755 2494 858 2556 ipso
891 2492 1100 2540 dracone
1134 2502 1377 2550 curantes,
1419 2491 1478 2539 de
1507 2492 1654 2553 virgi·

11 2563 160 2613 nitate
193 2571 449 2612 censentur
462 2563 527 2624 ⁹).
594 2561 820 2610 Achaeae
854 2562 1020 2609 Iunoni
1051 2562 1172 2626 apud
1196 2562 1400 2625 Aegium
1433 2561 1653 2626 oppidum

12 2697 18 2714 ¹
72 2730 75 2733 ,
126 2690 172 2740 1)
202 2690 293 2738 Rig.
323 2701 389 2729 ex
417 2690 540 2728 istis
571 2701 678 2728 nec.
711 2690 965 2737 competit
995 2691 1077 2727 etc.
1187 2687 1237 2737 ·2)
1266 2689 1358 2739 Rig.
1389 2700 1414 2726 a
1445 2688 1525 2726 die
1556 2689 1654 2728 illo

7 2745 221 2786 timoris
259 2746 396 2795 depr.
443 2760 445 2763 ⁴
514 2744 562 2798 3)
591 2746 742 2790 Matth.
763 2747 829 2795 24,
854 2747 920 2782 38.
1036 2746 1083 2795 4)
1114 2745 1206 2794 Rig.
1240 2746 1481 2794 denotat,
1520 2745 1653 2783 Rhen.

7 2804 57 2841 et
88 2802 234 2840 Gelen.
265 2803 480 2850 definit,
520 2803 647 2840 Seml.
680 2802 1000 2842 detinentes.
1143 2803 1187 2852 5)
1219 2803 1311 2850 Rig.
1344 2813 1433 2850 per
1463 2803 1653 2849 acqui-

6 2858 181 2897 tendi
202 2858 563 2906 cupiditatem.
624 2859 688 2895 Et
727 2862 895 2896 tamen
933 2859 1031 2896 illa
1070 2861 1152 2898 etc.
1268 2857 1315 2911 6)
1349 2861 1387 2896 1.
1405 2860 1499 2898 Cor.
1518 2861 1557 2908 7,
1584 2860 1652 2899 29.

3 2910 62 2963 H)
90 2914 223 2954 Rhen.
246 2915 289 2951 in
315 2914 378 2952 ed.
394 2917 425 2952 l.
456 2915 680 2952 maritus
712 2915 769 2952 de
799 2918 953 2953 rebus
983 2915 1175 2957 habuit
1198 2915 1390 2952 exinde
1420 2915 1653 2962 quietem

4 2965 565 3071 texui—maritorum
596 2974 830 3018 parcant.
949 2972 994 3020 8)
1027 2972 1097 3011 Sic
1116 2972 1338 3021 Rigaltius.
1369 2972 1516 3012 Semla
1547 2973 1652 3011 Vo-

36 3027 244 3066 untarii
279 3038 334 3075 sp
380 3038 470 3075 pro
508 3038 619 3074 cup.
650 3027 875 3066 coelesti
913 3028 1059 3067 salvo
1089 3033 1234 3067 matr.
1291 3024 1398 3070 Alii:
1444 3029 1651 3067 Volun-

6 3077 173 3123 Uarii·
204 3084 523 3132 spadonibus
556 3095 645 3132 plo
678 3095 712 3120 c.
731 3096 766 3123 c.
785 3096 818 3122 s.
836 3095 892 3121 m.
1009 3085 1054 3134 9)
1074 3085 1175 3125 Cod.
1190 3086 1321 3134 Agob.
1347 3096 1478 3133 quae
1508 3085 1650 3134 ignis

10 3136 91 3180 nl.
119 3143 251 3180 exst.
283 3142 342 3179 tr.
353 3151 537 3203 ‚ausp
570 3152 768 3189 poenae
799 3152 831 3179 s.
861 3152 896 3179 c.
929 3140 1065 3191 ipso,
1099 3142 1156 3180 de
1185 3143 1310 3191 virg.
1344 3145 1645 3181 censentur.

1226 3200 1291 3249 5.
