1942 3554
335 283 455 327 122
891 282 975 319 DE
1003 281 1404 320 MONOGAMIA.

335 407 473 461 ptura
503 393 561 441 ob
593 401 773 457 partum
791 393 860 452 ¹),
907 399 958 439 ut
987 401 1183 456 uterque
1214 393 1373 440 titulus
1404 394 1663 441 sanctitatis
1699 394 1746 440 in
1777 394 1915 443 Chris

338 481 482 514 censu
514 464 896 527 dispungeretur,
943 479 1029 526 per
1059 472 1253 510 matrem
1293 471 1341 510 et
1376 465 1604 526 virginem
1627 468 1683 512 'et
1710 466 1919 512 univirarss

334 535 401 583 At
430 535 509 582 ubi
539 536 691 581 infans
722 534 895 596 templo
929 534 1199 591 exhibetur,
1247 534 1348 596 quis
1377 535 1504 581 illum
1541 536 1589 581 in
1614 538 1778 583 'manus
1809 551 1911 583 susc·

336 608 435 671 pit?
493 607 593 669 quis
624 606 671 651 in
703 604 868 667 spiritu
897 606 1070 666 primus
1101 605 1346 667 agnoscit?
1402 606 1476 651 vir
1517 605 1663 653 iustus
1709 613 1758 652 et
1803 614 1926 654 castr

337 686 387 725 et
416 677 575 741 utique
608 692 701 722 non
734 674 968 736 digamUS,
1013 675 1090 721 vel
1134 691 1192 722 ne
1239 674 1422 737 dignius
1437 677 1484 735 2)
1530 692 1640 723 mox
1677 675 1899 727 Christus.

338 748 514 795 femina
544 745 904 810 praedicaretur
931 754 1094 793 vetere
1124 745 1265 792 vidua
1295 753 1344 792 et
1371 746 1573 814 univira,
1614 761 1731 810 quae
1764 754 1812 793 et
1841 755 1908 794 tei

339 819 419 883 plo
451 816 613 864 dedita
643 817 755 863 satis
786 817 834 862 in
879 817 1131 880 semetipsa
1175 815 1513 879 portendebat,
1544 818 1719 879 ,quales
1764 817 1922 879 spirita

339 889 540 952 templo,
572 886 621 934 id
653 896 746 943 est,
794 887 1029 934 ecclesiae
1076 886 1281 933 debeant
1323 885 1602 934 adhaerere.
1660 886 1800 934 Tales
1836 887 1925 934 arl'r

339 969 441 1006 tros
471 959 623 1006 infans
656 957 867 1004 dominus
900 965 1146 1039 expertus,
1193 973 1287 1003 non
1331 958 1449 1003 alios
1494 957 1657 1005 habuit
1686 965 1735 1004 et
1764 955 1918 1005 aduln

340 1030 529 1098 Petrum
575 1029 723 1076 solum
767 1028 954 1075 invenio
1001 1029 1214 1074 maritum
1261 1043 1348 1091 per
1385 1043 1595 1086 socrum,
1641 1043 1904 1090 monogami

341 1093 588 1166 praesumo
619 1114 707 1162 per
737 1098 1012 1154 ecclesiam,
1044 1113 1163 1160 quae
1189 1113 1330 1161 super
1353 1098 1480 1144 illum
1491 1095 1754 1145 aedificata
1785 1114 1905 1145 omn·

343 1169 538 1233 gradum
571 1168 749 1216 ordinis
781 1168 850 1213 sui
883 1166 941 1214 de
973 1168 1263 1248 monogamis
1302 1176 1406 1214 erat
1451 1168 1756 1216 collocatura.
1827 1168 1903 1215 Ce

343 1257 423 1287 ros
456 1256 558 1286 cum
589 1239 783 1285 maritos
814 1253 909 1283 non
939 1238 1151 1294 invenio,
1199 1245 1278 1284 aut
1321 1236 1553 1300 spadones
1599 1239 1856 1300 intelligam
1887 1256 1926 1284 ιιι

346 1326 479 1358 cesse
507 1318 598 1365 ,est
645 1316 726 1355 aut
772 1308 1086 1354 continentes.
1159 1306 1264 1355 Nec
1311 1309 1457 1365 enim,
1505 1309 1543 1355 si
1582 1323 1728 1371 penes
1761 1307 1929 1361 Graec»,

346 1381 579 1429 communi
607 1378 840 1426 vocabulo
876 1386 1129 1425 censentur
1158 1379 1378 1426 mulieres
1423 1386 1472 1425 et
1507 1390 1689 1427 ‘uxores
1732 1395 1818 1442 pro
1860 1395 1926 1426 ccv*

348 1450 606 1499 suetudinis
637 1449 892 1506 facilitate,
906 1452 1160 1509 (ceterum
1191 1457 1263 1496 est
1292 1449 1530 1512 proprium
1553 1448 1833 1499 vocabulum
1857 1465 1928 1496 m*

346 1526 498 1580 rum,)
546 1519 655 1567 ideo
701 1519 892 1566 Paulum
939 1520 1005 1566 sic
1037 1520 1474 1598 interpretabimur,
1523 1520 1655 1583 quasi
1685 1517 1930 1570 demonst..

347 1608 521 1640 uxores
552 1591 793 1655 apostolos
825 1590 1059 1637 habuisse.
1137 1589 1188 1637 Si
1227 1591 1350 1637 enim
1389 1581 1449 1638 de
1479 1591 1795 1637 matrimoniis
1818 1589 1918 1654 diss.

347 1671 517 1719 tasset,
553 1660 677 1725 quod
707 1662 754 1707 in
795 1661 1096 1724 sequentibus
1137 1661 1274 1719 facit,
1306 1661 1385 1707 ubi
1423 1662 1573 1725 magis
1612 1662 1851 1725 apostolus
1891 1678 1900 1707 ε

351 1732 476 1798 quod
508 1733 770 1795 exemplum
802 1733 1043 1778 nominare
1075 1732 1328 1794 potuisset,
1360 1740 1493 1778 recte
1522 1729 1765 1779 videretur
1790 1730 1896 1778 dice
1919 1752 1927 1771 rr

349 1804 461 1851 Non
493 1804 614 1850 enim
647 1802 870 1849 habemus
902 1810 1188 1865 potestatem
1219 1818 1391 1849 uxores
1418 1801 1824 1858 circumducendi,
1859 1802 1896 1848 si

356 1875 506 1922 ceteri
539 1873 742 1937 apostoli
774 1881 822 1920 et
853 1871 1070 1936 Cephas?
1141 1871 1229 1920 At*
1250 1872 1328 1920 ubi
1375 1888 1433 1919 ea
1463 1873 1722 1935 subiungit,
1771 1887 1890 1936 quae

353 1946 584 1993 victuaria
630 1943 922 1991 exhibitione
963 1943 1291 1991 abstinentiam
1317 1943 1416 1990 eius
1449 1942 1722 2000 ostendunt,
1757 1941 1924 1989 dicens.

354 2016 465 2063 Non
511 2016 633 2062 enim
677 2022 962 2078 potestatem
1007 2015 1230 2078 habemus
1276 2012 1588 2061 manducandi
1620 2022 1668 2061 et
1697 2011 1888 2065 bibendi

356 2103 450 2133 non
479 2101 654 2132 uxores
686 2084 978 2131 demonstrat
1008 2085 1066 2132 ab
1099 2085 1326 2149 apostolis
1373 2083 1765 2141 circumductas,·
1791 2099 1899 2147 quas
1925 2122 1929 2124 v

358 2159 434 2220 qui
467 2173 559 2202 non
590 2156 787 2212 habent,
820 2163 1104 2218 potestatem
1145 2164 1298 2202 tame-n
1342 2151 1655 2203 manducandi
1700 2163 1749 2202 et
1793 2154 1898 2204 bibe

358 2227 556 2284 habent,
590 2225 673 2272 sed
705 2226 982 2287 simpliciter
1011 2226 1253 2282 muliereS,
1289 2241 1406 2288 quae
1439 2226 1532 2272 illis
1561 2223 1729 2272 eodem
1754 2225 1922 2272 institi·

360 2313 450 2360 quo
497 2305 545 2343 et
590 2295 824 2342 dominum
873 2296 1172 2365 comitantes,
1221 2295 1560 2342 ministrabant.
1644 2295 1739 2342 Iam
1784 2311 1897 2342 vero

361 2368 573 2414 Christus
603 2365 831 2431 reprobat
861 2366 1039 2412 scribas
1071 2375 1120 2413 et
1150 2366 1446 2429 pharisaeos,
1494 2363 1758 2412 sedentes
1745 2382 1792 2411 ιιι
1824 2374 1896 2412 cat

361 2437 446 2484 dra
476 2437 631 2501 Moysi
664 2452 751 2482 nec
783 2436 1013 2483 facientes
1060 2452 1176 2499 quae
1223 2435 1476 2492 docerent,
1525 2436 1684 2499 quale
1707 2443 1799 2492 est,
1845 2443 1896 2482 ut

361 2510 461 2572 ipse
493 2523 635 2571 super
666 2505 939 2553 cathedram
970 2523 1097 2553 suam
1129 2507 1415 2563 collocaret,
1449 2506 1525 2570 qui
1556 2507 1850 2569 sanctitatem
1883 2522 1895 2551 ‹

363 2581 434 2626 nis
465 2578 746 2642 praecipere
778 2578 949 2639 magis,
997 2594 1089 2624 non
1130 2579 1269 2633 etiam
1303 2577 1434 2624 obire
1466 2577 1807 2634 meminissent,
1854 2591 1896 2640 qt

363 2651 455 2696 illis
488 2649 699 2695 omnibus
730 2646 879 2695 modis
910 2649 1169 2695 insinuarat
1200 2655 1248 2695 et
1278 2645 1540 2694 docendam
1572 2656 1621 2695 et
1650 2643 1920 2710 agendam‘*

365 2721 525 2784 primis
557 2719 615 2766 de
643 2735 726 2765 suo
754 2719 986 2782 exemplo,
1020 2727 1113 2765 tum
1139 2718 1196 2766 de
1223 2718 1721 2781 ceteris‘argumentis,
1755 2734 1858 2765 cum
1874 2733 1900 2781 p

365 2807 524 2838 rorum
570 2789 686 2837 dicit
731 2805 834 2836 esse
873 2805 1068 2851 regnum
1114 2790 1441 2851 coelorum4),
1489 2805 1592 2841 cum
1620 2797 1869 2847 consortes

368 2862 486 2908 facit
514 2862 632 2908 alios
663 2868 772 2923 post
802 2860 986 2924 nuptias
1015 2875 1212 2923 pueros,
1261 2872 1363 2906 cum
1410 2857 1469 2906 ad
1515 2859 1873 2923 simplicitatem

369 2932 552 2978 lumbae
598 2939 829 2995 provocat
844 2933 915 2991 5),
963 2931 1060 2977 avis
1106 2947 1198 2976 non
1244 2938 1420 2976 tantum
1451 2930 1707 2987 innocuae,
1753 2945 1919 2976 vernn·

371 3001 595 3065 pudicae,
629 3018 763 3065 quam
794 3018 931 3048 unam
962 3018 1077 3048 unus
1107 3001 1338 3048 masculus
1364 3002 1513 3059 novit,
1546 3017 1648 3048 cum
1669 2999 1893 3047 Samarita

488 3168 533 3223 1)
551 3171 626 3208 Ed.
642 3171 764 3210 Fran.
784 3175 825 3210 et
841 3174 931 3222 Rig.
956 3175 1074 3220 post
1104 3175 1320 3221 partum.
1419 3171 1463 3218 2)
1480 3161 1695 3210 E‘dsFran.
1711 3168 1887 3217 indign
1915 3185 1923 3203 ε

377 3228 421 3277 3)
440 3229 461 3263 1
483 3229 574 3266 Cor.
594 3231 632 3275 9,
652 3229 677 3263 4
696 3239 781 3275 sqq.
897 3226 1108 3278 4)Matth.
1131 3231 1196 3278 18,
1215 3231 1251 3267 3.
1301 3232 1366 3277 19,
1386 3229 1451 3266 14.
1570 3227 1613 3275 5)
1630 3225 1777 3264 Matth.
1795 3227 1860 3274 10,
1881 3228 1891 3261 3
