1942 3554
49 38 54 43 ’
69 47 90 59 ς
132 54 138 57 Α

43 86 57 131 ἰ
489 103 581 141 Au
633 100 1014 141 NATloNEs
1058 98 1189 140 me.
1228 103 1261 140 1.
1589 104 1702 154 155

44 241 304 305 ⁴venarum,
338 253 390 292 ut
413 243 600 310 quidam
619 245 759 293 etiam
784 245 830 292 in
854 245 1097 309 principes
1122 245 1250 309 ipsos
1276 244 1545 294 libertatem
1570 263 1702 296 suam

58 318 250 384 impune
295 316 577 365 iaculentur.
670 314 768 363 Sed
788 326 797 333 ·’
813 316 1064 364 veritatem
1111 316 1276 364 seculo
1318 318 1701 381 operosissimam

57 388 329 456 philosophi
376 387 563 453 quidem
609 385 856 444 affectant,
912 385 1161 450 possident
1205 396 1361 436 autem
1411 388 1698 450 Christiani,

58 460 266 525 ideoque
299 460 376 524 qui
408 456 675 523 possident,
717 458 868 521 magis
909 456 1182 522 displicent,
1225 461 1334 523 quia
1373 460 1451 524 qui
1491 459 1700 519 affectat,

58 530 235 590 illudit,
283 530 362 594 qui
412 527 650 594 possidet,
706 526 946 589 defendit3
1013 528 1217 594 denique
1265 529 1494 578 Socrates
1542 548 1603 579 ex
1641 548 1703 580 ea

54 611 191 668 parte
224 600 468 649 damnatus
501 608 593 658 est,
622 599 729 664 quia
753 601 947 664 propius
982 608 1249 648 tentaverat
1279 602 1547 660 veritatem,
1582 601 1699 651 deos

51 682 241 722 vestros
266 669 578 730 destruendo,
613 687 887 736 quamquam
913 669 1118 718 nondum
1144 680 1254 719 tunc
1281 673 1327 718 in
1363 674 1502 720 terris
1528 690 1699 721 nomen

55 743 392 802 Christianum,
432 751 586 790 tamen
618 743 795 790 veritas
828 758 1017 806 semper
1055 741 1382 790 damnabatur.
1448 743 1612 808 Itaque
1650 754 1700 792 et

53 816 314 881 sapientem
346 830 440 862 non
473 813 732 878 negabitis,
768 815 844 861 cui
877 815 1019 861 etiam
1053 813 1250 879 Pythius
1288 823 1452 862 vester
1482 816 1697 863 testimo-

53 888 179 935 nium
211 884 414 935 dixerat.
469 885 715 944 Virorum,
749 886 921 950 inquit,
957 885 1159 933 omnium
1188 884 1414 934 Socrates
1442 887 1698 950 sapientis-

0 993 1 1020 ]
45 960 211 1009 azimus.
299 957 431 1006 Vicit
469 955 737 1021 Apollinem
774 958 974 1015 veritas,
1016 966 1067 1004 ut
1097 958 1198 1021 ipse
1231 956 1459 1006 adversus
1492 974 1543 1006 se
1582 975 1698 1022 pro-

51 1029 316 1090 nuntiaret3
354 1029 603 1077 confessus
636 1037 711 1076 est
742 1028 889 1086 enim,
922 1044 973 1075 se
1015 1027 1151 1076 deum
1185 1045 1278 1075 non
1313 1045 1437 1087 esse,
1472 1027 1556 1076 sed
1589 1046 1696 1078 eum

52 1116 239 1167 quoque
272 1100 664 1165 sapientissimum
696 1099 956 1158 affirmans,
994 1100 1072 1163 qui
1106 1098 1222 1147 deos
1254 1099 1510 1161 abnuebat,
1546 1117 1693 1165 porro

51 1171 176 1237 apud
206 1188 291 1219 vos
323 1187 382 1219 eo
414 1171 564 1218 minus
598 1171 816 1235 sapiens,
869 1172 976 1235 quia
1009 1169 1126 1217 deos
1157 1170 1391 1229 abnuens,
1443 1188 1546 1219 cum
1581 1171 1692 1220 ideo

52 1244 257 1307 sapienS,
291 1243 399 1308 quia
431 1241 548 1290 deos
581 1242 808 1290 abnuens.
866 1242 967 1301 Quo
994 1258 1125 1289 more
1160 1243 1300 1290 etiam
1334 1242 1470 1290 nobis
1503 1244 1688 1291 soletis:

47 1313 203 1362 bonus
247 1315 322 1362 vir
372 1313 549 1360 Lucius
595 1313 769 1371 Titius,
818 1315 993 1360 tantum
1042 1313 1167 1376 quod
1216 1313 1529 1375 Christianus,
1580 1316 1692 1363 item

46 1386 185 1435 alius:
224 1401 316 1451 ego
348 1385 495 1431 miror
528 1383 691 1431 Caium
725 1383 885 1432 Seium
917 1400 1114 1448 gravem
1146 1385 1295 1431 virum
1336 1385 1510 1432 factum
1555 1386 1693 1433 Chri-

48 1458 263 1506 stianum.
326 1455 418 1503 Pro
451 1454 678 1503 stultitiae
712 1456 950 1502 caecitate
982 1454 1174 1509 laudant
1207 1472 1326 1519 quae
1360 1458 1535 1515 sciunt,
1571 1458 1692 1504 vitu-

46 1537 216 1594 perant
253 1542 373 1593 quae
413 1528 654 1584 nesciunt,
703 1535 751 1574 et
788 1524 836 1573 id
876 1524 1003 1591 quod
1033 1527 1189 1574 sciunt
1221 1543 1279 1574 eo
1314 1527 1435 1591 quod
1471 1529 1693 1576 nesciunt

44 1599 230 1649 vitiant.
308 1597 499 1646 Nemini
539 1597 780 1646 subvenit:
822 1614 880 1645 ne
914 1596 1024 1645 ideo
1065 1597 1216 1645 bonus
1249 1599 1353 1662 quis
1388 1608 1435 1646 et
1465 1599 1687 1663 prudens,

46 1671 155 1737 quia
201 1670 523 1729 Christianus,
571 1677 652 1715 aut
697 1668 807 1716 ideo
858 1668 1177 1727 Christianus,
1230 1670 1338 1734 quia
1384 1670 1593 1734 prudens
1641 1680 1691 1720 et

43 1741 214 1802 honus,
249 1758 354 1789 cum
372 1741 432 1789 sit
447 1740 693 1788 humanius
719 1739 908 1787 occulta
934 1740 1194 1787 manil'estis
1219 1739 1512 1799 adiudicare,
1549 1759 1687 1806 quam

43 1814 294 1861 manifesta
325 1810 383 1859 de
417 1811 607 1859 occulto
647 1810 994 1874 praeiudicare.
1079 1809 1282 1876 Aliquos
1322 1813 1364 1875 1)
1404 1821 1535 1859 retro
1576 1822 1686 1861 aute

43 1884 137 1932 hoe
169 1899 340 1932 nomen
371 1899 546 1946 vagos,
597 1882 738 1940 viles,
787 1882 1026 1946 improbos
1058 1891 1252 1941 norant,
1297 1882 1575 1932 emendatos
1607 1901 1687 1933 re-

42 1964 186 2021 pente
218 1955 469 2012 mirantur,
505 1963 554 2002 et
578 1962 732 2000 tamen
758 1954 919 2001 mirari
952 1970 1087 2018 quam
1114 1955 1303 2018 assequi
1329 1964 1516 2003 norunt.
1587 1955 1687 2004 Alii

44 2036 174 2075 tanta
212 2025 531 2074 obstinatione
574 2033 782 2083 certant,
831 2034 882 2072 ut
922 2041 1025 2072 cum
1064 2025 1160 2072 suis
1207 2025 1488 2073 utilitatibus
1538 2026 1685 2091 depu-

44 2106 212 2163 gnent,
255 2113 368 2162 quas
409 2095 467 2144 de
509 2097 796 2144 commercio
838 2097 973 2144 istius
1012 2097 1213 2144 nominis
1254 2112 1429 2161 capere
1461 2108 1678 2162 possunt.

44 2167 158 2234 Scio
196 2169 411 2217 maritum
450 2184 589 2215 unum
629 2176 770 2232 atque
812 2167 975 2224 alium,
1023 2168 1211 2216 anxium
1252 2177 1383 2215 retro
1426 2168 1484 2217 de
1516 2172 1683 2218 uxoris

33 2238 156 2288 'Euae
187 2239 417 2301 moribus,
452 2239 531 2303 qui
555 2254 615 2286 ne
641 2254 799 2287 mures
827 2238 1013 2304 quide'm
1040 2240 1085 2286 in
1113 2239 1378 2287 cubiculum
1413 2241 1682 2305 irrepentes

43 2311 147 2358 sine
177 2312 355 2376 gemitu
386 2310 675 2374 suspicionis
708 2310 995 2369 sustinebat,
1045 2320 1290 2375 comperta
1329 2327 1497 2359 caussa
1528 2328 1681 2360 novae

45 2380 308 2431 sedulitatis
334 2391 384 2431 et
407 2382 659 2431 inusitatae
687 2383 994 2447 captivitatis,
1030 2399 1214 2430 omnem
1240 2383 1378 2430 uxori
1402 2383 1679 2446 patientiam

39 2451 294 2512 obtulisse,
340 2468 544 2518 negasse
590 2453 887 2519 zelotypum,
929 2453 1147 2501 maluisse
1189 2453 1326 2517 lupae
1366 2470 1503 2518 quam
1543 2453 1680 2501 Chri-

43 2521 224 2573 stianae
262 2525 504 2585 maritum,
555 2525 646 2589 ipsi
685 2541 813 2572 suam
854 2525 986 2571 licuit
1025 2526 1071 2570 in
1117 2540 1393 2589 perversum
1434 2523 1677 2574 demutare

43 2597 280 2657 flaturam,
319 2595 505 2644 mulieri
537 2612 630 2643 non
662 2596 875 2661 permisit
907 2596 952 2642 in
986 2595 1152 2642 melius
1185 2596 1452 2643 reformari.
1537 2597 1679 2646 Pater

45 2665 203 2726 filium,
235 2666 296 2715 de
321 2683 413 2732 quo
439 2667 574 2732 queri
601 2667 823 2726 desierat,
853 2665 1181 2714 exheredavit.
1222 2665 1450 2716 Dominus
1473 2684 1675 2728 servum,

43 2743 183 2802 quem
214 2746 470 2805 praeterea
500 2739 821 2805 necessarium
855 2746 1093 2796 senserat,
1128 2739 1173 2784 in
1207 2739 1495 2803 ergastulum
1529 2739 1675 2788 dedit.

45 2807 193 2856 Simul
224 2809 326 2872 quis
348 2808 640 2857 intellexerit
666 2809 1004 2867 Christianum,
1038 2810 1213 2857 mavult
1235 2819 1505 2862 nocentem.
1554 2811 1675 2860 Nam

43 2887 93 2926 e't
124 2879 224 2943 ipsa
254 2894 342 2944 per
371 2895 422 2927 se
454 2878 719 2928 traducitur
751 2880 1019 2944 disciplina,
1069 2896 1157 2930 nee
1197 2880 1384 2930 aliunde
1415 2882 1673 2948 prodimur,
