1942 3554
477 147 569 189 AD
606 143 984 189 NATIONES
1021 143 1149 182 LlB.
1185 144 1237 181 11.
1389 141 1393 146 ’
1563 142 1682 204 177

87 235 93 259 l

24 304 226 360 quoque
256 289 387 339 velut
415 289 463 336 in
493 288 636 336 urbes
666 303 773 335 suas
805 287 927 334 tueri
942 319 1096 333 .......
1117 285 1408 349 potuissent.
1488 283 1541 333 Si
1581 284 1675 335 Ro-

24 363 187 412 manis
215 360 511 427 praestitisse
543 358 811 415 valuerunt,
845 372 931 404 cur
958 355 1174 403 Athenas
1206 373 1231 403 a
1264 354 1429 404 Xerxe
1459 355 1677 405 Minerva

39 450 134 482 non
166 430 411 481 defendit?
457 429 531 478 vel
571 445 658 476 cur
696 427 861 475 Delfos
901 425 959 474 de
993 443 1128 473 manu
1171 426 1341 491 Pyrrhi
1377 424 1547 490 Apollo
1581 444 1675 475 non

42 505 192 552 eruit?
231 502 480 551 Servarint
510 499 674 547 urbem
707 498 984 555 Romanam,
1027 498 1104 561 qui
1137 514 1220 544 sua
1251 496 1587 561 perdiderunt,
1635 500 1676 546 si

23 575 131 623 v<hoc
163 572 450 637 religiositas
466 569 676 617 Romana
693 569 880 616 meruit.
917 566 1061 631 Atqui
1089 584 1181 614 non
1206 576 1315 630 post
1340 584 1563 616 summum
1587 568 1675 616 im-

34 645 218 709 perium
236 643 387 692 auctis
403 642 493 689 iam
509 640 652 688 rebus
669 638 944 703 superstitio
965 639 1178 702 quaesita
1204 641 1306 686 est?
1337 637 1400 685 Et
1421 640 1461 686 si
1478 656 1505 686 a
1521 639 1675 687 Numa

30 731 174 764 esaera
191 711 464 761 introducta
479 720 599 768 sunt,
618 709 820 757 nondum
840 717 994 756 tamen
1012 718 1092 755 aut
1108 709 1371 756 simulacris
1389 718 1469 756 aut
1484 711 1672 774 templis

23 801 118 835 zres
145 793 331 834 vestras
363 782 519 831 divina
548 779 854 829 frustrabant.
932 779 1076 843 Frugi
1106 779 1280 843 religio
1313 788 1362 826 et
1391 782 1672 843 paupertina

28 855 338 922 ‹superstitio‚
376 853 543 901 altaria
583 853 836 901 temeraria
868 860 916 897 et
946 867 1058 899 vasa
1089 849 1299 908 sordida,
1336 859 1385 897 et
1415 850 1556 898 nidor

21 942 102 976 ex
127 926 248 985 illis,
280 934 330 973 et
360 924 478 973 deus
509 925 609 988 ipse
641 939 865 987 nusquam
887 956 992 970 .....
1015 921 1253 985 religiosi,
1289 937 1421 985 quam
1451 922 1668 981 maioreS,

25 997 150 1062 ‘oq'nia
177 996 412 1060 religiosi.
478 994 656 1059 Atquin
688 992 924 1058 quomodo
953 1027 1130 1042 ........
1160 992 1440 1056 religionem
1475 1002 1522 1040 et
1554 992 1670 1040 deo-

24 1084 142 1116 ‹rmn
170 1065 578 1131 profundissimam
611 1081 769 1112 curam
809 1065 1055 1128 imperium
1087 1063 1310 1110 Romanis
1345 1098 1571 1112 ..........
1600 1066 1670 1111 vi-

22 1137 143 1187 zlderi
164 1139 344 1203 possit,
385 1136 511 1202 quod
542 1136 681 1183 laesis
711 1136 867 1199 potius
900 1133 1001 1181 deis
1033 1143 1219 1181 auctum
1252 1136 1355 1182 est?
1392 1134 1497 1182 Nisi
1530 1135 1671 1182 fallor

34 1209 186 1267 enim,
221 1224 357 1256 omne
389 1223 585 1271 regnum
616 1206 692 1253 vel
725 1206 969 1269 imperium
995 1205 1130 1252 bellis
1156 1207 1419 1269 quaeritur,
1454 1215 1501 1252 et
1530 1205 1669 1253 bellis

30 1278 303 1344 iampliatur.
391 1277 540 1325 Porro
557 1309 758 1324 .........
774 1275 836 1323 ib.
886 1285 939 1323 et
981 1275 1057 1323 dei
1095 1275 1240 1323 urhis.
1334 1275 1453 1323 Nam
1503 1275 1669 1324 eadem

25 1359 227 1415 -strages
259 1358 309 1397 et
336 1350 570 1396 moenium
604 1356 653 1395 et
681 1347 982 1410 templorum,
1020 1363 1161 1410 pares
1195 1346 1369 1394 caedes
1410 1356 1457 1394 et
1498 1347 1669 1394 civium

20 1430 90 1470 ·et
118 1418 443 1478 sacerdotum,
498 1417 695 1466 eaedem
740 1418 934 1480 rapinae
980 1418 1283 1480 profanorum
1330 1426 1377 1464 et
1408 1434 1667 1466 sacrorum.

29 1489 129 1540 {Tot
172 1490 426 1554 sacrilegia
470 1488 811 1546 Romanorum,
855 1486 980 1551 quod
1033 1488 1286 1551 trophaea,
1332 1496 1402 1534 tot
1441 1487 1498 1536 de
1547 1488 1665 1546 deis,

30 1570 155 1627 lquot
183 1561 242 1609 de
274 1560 493 1625 gentibus
530 1558 767 1623 triumphi.
855 1558 1050 1607 Manent
1088 1567 1135 1605 et
1175 1559 1423 1606 simulacra
1463 1560 1666 1623 captiva,

30 1641 90 1680 et
120 1634 276 1696 utique
307 1632 429 1680 senti
473 1664 698 1679 ..........
735 1629 852 1678 deos
891 1646 984 1676 non
1024 1638 1193 1676 amant.
1272 1628 1368 1676 Sed
1408 1631 1514 1694 quia
1552 1630 1669 1677 nihil

26 1704 268 1761 sentiunt,
315 1704 500 1766 impune
532 1700 802 1759 laeduntur,
851 1709 899 1747 et
930 1701 1008 1764 qui
1048 1717 1140 1747 non
1173 1699 1442 1758 laeduntur,
1490 1701 1668 1749 frustra

18 1772 310 1822 :adm-antur.
378 1773 540 1836 ltaque
574 1788 770 1835 quorum
802 1771 1038 1834 fastigium
1073 1804 1297 1818 ..........
1336 1769 1541 1818 adultum
1576 1781 1665 1830 est,

32 1861 132 1893 mon
164 1852 362 1909 possunt
389 1842 543 1890 videri
573 1842 820 1904 religionis
852 1842 1032 1889 meritis
1065 1842 1337 1887 excrevisse
1374 1842 1544 1889 ....nis
1568 1843 1666 1889 sive

40 1913 275 1963 laedendo
309 1920 577 1961 creverunt.
661 1911 875 1975 Regnum
908 1912 1158 1959 universae
1191 1912 1408 1959 nationes
1442 1914 1667 1976 tempori--

33 1985 126 2034 -bus
156 1984 444 2042 habuerunt,
475 1991 525 2030 ut
555 1981 766 2047 Assyrii,
807 1991 858 2029 ut
893 1981 1045 2039 Medi,
1089 1990 1138 2028 ut
1178 1981 1380 2039 Persae,
1423 1991 1474 2028 ut
1501 1980 1669 2047 Aegy-

23 2056 126 2121 sptii
279 2063 360 2102 aut
388 2070 535 2119 penes
568 2051 816 2117 quosdam,
866 2062 913 2100 et
947 2063 1097 2099 tamen
1138 2052 1216 2115 qui
1247 2053 1525 2111 amiserunt,
1574 2070 1667 2100 non

29 2125 142 2175 sine
181 2125 493 2188 religionibus
525 2133 574 2172 et
605 2123 755 2182 cultu,
798 2133 845 2171 et
876 2122 934 2171 de
968 2124 1280 2187 propitiorum
1307 2122 1502 2171 deorum
1534 2140 1667 2172 mora

45 2230 175 2246 ......
192 2196 338 2244 cessit
366 2197 584 2243 universa
614 2211 765 2259 paene
806 2192 1078 2241 dominatio.
1148 2192 1263 2241 Sors
1301 2203 1564 2258 temporum
1604 2197 1667 2244 ita

22 2267 313 2317 *volutat....
350 2265 595 2326 Quaerite,
636 2266 739 2330 quis
778 2274 1037 2330 temporum
1069 2265 1200 2313 vices
1235 2264 1483 2314 ordinavit.
1538 2266 1668 2315 Idem

21 2351 190 2402 ⁸tegna
234 2336 494 2402 dispensat,
557 2345 606 2384 et
635 2353 759 2384 nunc
805 2351 951 2400 penes
998 2334 1233 2383 Romanos
1280 2352 1381 2383 eam
1428 2353 1665 2395 summam,

20 2415 257 2474 2tanquam
301 2409 544 2473 pecuniam
590 2406 648 2455 de
694 2407 849 2455 multis
889 2406 1151 2454 nominibus
1199 2415 1414 2453 exactam
1451 2407 1499 2453 in
1530 2423 1666 2454 unam

29 2492 198 2528 lateam
251 2479 579 2544 congregavit.
675 2477 796 2538 Quid
850 2476 908 2526 de
963 2493 1020 2524 ea
1064 2477 1304 2534 statuerit,
1359 2476 1514 2523 sciunt
1555 2493 1666 2540 pro-

26 2547 156 2597 uximi
185 2550 250 2598 ei.

98 3155 349 3222 Taurum.
367 3193 396 3222 1.
1245 3194 1311 3241 12
