1942 3554
1828 0 1886 171 ,
1939 21 1942 63 2

1856 173 1942 235 Ξ

250 207 338 250 44
825 206 906 242 DE
943 206 1273 245 ΒΑΡΤ15Μο.

248 319 475 368 111(11·1111·10
506 314 836 379 peccatoribus
867 332 959 362 non
990 325 1084 373 est,
1133 333 1271 379 quae*
1298 333 1390 363 non
1435 317 1706 369 assiduitate
1750 339 1852 370 sor·
1938 367 1942 374 ,

249 390 372 436 (1111111
402 387 577 433 infecta
606 401 764 432 rursus
797 401 910 448 quos
943 385 1078 432 diluit
1106 387 1329 449 inquinat.
1646 383 1649 385 ⁴
1934 438 1935 442 Ἰ

391 461 470 508 16.
530 455 615 503 Ε51
639 454 822 519 quidem
848 456 982 502 nobis
1009 457 1148 502 etiam
1173 455 1423 503 secundum
1441 458 1689 517 lavacrum,
1717 475 1854 509 unum
1927 449 1935 458 Ἀ

249 538 298 576 61
326 530 504 591 ipsum,
542 527 778 587 sanguinis
824 526 1030 572 scilicet:
1078 525 1135 572 de
1169 542 1257 590 quo
1290 526 1522 575 dominus:
1568 529 1744 588 habeo,
1783 532 1856 577 in-

249 600 370 663 quit,
401 597 630 660 baptismo
662 596 898 657 tingui1),
935 611 1070 657 quum
1101 597 1190 642 iam
1221 597 1392 643 tinctus
1422 597 1599 646 fuisset.
1646 598 1860 648 Venerat
1930 604 1937 622 ¹

248 670 369 716 enim
399 683 485 731 per
515 681 679 729 aquam
712 674 760 712 et
790 667 1083 727 sanguinem,
1117 667 1238 717 sicut
1267 666 1464 715 Ioannes
1479 669 1526 728 2)
1558 670 1768 733 scripsit,
1807 677 1862 718 ut
1931 722 1933 738 1

247 754 377 802 aqua.
398 738 714 799 tingueretur,
747 737 970 797 sanguine
1000 736 1367 798 glorificaretur,
1398 737 1594 801 proinde
1621 730 1863 788 nos'facess

246 818 323 856 ret
336 809 382 868 ³)
417 823 538 870 aqua
564 814 785 862 vocatos,
819 807 1043 867 sanguine
1076 807 1270 853 electos.
1332 805 1429 853 Hos
1460 806 1576 855 duos
1605 809 1860 873 baptismos
1936 840 1938 850 1

248 878 306 926 de
336 878 533 926 vulnere
560 877 763 940 perfossi
794 876 955 923 lateris
987 877 1161 933 emisit,
1210 885 1434 939 quatenus
1480 879 1556 942 qui
1595 880 1642 926 in
1673 881 1863 942 sangui·
1926 878 1934 901 ³

248 965 352 996 nem
384 950 483 995 eius
523 945 796 1002 crederent,
843 962 962 1009 aqua
1007 947 1294 1003 lavarentur,
1341 948 1417 1010 qui
1461 960 1580 1011 aqua
1624 949 1861 1009 lavissent,
1934 1000 1942 1015 .

248 1020 388 1065 etiam
419 1017 690 1079 sanguinem
720 1025 953 1079 potarent.
1016 1016 1102 1063 Hic
1128 1026 1200 1063 est
1221 1017 1490 1080 baptismus,
1523 1020 1600 1082 qui
1626 1020 1862 1068 lavacrum

248 1097 297 1136 et
326 1104 418 1134 non
451 1095 696 1148 acceptum
727 1094 1053 1148 repraesentat
1077 1095 1125 1132 et
1154 1086 1384 1149 perditum
1409 1087 1580 1135 reddit.
1932 1127 1938 1147 f

392 1161 472 1207 17.
536 1155 769 1218 Superest
797 1154 858 1201 ad
890 1154 1258 1202 concludendam
1288 1158 1578 1204 materiolam
1609 1157 1667 1206 de
1702 1159 1864 1208 obser·
1932 1210 1933 1213 ,

246 1228 437 1274 vatione
470 1241 653 1289 quoque
690 1224 832 1271 dandi
867 1234 917 1272 et
946 1225 1211 1288 accipiendi
1239 1226 1513 1289 baptismum
1553 1231 1866 1277 commonefa-
1923 1217 1928 1232 ⁴

250 1308 378 1346 cere.
452 1295 607 1343 Dandi
653 1294 837 1359 quidem
875 1296 1018 1343 habet
1047 1297 1117 1342 ius
1149 1312 1347 1343 summus
1377 1296 1624 1356 sacerdos,
1672 1301 1750 1363 qui
1794 1305 1873 1348 est:
1932 1335 1942 1351 π.

251 1370 524 1432 episcopu53
573 1365 743 1413 dehinc
789 1366 1055 1430 presbyteri
1095 1375 1143 1413 et
1173 1366 1381 1424 diaconi,
1427 1383 1520 1414 non
1565 1377 1719 1416 tamen
1763 1372 1871 1419 sine·
1924 1401 1930 1404 -

249 1439 462 1503 episcopi
492 1438 798 1493 auctoritate,
830 1446 1026 1500 propter
1056 1437 1288 1487 ecclesiae
1319 1437 1570 1496 honorem,
1604 1455 1693 1502 quo
1719 1441 1875 1499 salvo,

250 1510 379 1557 salva
408 1525 500 1572 pax
530 1516 615 1554 651.
675 1505 898 1570 Alioquin
931 1509 1069 1554 etiam
1100 1508 1232 1554 laicis
1262 1509 1332 1555 ius
1364 1516 1457 1565 est,
1492 1508 1636 1572 (quod
1660 1511 1781 1557 enim
1807 1526 1875 1559 ex
1932 1551 1938 1566 r,

251 1596 401 1643 aequo
434 1579 686 1642 accipitur,
735 1593 987 1640 exaequo
1034 1576 1135 1624 (lari
1163 1581 1370 1642 potest,)
1418 1579 1507 1625 nisi
1537 1580 1746 1644 episcopi
1775 1582 1876 1628 ianm
1925 1613 1934 1643 ⁴..

252 1659 332 1701 aut
360 1650 627 1713 presbyteri
653 1656 733 1694 aut
758 1647 945 1694 diaconi
968 1657 1197 1695 vocantur
1223 1647 1473 1715 discentes.
1505 1647 1691 1697 Domini
1710 1667 1867 1698 sermo
1932 1643 1937 1646 ⁴

251 1738 345 1767 non
377 1719 518 1767 (161161
547 1716 774 1766 abscondi
806 1718 862 1764 ab
895 1719 1005 1764 ullo.
1080 1717 1297 1774 Proinde
1317 1727 1366 1766 et
1393 1719 1669 1782 baptismus,
1717 1731 1866 1785 aeque
1924 1713 1939 1775 ,f

255 1790 330 1838 dei
363 1806 550 1847 census,
584 1789 640 1836 ab
675 1788 885 1834 omnibus
917 1790 1335 1852 exerceri'potest.
1398 1786 1494 1836 Sed
1522 1798 1693 1854 quanto
1718 1793 1870 1855 magis
1922 1782 1926 1834 Ῑ

253 1862 386 1909 laicis
418 1860 665 1923 disciplina
693 1857 1011 1906 verecundiae
1044 1868 1093 1906 et
1137 1858 1393 1906 modestiae
1437 1860 1684 1918 incumbit,
1731 1877 1877 1925 quum.
1919 1867 1921 1874 ³

252 1948 312 1980 ea
341 1931 593 1978 maioribus
626 1938 889 1992 competat,
921 1945 979 1976 ne
1011 1929 1099 1976 sibi
1130 1927 1372 1977 adsumant
1402 1928 1603 1977 dicatum
1635 1931 1877 1996 episcopis
1921 1968 1926 1976 .

254 2002 459 2049 officium
494 2002 832 2064 [episcopatus]
851 2000 915 2059 4).
975 1999 1240 2048 Aemulatio
1260 2000 1569 2052 ‚schismatum
1599 2009 1750 2051 mater
1777 2009 1862 2050 est.

255 2072 420 2120 Omnia
449 2072 595 2119 licere
629 2069 747 2116 (lixit
777 2071 1091 2117 sanctissimus
1138 2071 1400 2135 apostolus,
1447 2069 1530 2118 sed
1575 2086 1668 2118 non
1707 2074 1875 2120 ‘omnia
1935 2087 1937 2089 ’

255 2142 479 2205 expedire
497 2143 561 2201 ⁵).
625 2139 840 2187 Sufficiat
869 2142 1074 2198 scilicet,
1108 2142 1154 2187 in
1186 2141 1543 2188 necessitatibus
1572 2143 1742 2200 utaris,
1775 2144 1860 2190 sic·
1922 2157 1933 2175 ¹-

253 2212 336 2259 11111
380 2220 459 2259 aut
503 2212 597 2257 loci
628 2219 708 2256 aut
737 2212 960 2272 temporis
991 2219 1070 2257 aut
1098 2227 1329 2274 personae
1363 2210 1570 2258 conditio
1613 2213 1859 2276 compellit,
1919 2237 1941 2255 .',

253 2283 385 2329 Tunc
431 2282 552 2329 enim
584 2281 848 2343 constantia
886 2282 1201 2326 succurrentis
1248 2282 1503 2343 excipitur,
1550 2296 1685 2343 quum
1729 2293 1859 2345 urget

257 2352 608 2400 circumstantia
637 2350 970 2413 periclitantis,
1013 2351 1228 2413 quoniam
1258 2366 1365 2397 reus
1397 2351 1488 2397 erit
1517 2348 1693 2413 perditi
1719 2352 1857 2400 homi-

257 2424 352 2479 nis,
400 2423 440 2469 si
469 2418 789 2485 supersederit
817 2428 1082 2483 praestare,
1129 2419 1252 2483 quod
1298 2420 1445 2468 libere
1490 2422 1655 2484 potuit.
1729 2421 1857 2476 Petu·

258 2493 402 2540 lantia
433 2499 586 2538 autem
618 2489 844 2547 mulieris,
894 2506 1010 2552 quae
1055 2492 1292 2554 usurpavit
1330 2489 1527 2548 docere,
1573 2492 1731 2555 utique
1777 2507 1877 2540 nora
1938 2554 1940 2556 Ι

251 2564 400 2611 ,etiam
445 2559 689 2624 tinguendi
732 2560 803 2607 ius
848 2559 936 2611 sibi
978 2562 1152 2624 pariet,
1198 2562 1287 2608 nisi
1330 2562 1369 2608 si
1414 2565 1531 2625 quae
1569 2577 1690 2610 nova
1717 2561 1854 2610 bestii

374 2744 419 2798 1)
453 2747 554 2784 Luc.
588 2746 653 2792 12,
690 2747 755 2783 50.
897 2745 942 2793 2)
974 2745 996 2779 1
1022 2745 1104 2780 loa.
1138 2746 1182 2792 5,
1218 2747 1255 2783 6.
1400 2744 1443 2793 3)
1474 2743 1646 2793 Legitur
1675 2743 1719 2782 in
1752 2743 1854 2782 codd

260 2802 480 2851 proinde
509 2813 601 2838 nos
633 2803 810 2838 facere
840 2811 914 2847 aq.
968 2800 1129 2837 Semler
1153 2803 1195 2837 et
1221 2800 1284 2837 cd.
1301 2799 1661 2838 Fran.P1·oinde
1690 2803 1746 2838 ut
1774 2810 1839 2839 no

261 2860 467 2896 faceret
494 2879 552 2886 -—
580 2858 803 2903 electos,
834 2857 924 2893 hos
953 2878 1009 2884 —
1040 2857 1227 2894 emisit.
1273 2857 1406 2899 Quia
1438 2857 1524 2903 qui
1556 2859 1638 2894 etc.
1687 2857 1851 2905 Recepi

263 2926 356 2952 mus
382 2926 406 2951 a
431 2914 612 2962 Rigaltio
638 2916 855 2962 probatam
879 2913 1111 2950 Wouwerii
1150 2913 1493 2950 emendationem.
1550 2913 1663 2950 Idem
1698 2913 1743 2963 in
1782 2925 1851 2962 sqq

261 2971 355 3008 Hic
387 2972 466 3007 est
496 2970 802 3018 baptismus,
847 2980 1028 3016 nempe
1059 2969 1356 3017 sanguinis,
1403 2970 1512 3018 sive
1546 2969 1845 3018 martyrium

264 3026 351 3073 qui
379 3026 646 3064 lavacrum
675 3047 731 3054 —
760 3025 943 3062 reddit.
1059 3026 1104 3072 4)
1136 3027 1225 3061 Hoc
1254 3025 1496 3066 vocabulum
1524 3036 1549 3062 a
1572 3025 1744 3062 librario
1762 3037 1842 3072 quo

265 3083 360 3120 dam
375 3082 555 3131 margini
572 3082 828 3128 adscriptum
847 3082 889 3118 in
906 3083 1066 3118 textum
1086 3081 1246 3118 illatum
1266 3093 1358 3119 esse
1374 3081 1566 3118 arbitror.
1602 3082 1765 3119 Iunius:
1782 3081 1838 3119 of
1924 3119 1925 3122 ,

265 3139 459 3176 ficium.
489 3138 845 3186 Episcopatus
876 3137 1154 3176 aemulatio
1180 3142 1259 3175 etc.
1354 3135 1399 3190 5)
1433 3138 1848 3187 1cor.6,12.10,23
1924 3172 1927 3179 ,
