1942 3554
319 257 448 302 166
887 257 978 295 DE
1011 257 1351 297 ancrrm.

318 387 420 418 cum
451 369 547 425 illo,
581 369 800 426 scientes,
833 367 956 432 quod
987 367 1221 426 Christus,
1261 369 1508 418 suscitatus
1537 386 1566 418 a
1593 373 1801 431 mortuiS‚
1831 375 1937 425 iam

316 457 409 486 non
440 440 688 496 moriatur,
734 455 859 486 mors
896 455 988 485 non
1027 440 1116 486 iam
1155 438 1419 488 dominetur
1455 441 1571 489 eius.
1632 441 1765 501 Quod
1804 445 1935 496 enim

315 518 523 557 mortuus
555 517 626 556 est
656 507 1019 572 delinquentiae,
1051 518 1258 557 mortuus
1289 518 1360 557 est
1389 512 1548 559 semel.
1610 511 1744 572 Quod
1773 523 1937 579 autem

314 581 442 637 vivit,
476 578 567 626 deo
598 580 724 627 vivit.
787 579 858 627 Ita
889 588 937 627 et
966 589 1181 643 reputate
1219 582 1550 645 vosmetipsos,
1589 591 1796 631 mortuos
1829 584 1939 649 quic-³-

317 648 421 698 dem
468 648 836 713 delinquentiae,
881 652 1092 698 viventes
1138 660 1289 698 autem
1335 650 1425 698 deo
1463 668 1551 716 per
1586 652 1816 702 Christum
1855 655 1936 713 IQ

316 737 415 769 sum
433 722 495 781 1).
572 721 720 783 Igitur
763 722 908 768 semel
954 720 1139 768 Christo
1185 730 1398 779 mortuo,
1445 739 1580 770 nemo
1625 732 1782 787 potest
1823 721 1940 788 po&

318 791 551 839 Christum
590 800 798 839 mortuus
835 790 1203 855 delinquentiae,
1236 801 1284 839 et
1321 793 1518 841 maxime
1544 794 1730 853 tantae,
1761 796 1933 844 revivitb

316 878 469 910 scere.
529 860 626 908 Aut
663 863 701 908 si
739 863 888 926 possit
924 863 1173 909 fornicatio
1213 871 1261 910 et
1291 863 1506 911 moechia
1543 862 1695 912 denuo
1733 863 1931 927 admitti,

316 933 494 997 poterit
539 940 588 979 et
633 931 843 979 Christus
888 931 1040 979 denuo
1086 933 1219 980 mori.
1278 932 1448 985 >Instat
1496 942 1650 982 autem
1693 936 1942 1000 apostolus·

317 1002 572 1068 prohibens
610 1018 812 1065 regnare
853 1001 1214 1066 delinquentiam
1260 1004 1306 1049 in
1353 1020 1556 1068 corpore
1601 1013 1763 1053 nostro
1808 1021 1930 1054 mon-

319 1073 423 1130 tali,
448 1074 602 1138 =euius
647 1073 961 1120 infirmitatem
1008 1074 1162 1120 earnis
1204 1083 1413 1121 voverat.
1476 1073 1611 1122 Sicut
1648 1076 1769 1123 enim
1801 1077 1930 1124 exhi-

318 1143 482 1190 buistis
521 1142 728 1189 membra
762 1151 921 1189 vestra
957 1143 1127 1189 famula
1165 1142 1480 1191 immunditiae
1517 1153 1568 1204 et
1604 1146 1838 1209 iniquitati
1873 1145 1942 1194 ad·

318 1214 624 1276 iniquitatem,
644 1213 710 1259 ita
741 1221 789 1259 et
818 1229 939 1260 nunc
971 1213 1190 1260 exhibete
1223 1229 1278 1260 ea
1315 1214 1720 1263 famula-iustitiae
1751 1217 1799 1263 in
1829 1233 1931 1264 san-

321 1283 602 1331 ctimoniam.
663 1281 784 1329 Nam
824 1284 911 1329 etsi
942 1282 1155 1330 habitare
1193 1282 1363 1331 bonum
1407 1285 1454 1331 in
1493 1300 1634 1333 carne
1672 1302 1756 1334 sua
1791 1302 1931 1350 nega-

319 1353 471 1414 vit2)‚
518 1351 602 1400 sed
638 1351 890 1400 secundum
922 1353 1073 1416 legem
1105 1354 1293 1411 literae,
1333 1354 1380 1401 in
1412 1371 1502 1419 qua
1537 1356 1646 1414 fuit,
1685 1356 1942 1406 secundum

321 1432 475 1472 autem
507 1424 661 1486 legem
693 1424 897 1487 spiritus,
931 1425 1006 1471 cui
1037 1440 1122 1472 nos
1153 1425 1376 1484 annectit,
1405 1425 1576 1473 liberat
1592 1426 1942 1477 ahinfirmita'te

322 1495 492 1542 carnis.
554 1493 657 1541 Lex
701 1495 846 1552 enim,
893 1495 1062 1558 inquit,
1108 1496 1298 1558 spiritus
1339 1496 1466 1544 vitae
1509 1498 1772 1545 manumisit
1816 1506 1864 1547 te
1908 1514 1942 1546 a·

322 1566 428 1628 lege
468 1563 814 1628 delinquentiae
861 1574 909 1611 et
952 1566 1114 1612 mortis
1129 1567 1192 1624 3).
1261 1566 1398 1614 Licet
1442 1568 1564 1614 enim
1610 1583 1669 1615 ex
1705 1577 1838 1632 parte
1877 1579 1942 1618 ez*

323 1635 553 1683 Iudaismo
587 1634 825 1699 disputare
856 1634 1084 1693 videatur,
1117 1635 1202 1683 sed
1233 1637 1278 1684 in
1310 1653 1395 1684 nos
1427 1636 1589 1701 dirigit
1617 1640 1929 1702 integritatem

324 1715 372 1754 et
410 1705 745 1770 plenitudinem
784 1704 1153 1770 disciplinarum,
1199 1717 1396 1771 propter
1432 1724 1548 1772 quos
1584 1708 1853 1758 laborantes
1889 1711 1942 1758 in·

322 1777 429 1839 lege
460 1793 547 1841 per
577 1792 766 1823 carnem
804 1777 982 1824 miserit
1018 1776 1131 1824 deus
1170 1778 1311 1825 filium
1342 1794 1470 1826 suum
1507 1780 1554 1826 in
1592 1779 1928 1829 similitudinem

324 1848 479 1895 carnis
518 1846 888 1910 delinquentiae,
936 1856 984 1895 et
1020 1857 1215 1911 propter
1252 1847 1614 1912 delinquentiam
1652 1849 1929 1899 damnaverit

325 1916 689 1982 delinquentiam
719 1919 766 1964 in
798 1934 963 1975 carne,
996 1920 1062 1965 uti
1093 1920 1162 1966 ius
1201 1919 1343 1982 legis,
1383 1920 1553 1983 inquit,
1591 1921 1864 1984 impleretur
1890 1922 1934 1969 it»

324 1988 481 2045 nobis,
529 1989 604 2053 qui
636 2005 729 2035 non
768 1988 1020 2036 secundum
1059 2006 1271 2047 carnem,
1317 1988 1401 2037 sed
1439 1989 1691 2041 secundum
1729 1993 1938 2055 spiritum

325 2057 598 2106 incedimus.
660 2058 748 2117 Qui
779 2060 900 2105 enim
938 2059 1190 2107 secundum
1229 2076 1417 2108 carnem
1447 2060 1690 2120 incedunt,
1731 2077 1789 2110 ea
1820 2077 1942 2127 quae·

328 2130 481 2176 carnis
511 2137 617 2176 sunt
645 2130 844 2192 sapiunt,
879 2132 926 2176 et
957 2131 1032 2193 qui
1063 2129 1315 2178 secundum
1353 2131 1578 2194 spiritum,
1597 2148 1654 2180 ea
1685 2148 1803 2196 quae
1835 2149 1918 2180 sun

324 2200 526 2262 spiritus.
590 2197 785 2246 Sensum
817 2208 970 2246 autem
1003 2202 1156 2247 carnis
1187 2209 1382 2248 mortem
1415 2202 1661 2250 affirmavit
1691 2218 1811 2251 esse.
1844 2202 1926 2252 De·

323 2268 432 2316 hinc
465 2277 513 2316 et
550 2269 837 2315 inimicitiam
876 2270 1000 2316 etin
1031 2269 1190 2327 deum,
1240 2279 1288 2318 et
1327 2287 1410 2318 eos
1450 2273 1525 2335 qui
1556 2281 1660 2319 sunt
1698 2273 1746 2320 in
1778 2289 1920 2320 carne

325 2337 374 2386 id
405 2347 478 2386 est
507 2340 554 2386 in
584 2354 721 2392 sensu
753 2340 920 2396 carnis,
955 2338 1044 2386 deo
1075 2341 1266 2403 placere
1297 2357 1389 2387 non
1418 2357 1574 2404 posse.
1649 2341 1733 2388 Et:
1781 2341 1832 2390 Si
1863 2359 1926 2391 se-

327 2407 531 2456 cundum
558 2424 744 2456 carnem
774 2410 942 2467 vivitis,
975 2411 1137 2474 inquit,
1169 2411 1369 2457 futurum
1401 2419 1474 2458 est
1509 2421 1560 2458 ut
1596 2413 1855 2460 moriamini
1871 2413 1917 2473 ⁴)

327 2479 448 2539 Quid
478 2487 633 2526 autem
664 2480 962 2542 intelligimus
995 2481 1148 2527 carnis
1178 2497 1361 2528 sensum
1392 2490 1440 2528 et
1471 2483 1624 2529 carnis
1652 2483 1818 2541 vitam,
1850 2485 1920 2531 nis

327 2549 634 2614 quodcunque
664 2548 808 2613 pudet
837 2552 1170 2614 pronuntiare?
1207 2551 1378 2599 Cetera
1409 2553 1529 2599 enim
1563 2553 1716 2600 carnis
1747 2562 1796 2601 et
1824 2570 1925 2618 apo·

326 2621 473 2668 stolus
511 2622 808 2668 nominasset.
877 2620 1080 2668 Proinde
1119 2629 1167 2669 et
1203 2621 1417 2686 Ephesiis
1460 2623 1658 2686 pristina
1700 2632 1926 2688 reputans.-

328 2689 386 2739 de
418 2692 574 2738 futuro
606 2700 786 2740 monet:
848 2690 900 2743 In
932 2692 1094 2754 quibus
1133 2701 1181 2740 et
1218 2709 1303 2740 nos
1341 2695 1607 2741 conversati
1645 2710 1820 2752 sumus,
1867 2694 1925 2742 fa·

329 2762 508 2810 cientes
540 2763 943 2825 concupiscentias
975 2771 1023 2810 et
1050 2763 1312 2826 voluptates
1351 2764 1505 2811 carnis
1520 2763 1584 2823 5).
1643 2763 1826 2812 Notans
1855 2762 1924 2812 de

327 2832 465 2895 nique
497 2833 625 2890 illos,
659 2833 734 2895 qui
764 2848 815 2880 se
847 2842 1118 2895 negassent,
1157 2834 1342 2881 scilicet
1372 2832 1684 2891 Christianos,
1725 2851 1782 2882 eo
1814 2833 1931 2898 quoi>

328 2917 378 2948 se
410 2901 712 2950 tradidissent
741 2903 787 2949 in
821 2905 1140 2965 operationem
1171 2902 1486 2951 immunditiae
1518 2905 1688 2952 omnis:
1725 2903 1825 2952 Vos
1855 2920 1924 2952 au·

327 2980 437 3028 tem,
469 2973 638 3036 inquit,
671 2990 763 3020 non
794 2974 862 3020 sic
902 2971 1129 3022 didicistis
1161 2974 1433 3022 Christum.‘
1466 2973 1528 3022 Et
1556 2976 1723 3023 iter-um
1760 2976 1828 3022 sic
1865 2973 1924 3021 di·

443 3137 853 3190 1)Rom.6,1-11.
969 3140 1284 3194 2)R0m.7,18.
1371 3144 1657 3193 3)Rom.8,2.
1749 3142 1915 3192 4)·R0m

330 3196 608 3242 8,3—8.13.
725 3197 1005 3249 5)Eph.2,3.
