1942 3554
290 235 424 282 20ss
666 237 750 275 DE
779 236 1155 276 VIRGINIBUS
1183 236 1527 279 VELANDIS.

292 350 527 415 qualitatis
557 364 668 395 suae
699 349 858 394 fuisse.
921 347 1141 395 Ceterum
1173 349 1308 413 quale
1340 358 1426 411 est,
1457 359 1523 408 ut,
1557 367 1675 415 quae
1708 353 1756 400 in
1786 353 1912 404 futu-..2

290 438 388 468 rum
418 428 672 467 vocaretur
701 420 886 466 nomine
925 417 1196 481 designato,
1242 421 1289 466 in
1319 422 1557 485 praesenti
1586 423 1700 470 nihil
1732 423 1936 487 cognomi(

290 493 576 537 minaretur?
635 489 855 536 Omnibus
895 490 1168 537 animalibus
1198 490 1351 538 Adam
1390 493 1578 540 nomina
1614 494 1844 557 imposuit*-
1861 486 1915 556 eff

289 562 462 608 nemini
494 576 555 607 ex
584 561 739 606 futura
771 558 1066 617 conditione,
1114 560 1198 607 sed
1229 578 1290 608 ex
1326 564 1564 625 praesenti
1594 558 1913 634 institutione{

291 633 365 679 cui
411 630 619 678 conditio
667 646 968 694 quaecunque
1015 631 1231 689 serviret,
1277 632 1369 679 hoc
1415 634 1674 697 appellata,
1723 634 1847 699 quod
1884 635 1915 693 ἑ

289 701 546 766 primordio
576 701 741 748 voluit.
805 700 925 759 Quid
956 717 1073 763 ergo
1105 710 1215 748 tunc
1245 703 1534 750 vocabatur?
1590 704 1765 768 Atquin
1798 699 1913 769 quo-i,

289 774 564 836 tiescunque
596 773 643 818 in
674 772 907 834 scriptura
938 773 1224 830 nominatur,
1258 774 1425 821 mulier
1456 776 1740 838 appellatur,
1781 785 1913 826 ante-‘r

291 860 424 906 quam
463 852 627 906 nupta,
676 851 724 889 et
769 859 998 905 nunquam
1035 844 1193 905 virgo,
1243 860 1344 890 cum
1381 846 1534 908 virgo.
1596 845 1698 893 Hoc
1744 860 1913 897 nomen

289 922 384 960 tum
414 930 552 960 unum
583 913 650 959 illi
681 913 782 969 fuit,
817 921 865 959 et
897 912 1079 976 quando
1112 914 1225 960 nihil
1255 916 1535 978 prophetico
1567 915 1706 963 modo
1739 915 1913 967 ‹lictum'

290 993 376 1031 est.
437 983 557 1030 Nam
590 1000 691 1030 cum
724 984 954 1047 scriptura
985 985 1135 1030 refert
1164 985 1306 1032 fuisse
1338 985 1487 1033 nudos
1518 985 1651 1044 duos,
1681 985 1832 1034 Adam
1865 993 1915 1034 et

289 1055 531 1101 mulierem
563 1056 678 1111 eius,
711 1070 799 1101 nec
831 1055 922 1100 hoc
955 1053 1012 1101 de
1044 1055 1199 1101 futuro
1233 1057 1368 1119 sapit,
1403 1058 1534 1119 quasi
1570 1058 1812 1104 mulierem
1844 1057 1915 1104 di-

287 1126 414 1172 xerit
445 1126 567 1181 eius,
600 1125 646 1170 in
678 1126 926 1187 praesagio
960 1126 1142 1181 uxoris,
1190 1125 1273 1172 sed
1312 1128 1527 1189 quoniam
1559 1135 1607 1174 et
1635 1129 1828 1192 innupta
1858 1129 1915 1176 il-

290 1196 378 1241 lius
410 1196 590 1251 mulier,
623 1203 675 1240 ut
705 1193 763 1240 de
796 1195 1058 1240 substantia
1087 1196 1246 1258 ipsius.
1309 1195 1428 1253 Hoc,
1461 1198 1630 1260 inquit,
1665 1215 1717 1245 os
1748 1214 1808 1246 ex
1839 1215 1916 1245 os-

289 1266 415 1312 sibus
447 1266 561 1318 meis
593 1273 642 1312 et
673 1281 784 1311 caro
819 1281 879 1311 ex
910 1281 1052 1312 carne
1085 1281 1189 1312 mea
1205 1267 1250 1326 1)
1282 1267 1530 1314 vocabitur
1558 1268 1738 1316 mulier.
1796 1267 1914 1316 Hinc

289 1352 406 1398 ergo
453 1336 599 1382 tacita
646 1336 937 1382 conscientia
991 1344 1186 1383 naturae
1231 1338 1332 1400 ipsa
1380 1336 1597 1385 divinitas
1642 1339 1824 1388 animae
1869 1339 1925 1386 in

288 1423 418 1453 usum
451 1406 678 1453 sermonis
717 1404 880 1453 eduxit
916 1407 1233 1454 nescientibus
1265 1408 1549 1466 hominibus,
1595 1410 1717 1456 sicut
1747 1418 1796 1456 et
1824 1409 1929 1457 alia>

288 1478 446 1534 multa,
481 1493 598 1540 quae
627 1493 692 1524 ex
721 1478 955 1540 scriptura
993 1477 1096 1524 fieri
1128 1487 1176 1525 et
1206 1477 1301 1525 dici
1330 1480 1487 1527 solere
1518 1479 1933 1544 alibi‘poterimus.

291 1547 562 1605 ostendere,
596 1549 662 1594 uti
694 1548 914 1595 mulieres
953 1557 1137 1595 nostras
1176 1547 1384 1597 dicamus
1414 1566 1610 1608 uxores,
1644 1566 1915 1614 quamquam

291 1628 340 1666 et
369 1619 626 1682 improprie
661 1617 885 1682 quaedam
918 1619 1174 1681 loquamur.
1236 1619 1356 1666 Nam
1395 1629 1444 1667 et
1477 1619 1672 1678 Graeci,
1714 1622 1790 1685 qui
1819 1637 1942 1668 ma-.

291 1691 363 1752 gis
392 1690 624 1736 vocabulo
657 1690 863 1736 mulieris
895 1690 950 1735 in*
971 1705 1120 1736 uxore
1152 1698 1356 1748 utuntur,
1389 1691 1483 1738 alia
1511 1691 1686 1739 habent
1722 1692 1916 1755 propria

288 1760 521 1808 vocabula
550 1761 726 1806 uxoris.
791 1758 886 1806 Sed
918 1760 1038 1806 malo
1072 1759 1193 1807 hunc
1232 1777 1361 1807 usum
1393 1760 1453 1808 ad
1492 1763 1753 1826 scripturae
1784 1763 1917 1810 testi-

290 1831 494 1878 monium
526 1829 768 1893 deputare.
831 1829 920 1876 Ubi
959 1831 1080 1877 enim
1113 1829 1204 1877 duo
1235 1832 1282 1877 in
1313 1848 1448 1883 unam
1489 1847 1679 1880 carnem
1708 1831 1917 1880 efficiun-

289 1910 367 1948 tur
396 1917 484 1965 per
514 1901 796 1948 matrimonii
826 1917 1011 1958 nexum,
1046 1917 1158 1948 caro
1191 1917 1252 1948 ex
1284 1918 1426 1950 carne
1458 1902 1508 1950 et
1545 1919 1599 1951 os
1637 1919 1700 1950 ex
1736 1903 1916 1952 ossibus

289 1981 490 2020 vocatur
520 1971 774 2019 secundum
806 1972 1035 2033 originem
1068 1973 1235 2033 mulier
1265 1973 1380 2031 eius,
1399 1979 1474 2021 'ex
1504 1975 1635 2035 cuius
1660 1973 1925 2024 substantia*

290 2043 457 2107 incipit
496 2043 681 2090 censeri
719 2043 847 2089 facta
885 2058 1019 2089 uxor.
1081 2042 1153 2089 Ita
1197 2043 1364 2091 mulier
1399 2060 1493 2091 non
1537 2053 1706 2092 natura
1747 2059 1917 2092 nomen

291 2123 365 2161 est
393 2114 569 2171 uxoris,
604 2112 688 2160 sed
718 2129 840 2160 uxor
870 2111 1141 2160 conditione
1174 2130 1343 2161 nomen
1375 2123 1448 2162 est
1475 2115 1699 2165 mulieris.
1774 2114 1918 2163 Deni‘-

292 2200 380 2247 que
412 2184 579 2231 mulier
609 2192 658 2231 et
687 2200 780 2230 non
812 2200 932 2230 uxor
962 2182 1057 2230 dici
1086 2192 1258 2247 potest,
1291 2201 1385 2231 non
1422 2186 1591 2233 mulier
1619 2194 1774 2234 autem
1797 2199 1923 2246 uxor

290 2254 387 2301 dici
425 2270 519 2301 non
558 2262 737 2317 potest,
786 2255 893 2316 quia
931 2269 1018 2300 nec
1059 2269 1179 2301 esse.
1243 2254 1508 2302 Constituto
1547 2257 1693 2318 igitur
1730 2257 1922 2304 nomine·

291 2340 442 2372 novae
488 2325 712 2381 feminae,
762 2322 885 2386 quod
931 2331 1003 2370 est
1040 2324 1229 2381 mulier,
1278 2333 1326 2371 et
1365 2326 1589 2388 explicito
1629 2325 1753 2390 quod
1789 2327 1918 2389 prius

290 2396 394 2452 fuit,
427 2393 475 2442 id
507 2403 579 2441 est
608 2395 793 2441 nomine
826 2395 1080 2456 assignato,
1114 2395 1350 2441 convertit
1380 2396 1471 2442 iam
1502 2394 1562 2443 ad
1591 2396 1921 2460 propheticam

291 2466 548 2522 rationem,
597 2466 667 2512 uti
706 2464 913 2512 diceret:
974 2473 1170 2528 propter
1214 2465 1334 2512 hanc
1379 2467 1614 2530 relinquet
1650 2467 1790 2514 homo
1835 2483 1917 2531 pa·

292 2545 411 2584 trem
443 2545 492 2583 et
528 2545 739 2583 matrem.
798 2534 937 2583 Adeo
977 2544 1240 2599 separatum
1279 2544 1352 2583 est
1379 2553 1549 2584 nomen
1586 2553 1616 2585 a
1650 2537 1914 2602 prophetia,

295 2616 513 2671 quantum
545 2616 593 2654 et
623 2607 680 2654 ab
713 2609 813 2670 ipsa
843 2622 1061 2670 persona,
1094 2615 1145 2653 ut
1175 2623 1267 2654 non
1297 2607 1456 2671 utique
1495 2607 1553 2656 de
1583 2609 1686 2672 ipsa
1714 2607 1816 2656 Eva
1845 2607 1917 2658 div·

291 2680 441 2735 xerit,
474 2676 558 2725 sed
589 2679 635 2724 in
666 2678 770 2724 illas
808 2678 1004 2727 feminas
1035 2678 1236 2735 futuras,
1279 2694 1390 2741 quas
1421 2679 1468 2725 in
1499 2680 1694 2727 matrice
1716 2679 1922 2742 'generis‘

293 2749 505 2796 feminini
538 2750 804 2795 nominarit.
864 2747 1086 2811 Alioquin
1118 2765 1211 2794 non
1241 2747 1391 2796 Adam
1422 2749 1672 2796 relicturus
1702 2758 1806 2797 erat
1833 2764 1916 2814 pa-

296 2827 415 2867 trem
448 2828 496 2867 et
525 2827 743 2876 matrem,
792 2835 907 2882 quos
938 2835 1031 2864 non
1061 2819 1286 2876 habebat,
1333 2828 1529 2883 propter
1565 2818 1724 2867 Evam.
1784 2818 1925 2883 Ergo

297 2906 392 2936 non
423 2889 483 2936 ad
514 2889 657 2937 Evam
690 2891 910 2953 pertinet,
946 2890 1051 2952 quia
1081 2904 1170 2937 neo
1202 2889 1261 2936 ad
1290 2888 1458 2948 Adam,
1491 2888 1613 2954 quod
1636 2891 1914 2954 prophetice

299 2958 471 3008 dictum
505 2969 590 3007 est.
651 2960 722 3008 De
754 2961 1024 3007 maritorum
1057 2961 1177 3007 enim
1204 2959 1474 3008 conditione
1498 2959 1804 3025 praedictum,
1837 2959 1912 3024 qni

300 3031 358 3077 ob
392 3031 630 3077 mulierem
661 3039 881 3094 parentes
927 3047 1035 3077 suos
1073 3039 1209 3078 erant
1244 3031 1479 3091 relicturi,
1526 3029 1649 3096 quod
1685 3031 1732 3078 in
1769 3030 1911 3079 Evam

414 3183 458 3234 1)
476 3188 576 3224 Gen.
595 3187 633 3232 2,
653 3185 716 3225 23.
