1942 3554
27 153 50 185 ς

30 214 57 231 μ

384 258 469 298 ΒΕ
496 255 874 300 vutemmus
902 253 1242 294 VELANDIS.
1503 247 1628 294 215

0 345 117 436 du.
174 372 432 424 Videamus
463 389 605 437 ergo,
654 368 779 436 quod
823 370 1070 417 humanum
1118 377 1213 427 est
1261 384 1320 416 an
1365 366 1545 414 firmum
1575 365 1637 413 sit

0 444 242 522 ιφνοιπιι

128 523 262 570 1.4
289 515 523 565 Referunt
553 512 804 578 aliquando
838 512 1014 560 dictum
1044 529 1072 560 a
1103 510 1301 576 quadam
1319 511 1367 572 1)
1408 526 1513 557 cum
1543 509 1641 574 pri-
1715 500 1718 504 ⁴

157 571 372 655 quaestio
403 587 494 635 ista
525 591 707 634 tentata
739 593 835 633 est:
884 593 933 632 et
973 582 1217 648 quomodo
1242 591 1429 630 ceteras
1461 581 1642 629 sollici'-

85 660 205 710 imus
233 658 295 708 ad
325 657 590 707 huiusmodi
622 655 770 722 opus?
845 654 1046 707 Scilicet
1089 655 1258 702 felices
1304 663 1391 701 ιἰο5
1444 653 1640 710 facient,

68 730 235 799 'plures
264 738 425 789 erunt,
458 737 508 778 et
538 745 631 776 non
663 727 741 776 dei
773 728 929 790 gratia
958 727 1033 774 vel
1065 727 1233 773 merita
1266 726 1476 789 eiusque.
1529 723 1645 771 Vir-

88 817 141 852 es
171 801 449 859 eeclesiam,
486 817 556 848 a-n
602 799 809 868 ecclesia
846 799 1056 861 virgines
1091 805 1229 844 ornat
1259 795 1350 844 deo
1383 797 1480 844 sive
1514 811 1645 843 com—

0 803 227 1007 Ξυᾶειῑῖ
299 872 530 921 Confessa
545 873 592 932 2)
642 879 715 919 est
758 870 906 932 igitur
922 833 1151 932 ”gloriam
1206 883 1310 915 esse
1364 868 1412 914 in
1460 882 1642 913 caussa.

76 959 158 994 rm
187 943 269 993 ubi
300 945 492 1026 gloria,
510 943 607 989 illic
639 941 939 999 sollicitatio,
972 939 1051 986 uhi
1082 938 1375 995 sollicitatio,
1408 937 1507 984 illic
1528 953 1648 984 coa·

117 1014 243 1076 ·ubi
273 1015 486 1071 coactio,
519 1012 616 1060 illic
648 1012 932 1070 necessitas3
965 1010 1045 1057 uhi
1070 1010 1352 1067 necessitas,
1386 1008 1484 1056 illic
1517 1008 1649 1055 infir-

122 1103 161 1135 s.
212 1085 396 1134 Merito
427 1086 610 1148 itaque,
657 1082 765 1130 dum
812 1090 953 1146 caput
998 1098 1091 1128 non
1137 1090 1326 1144 tegunt,
1374 1089 1424 1127 ut
1470 1079 1651 1127 sollici-

60 1167 170 1207 ntur
199 1158 383 1222 gloriae
418 1172 607 1212 caussa,
638 1162 831 1202 ventres
869 1162 1036 1216 tegere
1084 1161 1338 1216 coguntur
1363 1151 1650 1198 infirmitatis

87 1245 148 1277 n
218 1227 502 1276 Aemulatio
548 1226 672 1274 enim
718 1225 823 1271 illas
870 1241 964 1271 non
1009 1224 1180 1286 rcligio
1234 1222 1472 1287 producit.
1548 1221 1652 1269 Ali-

0 1094 221 1368 ξαιιιίο
233 1307 284 1347 et
311 1301 413 1364 ipse
445 1297 560 1345 deus
589 1304 758 1344 venter
788 1311 970 1352 earum,
1006 1295 1113 1359 quia
1142 1295 1284 1342 facile
1315 1294 1525 1356 virgines
1557 1293 1653 1339 fra«

0 1373 214 1430 wernitas
244 1371 454 1434 suscipit.
515 1367 620 1415 Nec
655 1375 834 1414 tantum
866 1375 1021 1421 autem
1062 1374 1224 1424 ruunt,
1272 1364 1357 1412 sed
1405 1373 1453 1411 et
1496 1365 1654 1411 funem

96 1456 204 1506 gum
236 1440 518 1489 delictorum
549 1439 638 1486 sibi
668 1438 923 1485 attrahunt.
972 1437 1194 1484 Prolatae
1219 1438 1341 1484 enim
1373 1437 1420 1482 in
1451 1434 1656 1483 medium

53 1512 333 1578 publicato
363 1511 491 1558 bono
523 1524 608 1557 suo
641 1510 795 1557 elatae
827 1518 877 1555 et
906 1526 933 1556 a
967 1509 1196 1556 fratribus
1229 1509 1354 1555 omni
1385 1507 1568 1554 honore
1609 1515 1660 1554 et

0 1592 23 1647 J
75 1583 230 1633 ritatis
261 1583 541 1647 operatione
575 1581 863 1638 cumulatae,
912 1578 1018 1626 dum
1067 1597 1160 1626 non
1209 1580 1380 1636 latent,
1428 1578 1508 1625 ubi
1548 1576 1658 1642 quid

0 1670 3 1675 '
57 1656 268 1710 ‚missum
298 1662 372 1702 est
385 1654 458 1713 ³),
492 1660 667 1700 tantum
700 1650 952 1700 dedecoriS
985 1649 1220 1714 cogitant,
1255 1652 1475 1714 quantum
1507 1649 1660 1696 hono-

64 1783 71 1800 ¹
113 1727 393 1774 habuerunt.
472 1722 524 1771 Si
555 1725 783 1771 intectum
816 1731 959 1787 caput
987 1723 1251 1785 virginitati
1284 1721 1586 1779 adscribitur,
1620 1721 1660 1767 si

138 1798 276 1860 virgo
306 1794 544 1844 exciderit
575 1793 633 1843 de
666 1796 820 1857 gratia
849 1795 1159 1856 virginitatis,
1193 1809 1252 1839 ne
1285 1791 1538 1856 prodatur,
1588 1793 1661 1838 in-

86 1878 91 1883 “
121 1886 150 1916 o
180 1874 430 1933 permanet
459 1867 639 1934 capite,
687 1874 736 1912 et
780 1874 892 1912 tunc
931 1867 1021 1911 iam
1054 1865 1210 1911 alieno
1243 1864 1451 1910 ambulat
1481 1863 1659 1920 habitu,

7 1941 18 1954 “
100 1947 174 1988 est
204 1954 341 2003 quem
372 1937 463 1984 sibi
497 1935 708 1984 vindicat
751 1936 1023 1999 virginitas,
1070 1943 1317 1999 permanet
1360 1935 1663 1981 nihilominus

2 2011 70 2066 iia
99 2010 262 2059 habitu
289 2009 367 2057 vel
397 2017 508 2066 tunc
540 2008 714 2061 saltem?
737 2008 916 2063 alieno,
951 2023 1009 2053 ne
1042 2007 1230 2053 scilicet
1261 2007 1517 2052 mutatione
1549 2022 1663 2069 pro-

0 2080 186 2142 udatur3
219 2081 442 2129 consciae
473 2079 803 2126 muliebritatis
834 2081 925 2125 iam
959 2077 1220 2125 indubitate
1237 2079 1284 2137 4)
1326 2076 1503 2124 audent
1535 2075 1661 2124 nudo

0 2147 9 2189 ss
54 2154 181 2218 apite
212 2150 273 2199 ad
302 2149 449 2198 deum·
473 2148 638 2197 adirea
679 2148 775 2196 Sed
808 2150 1072 2197 aemulator
1102 2148 1216 2196 deus
1249 2157 1298 2196 et
1322 2147 1551 2205 dominus,
1587 2147 1664 2212 qui

8 2225 168 2284 vit:
214 2222 330 2270 nihil
377 2222 612 2269 occultum
660 2220 786 2284 quod
833 2238 925 2268 non
971 2221 1349 2279 revelabitur⁵)3
1409 2220 1663 2283 plerasque

55 2296 170 2343 'am
190 2295 250 2341 in
282 2300 587 2356 conspectum
621 2290 829 2339 deducit.
876 2291 986 2338 Non
1020 2293 1141 2338 enim
1175 2290 1542 2348 confitebuntur,
1577 2291 1667 2337 nisi

0 2378 28 2431 ,χ’
59 2376 61 2381 ’
89 2381 234 2414 orum
266 2364 511 2411 infantium
543 2379 730 2410 suorum
760 2363 996 2426 vagitibus
1027 2362 1264 2427 proditae.
1329 2361 1562 2420 Quantum
1587 2378 1668 2408 au-

80 2453 125 2484 m
154 2436 337 2501 plureS,
385 2451 478 2480 non
510 2435 650 2481 etiam
682 2433 741 2481 de
773 2435 983 2498 pluribus
1015 2434 1276 2480 sceleribus
1309 2441 1554 2496 suspectas
1586 2433 1669 2479 ha-

0 2511 31 2565 ’ᾗ
63 2507 195 2555 bis?
251 2505 440 2563 Dicam,
473 2505 587 2570 licet
617 2506 782 2562 nolim,
818 2504 1012 2551 difficile
1045 2505 1213 2550 mulier
1243 2503 1388 2550 semel
1428 2504 1501 2560 fit,
1551 2519 1670 2566 quae

0 2603 23 2636 «ὴ
67 2586 167 2626 <net
198 2575 389 2635 fieriss),
423 2591 633 2639 quaeque
674 2577 764 2622 iam
803 2576 955 2631 facta,
1003 2583 1162 2638 potest
1204 2575 1436 2637 virginem
1483 2573 1671 2620 mentiri

149 2647 258 2696 deo.
322 2646 505 2705 Quanta
533 2648 646 2693 item
680 2647 810 2692 circa
838 2654 1022 2692 uterum
1040 2661 1176 2692 ,suum
1202 2644 1409 2702 audebit,
1443 2660 1502 2692 ne
1528 2646 1672 2692 etiam

3 2707 30 2749 ’Ὗ
79 2728 188 2768 ter
217 2717 498 2781 detegatur?
559 2715 662 2764 Scit
693 2715 830 2775 deus,
866 2724 979 2780 quot
993 2716 1042 2776 Τ)
1075 2717 1166 2763 iam
1197 2717 1401 2764 infantes
1433 2724 1482 2763 et
1504 2716 1672 2780 perfici

0 2901 5 2920 ι
94 2890 112 2901 ”“
155 2858 1027 2945 1)wouweriMs.etRiga1t.quadam5
1055 2888 1205 2928 ceteri:
1231 2888 1464 2936 quodam.
1555 2889 1675 2938 2)Ιί-

78 2942 156 2979 '·›·
188 2947 459 2995 confestim
492 2942 643 2986 ceteri:
678 2947 974 2984 confessus.
1101 2947 1145 2995 3)
1169 2945 1362 2984 Latinius
1388 2945 1496 2984 coni.
1529 2944 1677 2984 durh-

19 3008 21 3012 '
92 3005 188 3042 odo
218 2991 407 3050 lateat,
451 3003 540 3040 ubi
572 3002 692 3049 quid
726 3004 1004 3041 admissum
1036 3007 1129 3041 est.
1260 3003 1509 3052 4)Riga1t.:
1550 3015 1675 3042 con-

86 3059 194 3099 ‘iae
215 3058 564 3097 mulieritatis
595 3059 691 3096 iam
717 3061 1066 3098 indubitatae.
1093 3061 1224 3098 Rhen.
1246 3060 1308 3098 ed.
1320 3062 1371 3098 1..
1363 3072 1372 3080 ·
1398 3061 1674 3099 conscien-

0 3149 22 3166 ,
129 3130 153 3157 e
181 3114 571 3157 multem-itatis
601 3115 700 3153 iam
731 3118 1032 3156 indubitate
1064 3123 1144 3156 etc.
1276 3118 1320 3167 5)
1344 3117 1490 3155 Matth-
1516 3120 1582 3163 10,
1609 3119 1674 3155 26.

28 3175 29 3179 ’
96 3173 262 3224 Rigalt.
287 3173 418 3220 quae
445 3183 547 3211 non
577 3173 728 3213 timet
758 3174 896 3213 fieri.
978 3174 1024 3225 7)
1042 3175 1269 3214 Rhenanus
1295 3177 1420 3224 quot
1443 3186 1519 3225 pro
1545 3174 1677 3223 quod
