1942 3554
1916 93 1938 119 ,ς

288 242 358 291 16
815 241 896 278 DE
933 240 1378 279 Sl’Ec‘rAcULls.

290 392 428 447 gestu
467 391 516 428 et
553 381 770 444 corporis
807 381 931 428 flexu
970 381 1207 427 mollitiam
1241 380 1422 428 Veneri
1461 389 1509 427 et
1539 379 1716 428 Libero
1749 374 1927 453 immo-{J

291 455 407 510 lant,
470 452 536 498 illi
582 466 668 514 per
712 466 897 508 sexum,
951 450 1019 497 illi
1055 466 1141 513 per
1179 451 1348 498 flexum
1394 449 1691 509 dissoluti¹).
1781 450 1928 513 Quae}

289 539 405 570 vero
452 537 572 569 voce
619 530 667 568 et
711 520 861 567 modis
908 529 956 568 ct
1002 522 1191 584 organis
1238 530 1286 568 et
1337 521 1452 585 lyris
1469 521 1513 582 2)
1569 513 1927 584 transiguntur,³

288 591 537 655 Apollines
569 600 618 640 et
646 590 803 638 Musas
835 600 883 637 et
912 590 1149 638 Minervas
1181 600 1230 637 et
1257 591 1525 639 Mercurios
1565 592 1800 654 mancipes
1830 590 1918 637 ha-'

289 662 415 709 bent.
482 660 672 719 Oderis,
714 660 1001 719 Christiane,
1050 677 1244 724 quorum
1277 670 1498 708 auctores
1528 677 1621 708 non
1653 670 1790 724 potes
1821 677 1919 709 non

292 730 468 779 odisse.
544 732 640 779 Iam
686 747 808 778 nunc
854 732 1066 779 volumus
1112 746 1374 795 suggerere
1421 730 1479 778 de
1518 730 1720 789 artibus,
1769 740 1818 779 et
1856 729 1923 779 de-

291 803 387 858 his,
436 818 632 866 quorum
677 810 897 850 auctores
942 803 988 848 in
1035 801 1297 848 nominibus
1338 816 1652 848 exsecramur.
1731 799 1916 849 Scimus

292 872 406 919 nihil
438 887 544 920 csse
577 872 763 918 nomina
795 881 1106 929 mortuorum,
1149 873 1271 919 sicut
1301 887 1389 919 nec
1422 872 1523 935 ipsa
1554 871 1802 919 simulacra
1834 886 1922 918 cof

293 959 415 989 rum:
471 941 555 990 sed
585 959 677 988 non
709 943 999 1004 ignoramus,
1048 942 1125 1006 qui
1157 941 1241 989 sub
1275 942 1376 989 istis
1408 941 1672 990 nominibus
1705 950 1754 989 et
1782 941 1919 988 insti—

295 1014 402 1059 tutis
434 1012 694 1060 simulacris
726 1021 982 1076 operentur
1020 1022 1068 1059 et
1106 1012 1342 1076 gaudeant
1381 1020 1430 1059 et
1467 1010 1756 1060 divinitatem
1788 1026 1919 1059 men-

293 1084 491 1142 tiantur,
530 1099 727 1148 nequam
760 1084 952 1146 spiritus
985 1083 1171 1130 scilicet
1202 1082 1470 1130 daemones.
1516 1081 1743 1130 Videmus
1773 1082 1920 1146 igitur

296 1156 436 1203 etiam
469 1163 597 1201 artes
631 1169 791 1200 eorum
824 1153 1083 1200 honoribus
1118 1152 1296 1200 dicatas
1329 1170 1458 1212 esse,
1509 1154 1586 1217 qui
1624 1154 1806 1200 nomina
1847 1154 1925 1203 iu-.

297 1226 457 1272 colunt
487 1232 730 1272 auctorum
764 1240 948 1281 earum,
987 1239 1074 1270 nec
1106 1223 1161 1270 ab
1196 1222 1464 1271 idololatria
1493 1238 1689 1281 vacare,
1723 1239 1916 1286 quarum

296 1296 588 1342 institutores
615 1295 754 1341 etiam
781 1302 1034 1357 propterca
1054 1292 1118 1339 dii
1138 1293 1382 1341 habentur.
1431 1293 1527 1340 lmo
1555 1291 1679 1357 quod
1705 1292 1766 1340 ad
1790 1301 1919 1340 artes

296 1367 524 1429 pertinet,
558 1364 694 1411 altius
726 1365 1087 1428 praescripsisse
1122 1362 1359 1421 debemuS,
1395 1362 1662 1421 daemonas,
1695 1362 1752 1410 ab
1784 1363 1918 1409 initio

295 1436 642 1500 prospicientes
674 1434 762 1481 sibi
794 1435 918 1481 inter
950 1443 1112 1480 cetera
1153 1433 1452 1481 idololatriae
1493 1435 1632 1481 etiam
1672 1442 1920 1496 spectacu-

298 1508 446 1554 lorum
488 1507 854 1569 inquinamenta,
905 1504 1069 1568 quibus
1108 1504 1342 1551 hominem
1381 1521 1408 1552 a
1447 1503 1537 1552 deo
1578 1511 1833 1551 avocarent
1873 1509 1920 1550 et

298 1592 383 1623 suo
417 1576 586 1622 honori
619 1574 906 1637 obligarent,
949 1574 1179 1621 eiusmodi
1212 1589 1397 1639 quoque
1429 1575 1595 1622 artium
1626 1574 1819 1637 ingenia
1847 1574 1920 1619 in·

296 1647 517 1709 spirasse.
591 1644 760 1708 Neque
808 1646 928 1691 enim
976 1644 1033 1692 ab
1079 1645 1181 1692 aliis
1227 1646 1686 1709 praeoccupatum3)
1734 1643 1918 1701 fuisset,

298 1715 421 1780 quod
453 1714 510 1762 ad
542 1715 648 1761 illos
680 1724 1009 1777 perventurum
1042 1724 1183 1761 esset.
1259 1715 1366 1762 Nec
1405 1731 1492 1778 per
1527 1715 1646 1762 alios
1686 1722 1796 1761 tunc
1835 1713 1921 1760 ho-

297 1787 444 1832 mines
476 1783 755 1842 edidissent,
805 1800 937 1848 quam
969 1800 1056 1847 per
1086 1786 1236 1848 ipsos,
1269 1785 1316 1830 in
1350 1801 1542 1848 quorum
1575 1783 1839 1831 nominibus
1873 1791 1921 1831 et

298 1855 577 1919 imaginibus
616 1863 664 1901 et
701 1855 909 1901 historiis
948 1855 1180 1901 fallaciam
1227 1855 1602 1902 consecrationis
1642 1853 1733 1901 sibi
1770 1869 1920 1917 nego-

298 1927 410 1973 tium
444 1934 636 1973 acturae
654 1926 698 1986 ⁴²)
733 1925 1090 1971 constituerant.

436 2000 518 2045 11.
577 1994 637 2041 Ut
677 1993 793 2040 ordo
832 2004 1106 2057 peragatur,
1155 1996 1363 2041 ineamus
1410 1996 1550 2043 etiam
1595 2011 1797 2058 agonum
1843 2010 1922 2041 re-

301 2074 561 2113 tractatum.
626 2064 771 2127 Origo
804 2066 903 2111 istis
937 2063 994 2110 de
1028 2063 1240 2110 ludorum
1272 2066 1624 2128 propinquitate
1658 2073 1747 2112 est.
1805 2063 1917 2111 Inde

300 2145 347 2184 et
392 2137 480 2199 ipsi
526 2136 646 2182 sacri
693 2135 767 2182 vel
814 2134 1037 2180 funebres
1086 2135 1281 2181 instituti
1321 2143 1400 2180 aut
1439 2133 1526 2180 diis
1565 2135 1803 2181 nationum
1841 2142 1922 2181 aut

299 2207 493 2258 moi-tuis
546 2205 680 2252 fiunt:
749 2203 945 2267 proinde
1011 2203 1277 2263 [titu1i:]⁵)
1350 2203 1562 2267 Olympia
1615 2203 1737 2262 Iovi,
1800 2219 1919 2267 quae

300 2289 405 2328 sunt
436 2278 611 2327 Romae
646 2274 923 2338 Capitolina,
959 2274 1068 2319 item
1095 2273 1289 2320 Herculi
1314 2273 1515 2331 Nemea,
1550 2273 1771 2338 Neptuno
1798 2273 1919 2321 Isth-

300 2352 412 2409 mia,
454 2346 606 2398 ceteri
637 2353 923 2391 mortuorum
955 2344 1071 2390 varii
1102 2359 1279 2405 agones
1298 2343 1356 2404 ⁶).
1436 2343 1557 2402 Quid
1589 2361 1705 2407 ergo
1738 2344 1916 2402 mirum,

301 2422 340 2468 si
394 2429 641 2485 apparatus
693 2431 894 2482 agonum
950 2412 1216 2464 idololatria
1272 2422 1555 2482 conspurcat
1610 2413 1667 2465 de
1727 2414 1918 2467 coronis

414 2649 454 2694 1)
486 2646 728 2682 Rhenanus:
762 2644 1135 2693 patrocinium,
1172 2657 1298 2691 quae
1330 2665 1386 2672 —-
1418 2656 1616 2682 scenae.
1649 2646 1717 2683 De
1739 2664 1798 2672 —
1828 2655 1915 2692 per

299 2704 501 2741 fluxum
528 2701 820 2738 dissolutis.
866 2701 1091 2748 Rigaltius:
1127 2702 1488 2747 patrocinium.
1537 2701 1677 2743 Quae
1705 2722 1757 2728 —-
1786 2700 1913 2738 mol-

298 2759 449 2797 litiae
473 2756 690 2794 Veneris
718 2757 957 2794 etLiberi
980 2777 1035 2783 —
1061 2769 1147 2803 per
1174 2757 1373 2793 fluxum
1399 2753 1690 2796 dissolutis.
1710 2758 1914 2794 Wouwet

300 2827 322 2853 e
344 2817 434 2854 MS.
466 2825 553 2861 per
582 2813 756 2849 luxum
791 2813 906 2849 diss.
953 2813 1031 2854 Eu,
1055 2813 1234 2850 Franek.
1261 2819 1302 2849 et
1326 2813 1506 2852 Semler:
1539 2812 1913 2861 patrocinium,

299 2882 428 2918 quae
458 2890 514 2896 —-
559 2868 796 2915 corporis
829 2869 993 2905 fluxu.
1066 2870 1189 2906 Nam
1227 2869 1496 2906 mollitiam
1525 2869 1719 2907 Veneri
1750 2871 1800 2906 et
1827 2868 1913 2905 Li-

299 2930 419 2966 bero
444 2924 798 2963 immolabant:
822 2924 974 2960 illi—
992 2926 1193 2962 fluxum
1218 2925 1480 2962 dissoluti.
1520 2925 1639 2968 Quae
1663 2923 1912 2972 recepimus,

297 2983 471 3031 propius
496 2980 702 3019 accedunt
727 2981 779 3016 ad
804 2980 994 3018 codicum
1023 2981 1296 3029 scripturam,
1336 2993 1420 3018 uno
1446 2983 1572 3019 verbo
1600 2980 1762 3027 addito,
1803 2979 1911 3026 quod

297 3039 425 3077 facile
449 3037 588 3086 potuit
610 3047 634 3073 a
658 3036 829 3074 librario
855 3037 1004 3074 omitti.
1123 3038 1168 3084 2)
1199 3036 1391 3086 literis,
1418 3037 1660 3084 Rhenanus,
1686 3036 1747 3072 ed.
1765 3035 1910 3084 Paris„

296 3096 365 3132 Fr.
386 3094 543 3132 lunius.
632 3093 675 3139 3)
710 3096 1058 3140 procuratum,
1085 3093 1305 3140 Rigaltius.
1395 3093 1440 3142 4)
1474 3093 1661 3140 acturi,
1687 3091 1909 3138 Rigaltius.

299 3152 341 3199 5)
375 3150 524 3188 tituli
561 3150 679 3186 abest
709 3148 754 3184 in
785 3149 846 3184 ed.
870 3149 1061 3186 Rhenani
1091 3154 1131 3186 et
1155 3149 1285 3186 Paris.
1418 3149 1469 3197 6)
1504 3148 1730 3186 Rhenanus
1763 3150 1806 3184 et
1835 3147 1909 3183 Ri·
1940 3143 1942 3193 ζ

295 3207 469 3256 galtius:
504 3204 671 3243 ceteri
700 3206 977 3242 mortuarii
1009 3217 1217 3254 agones.
1940 3211 1942 3222 ²
