1942 3554
464 117 552 154 AD
588 113 966 154 NATIONES
1005 113 1133 151 LIB.
1175 112 1224 148 11.
1556 106 1669 156 157

0 254 2 257 ’
36 266 178 324 a‘tque
218 257 312 305 alio
350 257 590 315 veritati53
648 258 839 304 invento
882 257 1003 304 euim
1043 251 1335 302 solummodo
1377 267 1460 308 eo,
1494 265 1587 295 non
1619 256 1672 295 ut

36 331 340 387 invenerant,
369 335 716 391 exposuerunt,
744 335 794 373 ut
826 325 883 374 de
903 327 1126 390 qualitate
1152 326 1195 384 1)
1226 324 1326 371 eius
1353 330 1401 369 et
1426 320 1484 368 de
1504 330 1670 368 natura

35 410 89 450 et
118 401 208 447 iam
235 398 294 446 de
319 397 432 446 sede
459 396 750 461 disceptent·
778 397 1008 444 Platonici
1035 394 1220 459 quidem
1248 402 1486 441 curantem
1512 408 1669 440 rerum

40 480 90 519 et
120 470 346 518 arbitrum
385 477 434 516 et
463 466 693 525 iudicemx,
738 467 966 531 Epicurei
1007 468 1210 513 otiosum
1251 473 1299 512 et
1337 463 1667 519 inexercitum,

38 551 88 589 et
118 549 169 588 ut
198 541 263 587 ita
295 539 517 595 dixerim,
565 538 822 596 neminem3
868 537 1072 600 positum
1112 551 1228 583 vero
1271 543 1405 582 extra
1437 531 1670 592 mundum,

40 610 218 667 Stoici,
254 609 376 656 intra
412 606 652 665 mundum,
701 606 955 654 Platonici.
1044 607 1190 666 Quem
1231 622 1322 652 non
1362 605 1549 668 penitus
1587 603 1672 650 ad-

38 682 288 737 miserant,
325 695 479 743 neque
513 694 652 725 nosse
694 686 969 741 potuerunt,
1011 693 1163 759 neque
1204 677 1396 731 timere,
1437 690 1527 721 nec
1561 673 1671 721 inde

33 767 229 816 sapere,
271 749 595 798 exorbitantes
634 750 821 797 scilicet
865 749 922 795 ab
969 749 1104 795 initio
1152 747 1437 810 sapientiae,
1493 745 1540 791 id
1582 753 1670 801 est,

0 867 7 876 ,
37 830 163 871 metu
194 822 240 868 in
281 819 437 869 deum.
509 819 685 867 Extant
716 820 986 867 testimonia
1018 828 1110 866 tam
1149 820 1397 882 ignoratae
1424 831 1559 880 quam
1588 814 1672 862 du-

37 884 214 942 bit-atae
246 893 374 939 inter
408 890 718 955 philosophos
759 890 1034 938 divinitatis.
1127 888 1370 951 Diogenes
1411 887 1671 943 consultus,

38 961 148 1029 quid
187 963 233 1009 in
274 962 423 1009 coelis
461 970 654 1024 agatur.
701 960 972 1025 Nunquam,
1015 961 1187 1024 inquit,
1236 958 1446 1006 ascendi.
1537 956 1671 1014 Item,

37 1051 95 1083 an
129 1032 205 1081 dei
238 1024 419 1080 essent:
452 1031 658 1090 Nesci0,
692 1033 867 1096 inquit,
903 1032 990 1078 nisi
1017 1040 1066 1079 ut
1091 1032 1183 1077 sint
1209 1029 1454 1094 expediie
1501 1027 1674 1074 Thales

38 1105 274 1161 Milesius,
309 1102 489 1150 Croeso
522 1103 806 1160 sciscitanti,
840 1102 951 1167 quid
977 1102 1034 1149 de
1068 1101 1168 1149 deis
1202 1101 1530 1157 arbitraretur,
1564 1106 1674 1161 post

39 1176 219 1239 aliquot
250 1171 543 1220 deliberandi
579 1183 887 1231 commeatus,
932 1173 1044 1219 nihil
1078 1172 1378 1220 renuntiavit.
1445 1170 1674 1217 Socrates

40 1247 145 1310 ipse
202 1242 318 1291 deos
365 1244 481 1291 istos
514 1245 645 1308 quasi
687 1253 848 1291 certus
895 1244 1116 1307 negabat.
1207 1242 1336 1289 Idem
1382 1239 1674 1302 Aesculapio

42 1315 355 1380 gallinaceum
389 1316 542 1361 secari
576 1314 708 1378 quasi
743 1323 901 1362 certus
935 1314 1143 1362 iubebat.
1208 1312 1267 1359 Et
1298 1311 1409 1359 ideo
1444 1328 1548 1359 cum
1582 1319 1674 1356 tam

40 1388 225 1434 incerta
257 1393 305 1431 et
343 1385 614 1432 inconstans
654 1384 910 1432 definiendi
952 1385 1010 1432 de
1051 1384 1141 1431 deo
1174 1383 1472 1447 philosophia
1506 1381 1676 1444 depre-

41 1455 284 1512 henditur,
325 1470 460 1519 quem
493 1456 648 1518 potuit
679 1490 917 1503 ........
936 1471 988 1503 1·6
1023 1456 1145 1510 eius,
1189 1468 1324 1517 quem
1363 1470 1454 1499 non
1497 1449 1676 1515 liquido

42 1526 237 1577 tenebat
267 1524 619 1573 determinare?
649 1525 721 1573 De
752 1525 924 1573 mundo
960 1561 972 1572 .
994 1561 1004 1572 .
1026 1560 1036 1572 .
1058 1562 1068 1573 .
1105 1523 1324 1571 dicimus.
1385 1523 1519 1569 Hunc
1554 1523 1677 1569 enim

42 1598 288 1663 physicum
327 1596 601 1660 theologiae
642 1612 790 1659 genus
832 1605 1031 1660 coguntt
1074 1614 1103 1661 q
1121 1629 1323 1644 .......
1346 1604 1390 1640 ta
1431 1593 1548 1641 deos
1582 1601 1678 1639 tra-

45 1667 287 1725 diderunt,
320 1675 372 1714 ut
396 1665 652 1731 Dionysius
679 1666 870 1715 Stoicus
902 1667 1129 1714 trifariam
1164 1665 1278 1713 deos
1314 1663 1506 1722 dividat,
1541 1680 1678 1711 unam

43 1739 142 1787 vult
172 1738 405 1802 speciem,
449 1752 567 1800 quae
600 1738 646 1783 in
676 1747 894 1801 promptu
928 1739 1010 1795 sit,
1052 1746 1101 1784 ut
1134 1737 1304 1793 solem,
1346 1736 1500 1782 lunam
1534 1768 1677 1782 .....

43 1809 204 1866 aliam,
239 1823 358 1871 quae
391 1824 482 1854 non
504 1817 814 1870 compareat,
855 1817 906 1855 ut
935 1807 1228 1871 Neptunum,
1265 1807 1516 1869 reliquam,
1558 1821 1677 1868 quae

47 1879 104 1944 de
137 1877 400 1926 hominibus
431 1876 490 1926 ad
523 1876 815 1925 divinitatem
839 1879 1068 1925 transisse
1098 1876 1291 1934 dicitur,
1325 1885 1374 1922 ut
1406 1875 1678 1933 Herculem,

47 1948 394 2012 Amphiaraum.
469 1945 637 2012 Aeque
675 1946 953 1997 Arcesilaus
992 1949 1159 1995 trinam
1193 1948 1388 1993 formam
1423 1945 1680 1992 divinitatis

49 2020 202 2075 ducit,
236 2016 501 2082 Olympios,
539 2016 707 2075 Astra,
755 2019 1001 2077 Titaneos3
1052 2017 1110 2066 de
1145 2017 1293 2064 Coelo
1335 2026 1383 2064 et
1413 2016 1584 2075 Terra,
1621 2033 1682 2064 ex

48 2090 142 2146 his,
185 2087 390 2135 Saturno
430 2097 478 2135 et
518 2086 642 2152 Ope,
689 2089 979 2153 Neptunum,
1029 2089 1186 2135 Iovem
1228 2097 1276 2135 et
1316 2087 1486 2134 Orcum
1520 2096 1568 2133 et
1601 2103 1682 2134 ce-

49 2170 197 2208 teram
221 2159 590 2208 successionem.
637 2157 938 2208 Xenocrates
960 2158 1278 2207 Academicus
1304 2158 1521 2204 bifariam
1549 2158 1679 2215 facit,

43 2229 286 2296 Olympios
318 2237 368 2277 et
396 2229 631 2288 Titanios,
665 2232 742 2295 qui
776 2230 834 2278 de
868 2230 1016 2279 Coelo
1044 2238 1092 2276 et
1113 2230 1277 2277 Terra.
1331 2227 1475 2293 Aegy
1478 2230 1682 2290 ptiorum

49 2301 268 2371 plerique
301 2307 502 2363 quatuor
546 2299 664 2348 deos
697 2300 918 2359 credunt,
962 2301 1121 2349 Solem
1155 2310 1204 2348 et
1233 2300 1435 2357 Lunam,
1487 2298 1682 2346 Coelum

51 2387 108 2421 ae
125 2371 355 2419 Terram.
443 2369 556 2417 Cum
595 2371 779 2454 reliquo
812 2373 909 2436 igni
943 2388 1146 2436 superno
1196 2371 1312 2418 deos
1346 2380 1475 2417 citos
1509 2367 1684 2419 Demo-

41 2443 200 2492 critus
225 2441 508 2506 suspicatur,
536 2443 666 2488 cuius
692 2443 841 2490 instar
864 2444 962 2490 vult
987 2458 1094 2490 esse
1121 2453 1331 2489 naturam
1357 2443 1507 2488 Zen0.
1549 2440 1682 2490 Unde

43 2520 106 2563 ‘ct
132 2511 288 2560 Valro
321 2511 478 2575 ignem
511 2511 669 2559 mundi
702 2514 902 2559 animum
935 2514 1071 2570 facit,
1120 2521 1170 2558 ut
1200 2510 1400 2576 perinde
1433 2514 1479 2558 in
1512 2511 1682 2561 mundo

44 2583 178 2665 ignis
209 2583 364 2630 omnia
396 2581 655 2645 gubernet,
696 2584 819 2630 sicut
849 2584 1029 2630 animus
1062 2583 1106 2629 in
1142 2583 1291 2629 nobis.
1353 2581 1498 2647 Atqui
1529 2585 1685 2632 vanis-

44 2654 188 2701 ·sime.
277 2652 396 2699 Nam
436 2668 539 2699 cum
579 2662 674 2711 est,
723 2655 893 2718 inquit,
941 2655 987 2699 in
1028 2652 1192 2711 nobis,
1234 2653 1323 2716 ipsi
1363 2670 1543 2715 sumus3
1581 2673 1684 2703 cum

55 2722 226 2780 exivit,
248 2723 538 2770 ·emorimur.
633 2724 761 2788 Ergo
802 2733 851 2771 et
888 2725 1009 2787 ignis
1051 2740 1153 2771 cum
1187 2722 1244 2771 de
1276 2723 1446 2772 mundo
1477 2742 1567 2790 per
1596 2727 1685 2774 fut

31 2808 176 2857 ‘gnra
207 2792 546 2856 proficiscitur,
587 2794 782 2841 mundus
816 2796 1058 2841 emoritur.

201 2865 250 2912 3.
312 2861 395 2910 uis
426 2862 490 2910 ita
522 2863 780 2927 expeditis,
821 2865 1034 2912 videmus
1064 2864 1312 2930 physicum
1344 2866 1468 2915 istud
1501 2867 1561 2916 ad
1593 2869 1684 2917 hoc

174 3043 219 3093 1)
250 3043 404 3093 Rigalt.
436 3044 760 3084 invenerunt
797 3068 840 3075 —
877 3048 1178 3097 qualitati83
1210 3050 1264 3087 cf.
1296 3051 1472 3100 Apolog.
1506 3053 1571 3088 47.
