1942 3554
318 181 430 232 190
767 183 856 222 DE
888 184 1171 222 CORONA
1199 182 1496 221 MtLths.

316 332 497 371 ctorem
523 321 671 367 omnis
701 322 930 368 veritatis.
984 320 1146 383 Itaque
1180 321 1423 367 consilium
1456 328 1505 367 et
1535 317 1707 367 dictum
1737 321 1842 369 eius
1861 319 1932 379 di?

315 391 508 439 viniiam
527 392 770 454 praecepti
787 393 937 437 instar
950 390 1150 437 obtinuit
1167 389 1224 437 de
1250 391 1446 437 rationis
1457 388 1639 437 divinae
1651 391 1931 454 patrocinioffi

315 461 448 509 Hanc
480 475 600 508 nunc
632 461 877 523 expostula
908 461 1041 507 salvo
1072 459 1338 507 traditionis
1370 467 1616 524 respectu,
1641 470 1923 523 quocunun

315 529 547 578 traditore
567 539 809 588 censetur,
836 545 925 577 nec
950 538 1192 577 auctorem
1217 531 1462 593 respicias,
1489 527 1574 576 sed
1590 529 1931 597 auctoritatemg

317 610 366 648 et
395 600 605 663 inprimis
658 599 1010 648 consuetudinis
1053 600 1220 663 ipsius,
1276 615 1394 664 quae
1439 607 1694 663 propterea
1733 597 1942 661 colcudfss.=

317 679 410 727 est,
451 686 510 717 ne
542 686 634 716 non
666 670 726 716 sit
756 671 952 718 rationis
976 672 1234 733 interpres,
1265 678 1336 727 ut,
1369 671 1408 717 si
1432 678 1482 716 et
1503 669 1623 716 hanc
1649 667 1765 716 deus
1789 667 1934 725 dede}

315 742 400 798 rit,
434 749 544 787 tunc
575 738 749 797 discas,
791 756 978 788 curnam
1017 741 1060 802 1)
1092 738 1386 787 observanda
1415 740 1479 786 sit
1507 738 1588 786 tihi
1623 736 1934 805 consuetudo&

335 862 338 864 ,
453 814 499 862 5.
570 808 663 856 Sed
698 825 782 857 cur
812 812 961 857 maior
992 810 1190 857 efficitur
1219 810 1339 856 ratio
1373 808 1740 856 Christianarum
1773 807 1937 862 obsed-

317 881 575 937 vationum,
625 896 726 926 cum
781 881 882 926 illas
930 882 1067 927 etiam
1116 889 1279 928 natura
1325 878 1570 937 defendat,
1616 894 1736 943 quae
1788 878 1942 942 prim·

320 951 520 997 omnium
553 948 798 1012 disciplina
831 952 931 996 est?
962 949 1168 1030 Ideoque
1202 950 1320 997 hacc
1350 950 1498 1013 prima
1528 948 1827 1012 praescribet
1855 963 1937 1000 co»-

317 1036 482 1067 ronam
515 1020 656 1083 capiti
688 1037 780 1067 non
814 1021 1085 1068 convenire.
1163 1019 1279 1066 Puto
1313 1029 1467 1067 autem
1500 1027 1694 1066 naturae
1726 1012 1942 1069 dominu

320 1089 435 1138 deus
466 1097 628 1136 noster
659 1099 752 1147 est,
794 1091 869 1153 qui
901 1090 1119 1153 figuravit
1156 1091 1389 1137 hominem
1427 1098 1477 1136 ct
1513 1088 1744 1137 fiuctibus
1779 1101 1942 1136 reruni

319 1157 621 1223 appetendis,
667 1159 951 1217 iudicandis,
1001 1159 1345 1223 consequendis
1384 1167 1543 1206 certos
1579 1160 1625 1205 in
1667 1174 1725 1206 eo
1773 1172 1942 1208 sensu·

322 1228 557 1276 ordinavit
601 1245 687 1291 per
736 1231 926 1292 propria
972 1229 1281 1276 membrorum
1341 1227 1680 1292 quodammodo
1735 1242 1934 1292 organas

322 1298 526 1347 auditum
566 1300 610 1345 in
653 1299 844 1347 auribus
870 1299 1011 1357 fodit,
1045 1300 1190 1346 visum
1221 1300 1268 1345 in
1300 1299 1449 1346 oculis
1480 1297 1721 1356 accendit,
1755 1307 1942 1362 gustuq-

320 1368 366 1415 in
400 1385 484 1416 orc
517 1370 770 1427 conclusit,
805 1368 1049 1416 odoratum
1081 1370 1127 1415 in
1160 1369 1348 1416 naribus
1372 1369 1638 1426 ventilavit,
1673 1376 1942 1418 com-actu-

322 1441 366 1486 in
398 1439 607 1486 manibus
640 1440 918 1487 aestimavit.
995 1439 1089 1486 Per
1126 1440 1244 1487 haec
1284 1439 1541 1486 exterioris
1576 1439 1776 1486 hominis
1807 1436 1934 1487 ιιιίιιὶ-

321 1510 492 1566 steria,
539 1509 755 1556 interiori
794 1508 968 1556 homini
1006 1510 1332 1567 ministrantis,
1372 1509 1555 1556 fructus
1592 1525 1832 1557 munerum
1870 1506 1933 1558 ὦ

320 1580 533 1626 vinorum
565 1576 623 1625 ad
654 1579 847 1625 animam
881 1578 1175 1626 deducuntur
1212 1595 1239 1626 a
1277 1578 1489 1626 sensibus
1525 1579 1595 1636 2)
1652 1578 1765 1638 Quis
1796 1579 1942 1651 igfflffl

320 1649 505 1696 fructus
541 1664 602 1697 ex
637 1648 862 1696 floribus?
908 1647 1179 1696 Substantia
1220 1649 1340 1696 enim
1379 1649 1593 1728 propria,
1630 1658 1760 1696 certe
1801 1660 1930 1712 pram·

324 1720 462 1782 cipua
496 1734 775 1765 coronarum
806 1719 949 1766 flores
979 1720 1098 1781 agri.
1157 1717 1253 1765 Aut
1285 1717 1428 1776 odor,
1468 1718 1644 1780 inquis,
1677 1728 1758 1766 aut
1787 1720 1930 1776 color,

322 1797 404 1836 aut
439 1789 619 1851 pariter
656 1797 920 1851 utrumque.
997 1787 1084 1846 Qui
1125 1797 1265 1834 erunt
1302 1803 1468 1835 sensus
1505 1788 1703 1845 coloris,
1751 1786 1930 1845 odoris}

323 1860 449 1906 visus
481 1859 650 1921 opinor
681 1867 729 1905 et
760 1857 998 1906 odoratus.
1060 1858 1180 1905 Istos
1212 1873 1378 1905 sensus
1402 1873 1524 1922 quae
1547 1857 1751 1905 membra
1777 1859 1931 1906 sortisti

323 1930 458 1976 sunt?
491 1928 638 1986 oculi,
671 1929 760 1975 nisi
793 1928 952 1986 fallor,
987 1936 1036 1975 et
1065 1944 1220 1976 nares.
1275 1926 1420 1975 Utere
1446 1928 1603 1991 itaque
1627 1927 1819 1975 floribus
1841 1929 1931 1976 visu

323 2007 370 2046 et
403 1997 625 2055 odoratu,
660 2014 854 2061 quorum
886 2014 1100 2046 sensuum
1135 1999 1317 2045 fmctus
1347 2006 1440 2056 cst,
1473 2006 1611 2045 utere
1647 2014 1739 2062 per
1775 1994 1929 2046 ocutos

322 2078 372 2117 et
401 2084 560 2125 nareS,
594 2084 790 2131 quorum
820 2083 1036 2116 sensuum
1071 2068 1277 2116 membra
1308 2077 1428 2115 sunt.
1500 2066 1770 2115 Substantia
1802 2067 1928 2114 tibi->a

323 2140 414 2187 deo
452 2136 622 2184 tradita
662 2147 755 2195 est,
802 2137 987 2185 habitus
1026 2154 1054 2184 a
1092 2138 1279 2196 seeu103
1326 2154 1598 2202 quamquam
1638 2153 1726 2187 nec
1757 2137 1931 2188 habim

323 2206 727 2257 extraordinarius
759 2206 996 2254 ordinario
1029 2209 1132 2254 usui
1163 2208 1406 2271 obstrepit.
1441 2207 1545 2255 Hoc
1576 2208 1673 2255 sint
1692 2207 1776 2254 tibi
1798 2209 1930 2262 fluum

323 2286 371 2326 ct
402 2278 569 2326 inserti
602 2286 648 2324 et
692 2278 851 2324 innexi
884 2286 932 2324 ct
960 2278 1007 2323 in
1039 2277 1116 2325 fito
1150 2287 1198 2324 ct
1229 2278 1275 2323 in
1306 2279 1481 2340 scirpo,
1498 2277 1621 2339 quod
1646 2277 1797 2358 liberi,
1817 2275 1935 2341 qun&

323 2348 487 2405 soluti,
519 2347 780 2411 spectaculi
813 2347 1000 2394 scilicet
1031 2355 1079 2393 et
1102 2347 1324 2409 spiraculi
1352 2362 1444 2393 res.
1493 2345 1725 2394 Coronam
1752 2348 1791 2393 si
1816 2348 1942 2399 font

326 2420 500 2467 fascem
547 2418 787 2467 existimas
823 2417 988 2464 florum
1024 2432 1110 2480 per
1155 2418 1326 2464 scriem
1372 2416 1844 2478 comprehensorum,
1888 2428 1931 2475 m

320 2489 481 2553 plures
518 2488 652 2537 simul
689 2496 874 2550 portes,
921 2495 971 2533 ut
1011 2487 1222 2534 omnibus
1261 2486 1440 2549 pariter
1470 2487 1642 2545 utaris,
1692 2488 1784 2537 iam
1825 2501 1938 2535 vent

324 2568 372 2608 et
402 2560 446 2605 in
479 2559 626 2607 sinum
652 2557 829 2615 conde,
864 2558 906 2604 si
930 2565 1057 2605 tanta
1080 2555 1302 2604 munditia
1328 2565 1423 2613 est,
1454 2557 1503 2602 in
1526 2555 1748 2603 lectulum
1770 2562 1926 2621 sparge

322 2630 362 2677 si
393 2637 522 2676 tanta
551 2629 746 2676 mollitia
779 2636 872 2685 cst,
905 2628 950 2674 in
983 2628 1197 2690 poculum
1230 2626 1399 2684 crede,
1435 2627 1475 2673 si
1507 2634 1634 2673 tanta
1664 2625 1925 2692 innocentia

325 2708 411 2747 cst.
458 2699 548 2746 Tot
578 2697 727 2746 modis
760 2699 944 2755 fruere,
975 2706 1088 2762 quot
1126 2706 1175 2744 et
1202 2698 1363 2744 sentis.
1441 2696 1664 2744 Ceterum
1703 2697 1750 2743 in
1782 2696 1926 2759 capi&

325 2770 426 2832 quis
456 2785 598 2832 sapor
628 2769 782 2827 floris,
815 2769 917 2833 quis
949 2783 1155 2816 coronae
1194 2782 1380 2825 sensus,
1422 2767 1511 2814 nisi
1540 2766 1716 2814 vinculi
1745 2771 1924 2836 tantun-Q

439 2949 483 2999 1)
516 2953 578 2987 lta
610 2951 739 2988 Rhen.
781 2955 823 2989 et
863 2953 1034 2998 Gelen.;
1074 2950 1253 2989 Semlcr:
1292 2950 1423 2997 quod
1463 2962 1584 2998 non3
1615 2949 1728 2998 Rig.:
1762 2948 1922 2986 discas

324 3017 421 3044 non
455 3017 515 3043 an
546 3009 669 3054 obs.,
702 3008 787 3044 sed
819 3020 915 3046 cur
944 3008 1107 3045 maior
1137 3007 1406 3044 efficitur.
1459 3006 1643 3054 (Gelen.:
1676 3001 1922 3053 exigitui']

324 3065 406 3101 etc.
494 3062 538 3110 2)
573 3063 747 3110 Rigaltn
782 3065 877 3101 Per
906 3064 1030 3101 haec
1061 3065 1162 3100 ext.
1187 3062 1310 3101 hom.
1343 3061 1801 3107 administrantia,
1834 3059 1922 3097 md-

323 3130 508 3156 nerum
541 3118 838 3155 divinorum
871 3122 927 3158 ab
960 3120 1131 3156 anima
1163 3119 1494 3157 deducuntur
1523 3118 1581 3155 ad
1612 3127 1816 3156 sensus.
