1942 3554
476 149 566 186 ΒΕ
604 149 893 186 CORONA
929 145 1228 187 MILITIS.
1547 147 1663 195 {87

25 287 199 340 ¹dubito
232 287 455 354 quosdam
486 289 746 352 scripturas
776 289 1037 353 emigrare,
1064 288 1278 336 sarcinas
1311 285 1557 352 expedire,
1591 286 1666 334 fu-

27 375 126 426 gae
168 361 360 424 accingi
406 359 465 407 de
511 360 704 407 civitate
742 360 791 407 in
831 359 1098 419 civitatem3
1146 358 1319 406 nullam
1356 359 1482 406 enim
1527 358 1665 406 aliam

22 431 278 496 evangelii
321 431 591 479 memoriam
638 438 818 477 curant.
890 429 1020 477 Novi
1059 437 1108 477 et
1145 438 1363 493 pastores
1409 445 1573 477 eorum
1619 430 1666 476 in

33 516 155 566 pace
186 502 374 559 leones,
411 502 458 548 in
490 501 675 564 proelio
705 516 896 549 cervos.
954 499 1054 547 Sed
1078 498 1139 547 de
1164 500 1517 565 quaestionibus
1551 516 1670 546 con-

34 571 294 620 sessionum
323 570 435 619 alibi
468 569 760 619 docebimus.
839 568 906 617 At
942 587 1066 618 nunc
1099 572 1206 635 quia
1237 571 1436 619 maxime
1478 569 1519 633 ¹)
1551 569 1668 617 illud

34 649 298 706 opponunt:
338 640 416 688 ubi
447 649 602 689 autem
632 640 938 704 prohibemur
969 641 1216 688 coronari!
1261 641 1381 689 hanc
1413 642 1563 705 magis
1597 642 1667 689 lo-

28 712 186 761 calem
216 711 522 759 substantiam
556 727 751 759 caussae
788 713 1054 775 praesentis
1085 710 1368 775 aggrediar,
1410 720 1460 758 ut
1500 722 1548 759 et
1587 713 1668 775 qui

26 797 99 832 fix
141 780 461 829 sollicitudine
506 782 805 844 ignorantiae
851 789 1105 845 quaerunt,
1145 783 1459 839 instruantur,
1501 791 1548 828 et
1589 798 1667 844 qut

32 851 422 901 hdefensionem
447 850 609 899 delicti
634 851 947 910 contendunt,
970 852 1275 900 revincantur
1298 852 1445 915 ipsius
1469 851 1546 899 vel
1571 868 1668 898 ma-

30 937 159 972 -me
199 922 446 987 exemplo.
495 921 748 970 Christiani
795 923 1017 982 laureati,
1059 922 1226 986 quibus
1272 923 1319 969 in
1359 922 1575 970 solatium
1616 923 1663 980 2)

31 993 249 1059 'aestio
282 1001 377 1051 est,
417 993 546 1057 quasi
577 1002 658 1041 aut
695 993 867 1040 nullum
904 1002 985 1040 aut
1023 994 1255 1040 incertum
1294 994 1459 1041 saltem
1499 993 1667 1040 haberi

31 1072 197 1128 posset
233 1061 480 1123 delictum,
522 1062 647 1128 quod
683 1064 890 1127 patiatur
928 1065 1271 1128 quaestionem.
1345 1063 1453 1112 Nec
1492 1064 1667 1111 nullum

29 1142 192 1183 ‘autom
230 1148 321 1181 nec
351 1134 583 1181 incertum
613 1134 723 1181 hinc
755 1134 944 1182 interim
977 1133 1237 1182 ostendam.

171 1208 221 1258 2.
273 1203 520 1252 Neminem
553 1203 662 1251 dico
693 1203 899 1251 fidelium
933 1221 1157 1252 coronam
1190 1205 1347 1268 capite
1379 1219 1519 1252 nosse
1551 1204 1667 1252 alias

35 1283 175 1323 extra
206 1283 386 1338 tempus
415 1275 690 1322 tentationis
724 1274 972 1322 eiusmodi.
1051 1274 1223 1322 Omnes
1255 1276 1320 1322 ita
1353 1274 1610 1323 observant
1640 1292 1668 1322 a

30 1345 390 1394 catechumenis
433 1361 580 1408 usqne
626 1343 686 1391 ad
724 1345 1029 1393 confessores
1070 1354 1118 1393 et
1149 1354 1383 1410 martyres
1414 1345 1490 1393 vel
1521 1360 1668 1410 nega-

34 1424 184 1464 me.
263 1413 482 1473 Videris,
522 1414 646 1462 unde
687 1416 945 1462 auctoritas
985 1416 1151 1473 moris,
1192 1414 1251 1463 de
1299 1432 1390 1479 qua
1429 1432 1532 1463 cum
1572 1432 1669 1463 man

35 1500 161 1539 xime
189 1486 452 1550 quaeritur.
512 1484 661 1531 Porro
688 1500 790 1532 cum
817 1486 1081 1549 quaeritur,
1118 1501 1203 1532 cur
1226 1485 1338 1550 quid
1370 1486 1666 1545 observetur,

30 1555 282 1604 observari
312 1555 498 1603 interim
531 1563 731 1602 constat.
815 1555 944 1619 Ergo
976 1572 1067 1603 nec
1106 1556 1279 1603 nullum
1312 1572 1401 1604 nec
1433 1557 1666 1604 incertum

34 1625 190 1677 videri
217 1633 379 1690 potest
408 1624 654 1683 delictum,
695 1625 820 1690 quod
862 1627 1167 1674 committitur
1204 1628 1250 1673 in
1283 1626 1667 1675 observationem

35 1713 124 1746 mo
153 1697 244 1744 iam
275 1697 465 1743 nomine
495 1694 822 1743 vindicandam
856 1705 904 1743 et
934 1698 1047 1744 satis
1078 1706 1371 1745 auctoratam
1405 1713 1667 1744 consensus

31 1766 323 1832 patrocinio.
377 1765 544 1824 Plane,
578 1775 628 1813 ut
657 1767 780 1813 ratio
816 1766 1084 1830 quaerenda
1116 1769 1198 1824 sit,
1232 1766 1316 1815 sed
1350 1768 1478 1815 salva
1505 1767 1670 1814 obser-

36 1838 252 1895 vatione,
299 1851 389 1883 nec
426 1837 475 1882 in
514 1836 882 1883 destructionem
923 1839 1047 1894 eius,
1088 1835 1175 1883 sed
1206 1838 1252 1882 in
1285 1836 1669 1884 aedificationem

39 1908 220 1972 potius,
259 1922 352 1971 quo
399 1907 546 1970 magis
593 1905 841 1963 observes,
883 1923 986 1954 cum
1024 1907 1174 1955 fueris
1215 1908 1354 1954 etiam
1393 1906 1452 1954 de
1484 1909 1669 1955 ratione

39 1992 253 2026 securus.
329 1976 476 2035 Quale
522 1986 595 2024 est
638 1986 815 2034 autem,
871 1986 921 2024 ut
958 1986 1068 2024 tunc
1106 1978 1211 2040 quis
1249 1978 1295 2023 in
1342 1978 1670 2041 quaestionem

38 2055 272 2113 provocet
292 2045 687 2104 observationem,
714 2063 818 2094 cum
832 2047 892 2094 ab
912 2062 967 2094 ea
993 2046 1201 2094 excidit?
1234 2056 1282 2095 et
1305 2056 1415 2094 tunc
1441 2048 1669 2111 requirat,

39 2116 164 2166 unde
201 2115 422 2164 babuerit
459 2117 865 2176 observationem,
908 2134 1010 2164 cum
1049 2117 1107 2165 ab
1149 2133 1206 2165 ea
1243 2116 1418 2165 desiit?
1465 2117 1667 2181 quando,

37 2187 132 2237 etsi
169 2185 281 2235 ideo
319 2187 435 2234 velit
470 2186 622 2234 videri
661 2187 720 2234 ad
759 2189 1085 2251 quaestionem
1122 2204 1325 2246 vocare,
1366 2196 1418 2235 ut
1450 2188 1671 2236 ostendat

36 2272 96 2306 ω
122 2273 219 2304 non
251 2256 506 2321 deliquisse
538 2260 584 2304 in
618 2257 962 2305 observationis
995 2257 1326 2317 destitutione,
1368 2259 1669 2306 nihilominus

36 2325 294 2392 deliquisse
326 2343 430 2376 eum
456 2336 646 2375 constet
669 2338 800 2375 retro
825 2329 871 2375 in
898 2328 1246 2377 observationis
1270 2331 1668 2393 praesumptione.

38 2391 98 2447 S·
124 2398 249 2445 euin
281 2414 374 2444 non
415 2398 612 2462 deliquit
651 2397 794 2446 hodie
833 2408 1056 2462 suscepta
1097 2416 1299 2457 corona,
1350 2398 1547 2462 deliquit
1584 2399 1671 2445 ali-

38 2466 228 2532 qua-d·
258 2477 496 2516 recusata.
570 2469 632 2515 Et
668 2467 779 2516 ideo
819 2486 912 2515 non
951 2468 1011 2516 ad
1051 2485 1134 2517 eos
1173 2470 1267 2516 erit
1297 2471 1388 2516 iste
1421 2478 1668 2527 tractatus,

39 2537 206 2602 *bus
241 2553 336 2585 non
376 2540 602 2603 competit
633 2541 871 2602 quaestio,
911 2538 996 2586 sed
1034 2538 1093 2585 ad
1132 2539 1261 2596 illos,
1303 2540 1380 2602 qui
1411 2538 1565 2586 studio
1599 2538 1672 2586 di-

36 2605 204 2658 cendi
234 2622 326 2656 non
358 2610 679 2672 quaestionem
713 2608 955 2666 deferunt,
988 2607 1072 2655 sed
1106 2609 1510 2656 consultationem.
1550 2609 1670 2657 Nam

38 2686 94 2726 et
119 2694 310 2742 semper
339 2681 582 2743 quaeritur
614 2679 671 2726 de
703 2680 819 2737 isto,
852 2688 902 2726 et
933 2678 1070 2725 laudo
1099 2678 1237 2726 fidem
1271 2695 1390 2743 quae
1422 2689 1532 2728 ante
1564 2696 1670 2728 cre-

37 2745 163 2797 didit
190 2747 532 2797 observandum
567 2765 695 2807 esse,
736 2765 872 2813 quam
905 2747 1084 2797 didicit.
1146 2749 1209 2796 Et
1238 2750 1380 2798 facile
1412 2759 1485 2797 est
1514 2752 1669 2798 statim

40 2819 264 2881 exigere,
301 2817 380 2866 ubi
426 2820 647 2883 scriptum
691 2820 774 2877 sit,
829 2835 888 2867 ne
935 2834 1233 2867 coronemur.
1313 2818 1380 2866 At
1425 2822 1545 2868 enim
1591 2820 1670 2868 ubi

156 3025 199 3076 1)
228 3028 291 3065 lta
327 3026 457 3065 Rhen.
496 3039 519 3064 e
562 3029 652 3065 cod.
698 3029 845 3075 Gorz.;
878 3028 931 3065 al.
970 3032 1235 3076 quatenus
1277 3034 1337 3070 et.
1485 3030 1525 3077 2)
1558 3032 1669 3080 Rig.:

42 3083 419 3131 revincantur5
451 3083 551 3132 ipsi
587 3105 630 3111 ——
668 3105 716 3112 -
751 3095 826 3132 qu.
860 3095 937 3132 qu.
966 3085 1018 3122 id
1049 3086 1219 3125 nolum
1251 3088 1498 3135 quaestio
1529 3090 1627 3126 est.
