<?xml version="1.0" encoding="UTF-8"?>
<!DOCTYPE html PUBLIC "-//W3C//DTD XHTML 1.0 Transitional//EN"
    "http://www.w3.org/TR/xhtml1/DTD/xhtml1-transitional.dtd">
<html xmlns="http://www.w3.org/1999/xhtml" xml:lang="en" lang="en">
 <head>
  <title>
</title>
<meta http-equiv="Content-Type" content="text/html;charset=utf-8" />
  <meta name='ocr-system' content='tesseract 3.04.00' />
  <meta name='ocr-capabilities' content='ocr_page ocr_carea ocr_par ocr_line ocrx_word'/>
</head>
<body>
  <div class='ocr_page' id='page_1' title='image "./operatert12tertuoft_0327.png"; bbox 0 0 1942 3554; ppageno 0'>
   <div class='ocr_carea' id='block_1_1' title="bbox 585 159 1686 205">
    <p class='ocr_par' dir='ltr' id='par_1_1' title="bbox 585 159 1686 205">
     <span class='ocr_line' id='line_1_1' title="bbox 585 159 1686 205; baseline -0.002 -7"><span class='ocrx_word' id='word_1_1' title='bbox 585 160 668 198; x_wconf 80' lang='lat' dir='ltr'>DE</span> <span class='ocrx_word' id='word_1_2' title='bbox 703 159 1164 198; x_wconf 80' lang='lat' dir='ltr'><strong>POENlTENTIA.</strong></span> <span class='ocrx_word' id='word_1_3' title='bbox 1599 159 1686 205; x_wconf 81' lang='grc'>55</span> 
     </span>
    </p>
   </div>
   <div class='ocr_carea' id='block_1_2' title="bbox 0 272 1685 2779">
    <p class='ocr_par' dir='ltr' id='par_1_2' title="bbox 14 272 1685 549">
     <span class='ocr_line' id='line_1_2' title="bbox 14 272 1685 351; baseline -0.001 -28"><span class='ocrx_word' id='word_1_4' title='bbox 14 303 18 306; x_wconf 83' lang='grc'><em>·</em></span> <span class='ocrx_word' id='word_1_5' title='bbox 46 272 332 351; x_wconf 53' lang='lat' dir='ltr'>spopondit,</span> <span class='ocrx_word' id='word_1_6' title='bbox 365 283 415 322; x_wconf 90' lang='lat' dir='ltr'>et</span> <span class='ocrx_word' id='word_1_7' title='bbox 444 272 776 321; x_wconf 79' lang='lat' dir='ltr'>liberalitatem</span> <span class='ocrx_word' id='word_1_8' title='bbox 809 274 910 320; x_wconf 90' lang='lat' dir='ltr'>eius</span> <span class='ocrx_word' id='word_1_9' title='bbox 941 273 1122 320; x_wconf 85' lang='lat' dir='ltr'>faciunt</span> <span class='ocrx_word' id='word_1_10' title='bbox 1151 274 1440 322; x_wconf 86' lang='lat' dir='ltr'>servitutem.</span> <span class='ocrx_word' id='word_1_11' title='bbox 1505 272 1685 341; x_wconf 85' lang='lat' dir='ltr'>Quodsi</span> 
     </span>
     <span class='ocr_line' id='line_1_3' title="bbox 42 343 1684 408; baseline -0.002 -13"><span class='ocrx_word' id='word_1_12' title='bbox 42 343 336 396; x_wconf 52' lang='lat' dir='ltr'>necessitate</span> <span class='ocrx_word' id='word_1_13' title='bbox 376 345 513 396; x_wconf 90' lang='lat' dir='ltr'>nobis</span> <span class='ocrx_word' id='word_1_14' title='bbox 551 344 812 408; x_wconf 83' lang='lat' dir='ltr'>symbolum</span> <span class='ocrx_word' id='word_1_15' title='bbox 857 345 1022 390; x_wconf 88' lang='lat' dir='ltr'>mortis</span> <span class='ocrx_word' id='word_1_16' title='bbox 1067 344 1301 407; x_wconf 82' lang='lat' dir='ltr'><strong>indulget,</strong></span> <span class='ocrx_word' id='word_1_17' title='bbox 1350 361 1466 408; x_wconf 88' lang='lat' dir='ltr'>ergo</span> <span class='ocrx_word' id='word_1_18' title='bbox 1512 346 1684 394; x_wconf 86' lang='lat' dir='ltr'>invitus</span> 
     </span>
     <span class='ocr_line' id='line_1_4' title="bbox 43 415 1683 480; baseline -0.001 -15"><span class='ocrx_word' id='word_1_19' title='bbox 43 417 261 476; x_wconf 50' lang='lat' dir='ltr'>facum?</span> <span class='ocrx_word' id='word_1_20' title='bbox 321 416 432 475; x_wconf 90' lang='lat' dir='ltr'>Quis</span> <span class='ocrx_word' id='word_1_21' title='bbox 464 417 586 462; x_wconf 89' lang='lat' dir='ltr'>enim</span> <span class='ocrx_word' id='word_1_22' title='bbox 618 415 848 478; x_wconf 84' lang='lat' dir='ltr'>pennittit</span> <span class='ocrx_word' id='word_1_23' title='bbox 871 430 1224 478; x_wconf 87' lang='lat' dir='ltr'>permansurum</span> <span class='ocrx_word' id='word_1_24' title='bbox 1250 416 1320 473; x_wconf 92' lang='lat' dir='ltr'>id,</span> <span class='ocrx_word' id='word_1_25' title='bbox 1355 415 1479 480; x_wconf 90' lang='lat' dir='ltr'>quod</span> <span class='ocrx_word' id='word_1_26' title='bbox 1504 416 1683 464; x_wconf 87' lang='lat' dir='ltr'>tribuc-</span> 
     </span>
     <span class='ocr_line' id='line_1_5' title="bbox 39 485 1679 549; baseline -0.001 -14"><span class='ocrx_word' id='word_1_27' title='bbox 39 488 110 536; x_wconf 60' lang='lat' dir='ltr'>rit</span> <span class='ocrx_word' id='word_1_28' title='bbox 139 488 341 534; x_wconf 83' lang='lat' dir='ltr'>invitus?</span> <span class='ocrx_word' id='word_1_29' title='bbox 398 485 509 535; x_wconf 90' lang='lat' dir='ltr'>Non</span> <span class='ocrx_word' id='word_1_30' title='bbox 541 487 664 533; x_wconf 90' lang='lat' dir='ltr'>enim</span> <span class='ocrx_word' id='word_1_31' title='bbox 696 486 825 532; x_wconf 83' lang='lat' dir='ltr'>multi</span> <span class='ocrx_word' id='word_1_32' title='bbox 858 494 1025 549; x_wconf 89' lang='lat' dir='ltr'>postea</span> <span class='ocrx_word' id='word_1_33' title='bbox 1057 485 1314 534; x_wconf 80' lang='lat' dir='ltr'>excidunt?</span> <span class='ocrx_word' id='word_1_34' title='bbox 1371 503 1465 534; x_wconf 91' lang='lat' dir='ltr'>non</span> <span class='ocrx_word' id='word_1_35' title='bbox 1505 503 1533 534; x_wconf 86' lang='grc' dir='ltr'>ιι</span> <span class='ocrx_word' id='word_1_36' title='bbox 1563 488 1679 534; x_wconf 90' lang='lat' dir='ltr'>mul-</span> 
     </span>
    </p>

    <p class='ocr_par' dir='ltr' id='par_1_3' title="bbox 0 556 1678 2743">
     <span class='ocr_line' id='line_1_6' title="bbox 0 556 1677 625; baseline 0 -20"><span class='ocrx_word' id='word_1_37' title='bbox 0 621 2 625; x_wconf 12' lang='lat'><em>*</em></span> <span class='ocrx_word' id='word_1_38' title='bbox 38 558 104 606; x_wconf 76' lang='lat' dir='ltr'>tis</span> <span class='ocrx_word' id='word_1_39' title='bbox 135 556 307 604; x_wconf 88' lang='lat' dir='ltr'>donum</span> <span class='ocrx_word' id='word_1_40' title='bbox 330 556 454 604; x_wconf 89' lang='lat' dir='ltr'>illud</span> <span class='ocrx_word' id='word_1_41' title='bbox 493 558 736 604; x_wconf 80' lang='lat' dir='ltr'>aufertul?</span> <span class='ocrx_word' id='word_1_42' title='bbox 810 556 868 602; x_wconf 87' lang='lat' dir='ltr'>Hi</span> <span class='ocrx_word' id='word_1_43' title='bbox 914 564 1021 603; x_wconf 88' lang='lat' dir='ltr'>sunt</span> <span class='ocrx_word' id='word_1_44' title='bbox 1058 557 1268 613; x_wconf 91' lang='lat' dir='ltr'>scilicet,</span> <span class='ocrx_word' id='word_1_45' title='bbox 1317 559 1394 620; x_wconf 86' lang='lat' dir='ltr'>qui</span> <span class='ocrx_word' id='word_1_46' title='bbox 1427 558 1677 622; x_wconf 87' lang='lat' dir='ltr'>obrepunt,</span> 
     </span>
     <span class='ocr_line' id='line_1_7' title="bbox 40 626 1678 693; baseline 0.001 -18"><span class='ocrx_word' id='word_1_47' title='bbox 40 628 120 693; x_wconf 77' lang='lat' dir='ltr'>qui</span> <span class='ocrx_word' id='word_1_48' title='bbox 149 629 474 693; x_wconf 86' lang='lat' dir='ltr'>poenitentiae</span> <span class='ocrx_word' id='word_1_49' title='bbox 508 627 646 675; x_wconf 81' lang='lat' dir='ltr'>fldem</span> <span class='ocrx_word' id='word_1_50' title='bbox 678 626 916 690; x_wconf 77' lang='lat' dir='ltr'><strong>aggressi,</strong></span> <span class='ocrx_word' id='word_1_51' title='bbox 949 642 1129 689; x_wconf 89' lang='lat' dir='ltr'>super</span> <span class='ocrx_word' id='word_1_52' title='bbox 1117 643 1287 674; x_wconf 81' lang='lat' dir='ltr'>arenas</span> <span class='ocrx_word' id='word_1_53' title='bbox 1319 627 1504 675; x_wconf 90' lang='lat' dir='ltr'>domum</span> <span class='ocrx_word' id='word_1_54' title='bbox 1530 631 1678 676; x_wconf 88' lang='lat' dir='ltr'>ruitu-</span> 
     </span>
     <span class='ocr_line' id='line_1_8' title="bbox 25 697 1678 761; baseline 0.001 -15"><span class='ocrx_word' id='word_1_55' title='bbox 25 709 139 747; x_wconf 59' lang='lat' dir='ltr'>-vam</span> <span class='ocrx_word' id='word_1_56' title='bbox 171 699 427 746; x_wconf 90' lang='lat' dir='ltr'>collocant.</span> <span class='ocrx_word' id='word_1_57' title='bbox 488 698 642 746; x_wconf 89' lang='lat' dir='ltr'>Nemo</span> <span class='ocrx_word' id='word_1_58' title='bbox 675 699 792 760; x_wconf 84' lang='lat' dir='ltr'>crgo</span> <span class='ocrx_word' id='word_1_59' title='bbox 825 697 914 744; x_wconf 87' lang='lat' dir='ltr'>sibi</span> <span class='ocrx_word' id='word_1_60' title='bbox 945 697 1186 754; x_wconf 77' lang='lat' dir='ltr'>aduletur,</span> <span class='ocrx_word' id='word_1_61' title='bbox 1235 699 1343 761; x_wconf 90' lang='lat' dir='ltr'>quia</span> <span class='ocrx_word' id='word_1_62' title='bbox 1387 700 1513 745; x_wconf 89' lang='lat' dir='ltr'>inter</span> <span class='ocrx_word' id='word_1_63' title='bbox 1542 698 1678 747; x_wconf 90' lang='lat' dir='ltr'>audi-</span> 
     </span>
     <span class='ocr_line' id='line_1_9' title="bbox 37 768 1676 840; baseline -0.001 -23"><span class='ocrx_word' id='word_1_64' title='bbox 37 775 194 840; x_wconf 77' lang='lat' dir='ltr'>torum</span> <span class='ocrx_word' id='word_1_65' title='bbox 227 770 448 817; x_wconf 87' lang='lat' dir='ltr'>tirocinia</span> <span class='ocrx_word' id='word_1_66' title='bbox 479 768 753 832; x_wconf 87' lang='lat' dir='ltr'>deputatur,</span> <span class='ocrx_word' id='word_1_67' title='bbox 802 769 934 831; x_wconf 88' lang='lat' dir='ltr'>quasi</span> <span class='ocrx_word' id='word_1_68' title='bbox 977 783 1039 831; x_wconf 20' lang='lat' dir='ltr'>leo</span> <span class='ocrx_word' id='word_1_69' title='bbox 1073 769 1214 814; x_wconf 81' lang='lat' dir='ltr'>etiam</span> <span class='ocrx_word' id='word_1_70' title='bbox 1247 784 1369 815; x_wconf 90' lang='lat' dir='ltr'>nune</span> <span class='ocrx_word' id='word_1_71' title='bbox 1401 769 1493 816; x_wconf 86' lang='lat' dir='ltr'>sibi</span> <span class='ocrx_word' id='word_1_72' title='bbox 1525 768 1676 817; x_wconf 89' lang='lat' dir='ltr'>delin-</span> 
     </span>
     <span class='ocr_line' id='line_1_10' title="bbox 24 836 1676 904; baseline -0.001 -16"><span class='ocrx_word' id='word_1_73' title='bbox 24 836 184 904; x_wconf 50' lang='lat' dir='ltr'>¹querat!</span> <span class='ocrx_word' id='word_1_74' title='bbox 230 840 389 887; x_wconf 83' lang='lat' dir='ltr'>liccat.</span> <span class='ocrx_word' id='word_1_75' title='bbox 464 838 711 886; x_wconf 88' lang='lat' dir='ltr'>Dominum</span> <span class='ocrx_word' id='word_1_76' title='bbox 757 839 911 886; x_wconf 75' lang='lat' dir='ltr'>simul.</span> <span class='ocrx_word' id='word_1_77' title='bbox 940 840 1248 900; x_wconf 82' lang='lat' dir='ltr'>cognoveris,</span> <span class='ocrx_word' id='word_1_78' title='bbox 1295 840 1484 898; x_wconf 66' lang='lat' dir='ltr'>timeas,</span> <span class='ocrx_word' id='word_1_79' title='bbox 1540 840 1676 887; x_wconf 87' lang='lat' dir='ltr'>simul</span> 
     </span>
     <span class='ocr_line' id='line_1_11' title="bbox 33 908 1674 981; baseline 0.001 -25"><span class='ocrx_word' id='word_1_80' title='bbox 33 909 323 981; x_wconf 79' lang='lat' dir='ltr'>inspexeris,</span> <span class='ocrx_word' id='word_1_81' title='bbox 344 910 638 957; x_wconf 66' lang='grc' dir='ltr'><strong>Ρθιετοιιτί5.</strong></span> <span class='ocrx_word' id='word_1_82' title='bbox 702 908 926 956; x_wconf 86' lang='lat' dir='ltr'>Ceterum</span> <span class='ocrx_word' id='word_1_83' title='bbox 974 908 1084 972; x_wconf 90' lang='lat' dir='ltr'>quid</span> <span class='ocrx_word' id='word_1_84' title='bbox 1130 917 1177 956; x_wconf 88' lang='lat' dir='ltr'>tc</span> <span class='ocrx_word' id='word_1_85' title='bbox 1211 910 1493 972; x_wconf 89' lang='lat' dir='ltr'>cognovisse</span> <span class='ocrx_word' id='word_1_86' title='bbox 1526 912 1674 957; x_wconf 89' lang='lat' dir='ltr'>inter—</span> 
     </span>
     <span class='ocr_line' id='line_1_12' title="bbox 19 979 1673 1045; baseline -0.001 -16"><span class='ocrx_word' id='word_1_87' title='bbox 19 988 131 1039; x_wconf 42' lang='lat' dir='ltr'>Just,</span> <span class='ocrx_word' id='word_1_88' title='bbox 164 997 284 1045; x_wconf 80' lang='lat' dir='ltr'>cum</span> <span class='ocrx_word' id='word_1_89' title='bbox 300 979 467 1028; x_wconf 87' lang='lat' dir='ltr'>iisdem</span> <span class='ocrx_word' id='word_1_90' title='bbox 499 979 717 1036; x_wconf 88' lang='lat' dir='ltr'>incubas,</span> <span class='ocrx_word' id='word_1_91' title='bbox 752 980 917 1043; x_wconf 88' lang='lat' dir='ltr'>quibus</span> <span class='ocrx_word' id='word_1_92' title='bbox 941 989 1073 1026; x_wconf 88' lang='lat' dir='ltr'>retro</span> <span class='ocrx_word' id='word_1_93' title='bbox 1101 981 1324 1043; x_wconf 83' lang='lat' dir='ltr'>ignarus?</span> <span class='ocrx_word' id='word_1_94' title='bbox 1370 979 1490 1038; x_wconf 84' lang='lat' dir='ltr'>Quid</span> <span class='ocrx_word' id='word_1_95' title='bbox 1516 989 1673 1028; x_wconf 89' lang='lat' dir='ltr'>autem</span> 
     </span>
     <span class='ocr_line' id='line_1_13' title="bbox 19 1039 1673 1116; baseline -0.002 -14"><span class='ocrx_word' id='word_1_96' title='bbox 19 1056 82 1102; x_wconf 46' lang='lat' dir='ltr'>&#39;te</span> <span class='ocrx_word' id='word_1_97' title='bbox 111 1067 142 1098; x_wconf 84' lang='lat' dir='ltr'>a</span> <span class='ocrx_word' id='word_1_98' title='bbox 170 1039 388 1116; x_wconf 71' lang='lat' dir='ltr'>perfecto</span> <span class='ocrx_word' id='word_1_99' title='bbox 416 1050 500 1099; x_wconf 88' lang='lat' dir='ltr'>dei</span> <span class='ocrx_word' id='word_1_100' title='bbox 531 1067 670 1098; x_wconf 75' lang='lat' dir='ltr'>seno</span> <span class='ocrx_word' id='word_1_101' title='bbox 688 1052 735 1108; x_wconf 84' lang='lat'>2)</span> <span class='ocrx_word' id='word_1_102' title='bbox 768 1053 991 1114; x_wconf 83' lang='lat' dir='ltr'>separat?</span> <span class='ocrx_word' id='word_1_103' title='bbox 1061 1050 1138 1097; x_wconf 84' lang='lat' dir='ltr'>An</span> <span class='ocrx_word' id='word_1_104' title='bbox 1184 1052 1302 1098; x_wconf 90' lang='lat' dir='ltr'>alius</span> <span class='ocrx_word' id='word_1_105' title='bbox 1342 1060 1415 1098; x_wconf 91' lang='lat' dir='ltr'>est</span> <span class='ocrx_word' id='word_1_106' title='bbox 1458 1052 1673 1099; x_wconf 87' lang='lat' dir='ltr'>intinctis</span> 
     </span>
     <span class='ocr_line' id='line_1_14' title="bbox 27 1120 1672 1185; baseline -0.001 -13.998"><span class='ocrx_word' id='word_1_107' title='bbox 27 1120 270 1181; x_wconf 80' lang='lat' dir='ltr'>Christus,</span> <span class='ocrx_word' id='word_1_108' title='bbox 303 1123 422 1170; x_wconf 89' lang='lat' dir='ltr'>alius</span> <span class='ocrx_word' id='word_1_109' title='bbox 453 1120 784 1170; x_wconf 81' lang='lat' dir='ltr'>audientibus?</span> <span class='ocrx_word' id='word_1_110' title='bbox 841 1121 963 1169; x_wconf 92' lang='lat' dir='ltr'>Num</span> <span class='ocrx_word' id='word_1_111' title='bbox 990 1137 1135 1185; x_wconf 91' lang='lat' dir='ltr'>spes</span> <span class='ocrx_word' id='word_1_112' title='bbox 1121 1123 1214 1169; x_wconf 90' lang='lat' dir='ltr'>alia</span> <span class='ocrx_word' id='word_1_113' title='bbox 1237 1121 1312 1169; x_wconf 80' lang='lat' dir='ltr'>vel</span> <span class='ocrx_word' id='word_1_114' title='bbox 1344 1138 1544 1180; x_wconf 89' lang='lat' dir='ltr'>merces,</span> <span class='ocrx_word' id='word_1_115' title='bbox 1577 1124 1672 1170; x_wconf 87' lang='lat' dir='ltr'>alia</span> 
     </span>
     <span class='ocr_line' id='line_1_15' title="bbox 29 1185 1665 1256; baseline 0 -16"><span class='ocrx_word' id='word_1_116' title='bbox 29 1185 237 1247; x_wconf 51' lang='lat' dir='ltr'>termido</span> <span class='ocrx_word' id='word_1_117' title='bbox 268 1192 454 1252; x_wconf 87' lang='lat' dir='ltr'>iudicii,</span> <span class='ocrx_word' id='word_1_118' title='bbox 483 1193 583 1256; x_wconf 11' lang='lat' dir='ltr'>*alia</span> <span class='ocrx_word' id='word_1_119' title='bbox 614 1188 875 1243; x_wconf 84' lang='lat' dir='ltr'>necessitas</span> <span class='ocrx_word' id='word_1_120' title='bbox 906 1188 1262 1256; x_wconf 85' lang='lat' dir='ltr'>poenitentiae?</span> <span class='ocrx_word' id='word_1_121' title='bbox 1319 1190 1581 1241; x_wconf 81' lang='lat' dir='ltr'>Lavacrum</span> <span class='ocrx_word' id='word_1_122' title='bbox 1614 1195 1665 1240; x_wconf 64' lang='lat' dir='ltr'>il-</span> 
     </span>
     <span class='ocr_line' id='line_1_16' title="bbox 29 1262 1671 1328; baseline -0.001 -16"><span class='ocrx_word' id='word_1_123' title='bbox 29 1262 112 1312; x_wconf 88' lang='lat' dir='ltr'>lud</span> <span class='ocrx_word' id='word_1_124' title='bbox 143 1262 411 1328; x_wconf 85' lang='lat' dir='ltr'>obsignatio</span> <span class='ocrx_word' id='word_1_125' title='bbox 444 1273 519 1312; x_wconf 89' lang='lat' dir='ltr'>est</span> <span class='ocrx_word' id='word_1_126' title='bbox 549 1263 706 1322; x_wconf 85' lang='lat' dir='ltr'>fidei,</span> <span class='ocrx_word' id='word_1_127' title='bbox 718 1278 836 1327; x_wconf 90' lang='lat' dir='ltr'>quae</span> <span class='ocrx_word' id='word_1_128' title='bbox 870 1263 987 1311; x_wconf 89' lang='lat' dir='ltr'>fides</span> <span class='ocrx_word' id='word_1_129' title='bbox 1018 1280 1046 1309; x_wconf 90' lang='lat' dir='ltr'>a</span> <span class='ocrx_word' id='word_1_130' title='bbox 1076 1264 1400 1326; x_wconf 88' lang='lat' dir='ltr'>poenitentiae</span> <span class='ocrx_word' id='word_1_131' title='bbox 1434 1263 1564 1311; x_wconf 85' lang='lat' dir='ltr'>fide&#39;</span> <span class='ocrx_word' id='word_1_132' title='bbox 1552 1265 1671 1311; x_wconf 82' lang='lat' dir='ltr'>lnci—</span> 
     </span>
     <span class='ocr_line' id='line_1_17' title="bbox 20 1332 1669 1400; baseline 0.002 -20.015"><span class='ocrx_word' id='word_1_133' title='bbox 20 1335 159 1400; x_wconf 83' lang='lat' dir='ltr'>pitur</span> <span class='ocrx_word' id='word_1_134' title='bbox 188 1344 241 1394; x_wconf 84' lang='lat' dir='ltr'>et</span> <span class='ocrx_word' id='word_1_135' title='bbox 269 1334 639 1383; x_wconf 88' lang='lat' dir='ltr'>commendatur.</span> <span class='ocrx_word' id='word_1_136' title='bbox 714 1333 826 1382; x_wconf 87' lang='lat' dir='ltr'>Non</span> <span class='ocrx_word' id='word_1_137' title='bbox 859 1332 968 1382; x_wconf 87' lang='lat' dir='ltr'>ideo</span> <span class='ocrx_word' id='word_1_138' title='bbox 1002 1334 1254 1391; x_wconf 81' lang='lat' dir='ltr'>abluimur,</span> <span class='ocrx_word' id='word_1_139' title='bbox 1301 1342 1353 1380; x_wconf 93' lang='lat' dir='ltr'>ut</span> <span class='ocrx_word' id='word_1_140' title='bbox 1391 1333 1669 1399; x_wconf 87' lang='lat' dir='ltr'>delinquere</span> 
     </span>
     <span class='ocr_line' id='line_1_18' title="bbox 28 1403 1672 1471; baseline 0.001 -18"><span class='ocrx_word' id='word_1_141' title='bbox 28 1403 62 1453; x_wconf 83' lang='lat' dir='ltr'>d</span> <span class='ocrx_word' id='word_1_142' title='bbox 118 1406 132 1418; x_wconf 85' lang='lat'>’</span> <span class='ocrx_word' id='word_1_143' title='bbox 169 1421 320 1464; x_wconf 86' lang='lat' dir='ltr'>amus,</span> <span class='ocrx_word' id='word_1_144' title='bbox 354 1407 573 1471; x_wconf 78' lang='lat' dir='ltr'>quoniam</span> <span class='ocrx_word' id='word_1_145' title='bbox 597 1407 688 1452; x_wconf 89' lang='lat' dir='ltr'>iam</span> <span class='ocrx_word' id='word_1_146' title='bbox 714 1403 861 1452; x_wconf 87' lang='lat' dir='ltr'>corde</span> <span class='ocrx_word' id='word_1_147' title='bbox 887 1405 972 1453; x_wconf 86' lang='lat' dir='ltr'>loti</span> <span class='ocrx_word' id='word_1_148' title='bbox 996 1421 1168 1452; x_wconf 90' lang='lat' dir='ltr'>sumus.</span> <span class='ocrx_word' id='word_1_149' title='bbox 1195 1404 1347 1456; x_wconf 83' lang='lat' dir='ltr'>,Haec</span> <span class='ocrx_word' id='word_1_150' title='bbox 1373 1406 1495 1453; x_wconf 92' lang='lat' dir='ltr'>enim</span> <span class='ocrx_word' id='word_1_151' title='bbox 1519 1407 1672 1470; x_wconf 88' lang='lat' dir='ltr'>prima</span> 
     </span>
     <span class='ocr_line' id='line_1_19' title="bbox 27 1471 1669 1539; baseline 0 -15"><span class='ocrx_word' id='word_1_152' title='bbox 27 1471 88 1529; x_wconf 76' lang='grc' dir='ltr'><strong>ιιιι</strong></span> <span class='ocrx_word' id='word_1_153' title='bbox 123 1476 264 1524; x_wconf 87' lang='lat' dir='ltr'>ientis</span> <span class='ocrx_word' id='word_1_154' title='bbox 295 1477 640 1533; x_wconf 61' lang='lat' dir='ltr'>intinctioxest‚</span> <span class='ocrx_word' id='word_1_155' title='bbox 681 1484 833 1523; x_wconf 88' lang='lat' dir='ltr'>metus</span> <span class='ocrx_word' id='word_1_156' title='bbox 879 1476 1082 1537; x_wconf 85' lang='lat' dir='ltr'>integer.</span> <span class='ocrx_word' id='word_1_157' title='bbox 1144 1474 1354 1533; x_wconf 82' lang='lat' dir='ltr'>Exinde,</span> <span class='ocrx_word' id='word_1_158' title='bbox 1397 1476 1551 1539; x_wconf 87' lang='lat' dir='ltr'>quoad</span> <span class='ocrx_word' id='word_1_159' title='bbox 1583 1475 1669 1525; x_wconf 92' lang='lat' dir='ltr'>do-</span> 
     </span>
     <span class='ocr_line' id='line_1_20' title="bbox 19 1545 1668 1610; baseline 0 -15"><span class='ocrx_word' id='word_1_160' title='bbox 19 1547 201 1595; x_wconf 75' lang='lat' dir='ltr'>minum</span> <span class='ocrx_word' id='word_1_161' title='bbox 230 1547 465 1605; x_wconf 79' lang='lat' dir='ltr'>senseris,</span> <span class='ocrx_word' id='word_1_162' title='bbox 495 1545 614 1594; x_wconf 85' lang='lat' dir='ltr'>fides</span> <span class='ocrx_word' id='word_1_163' title='bbox 646 1562 784 1603; x_wconf 86' lang='lat' dir='ltr'>sana,</span> <span class='ocrx_word' id='word_1_164' title='bbox 819 1546 1116 1593; x_wconf 89' lang='lat' dir='ltr'>conscientia</span> <span class='ocrx_word' id='word_1_165' title='bbox 1147 1547 1294 1593; x_wconf 91' lang='lat' dir='ltr'>semel</span> <span class='ocrx_word' id='word_1_166' title='bbox 1324 1548 1668 1610; x_wconf 88' lang='lat' dir='ltr'>poenitentiam</span> 
     </span>
     <span class='ocr_line' id='line_1_21' title="bbox 22 1615 1668 1688; baseline -0.001 -20.999"><span class='ocrx_word' id='word_1_167' title='bbox 22 1617 311 1688; x_wconf 71' lang='lat' dir='ltr'>amplexata.</span> <span class='ocrx_word' id='word_1_168' title='bbox 374 1617 597 1665; x_wconf 85' lang='lat' dir='ltr'>Ceterum</span> <span class='ocrx_word' id='word_1_169' title='bbox 629 1618 668 1664; x_wconf 93' lang='lat' dir='ltr'>si</span> <span class='ocrx_word' id='word_1_170' title='bbox 700 1616 758 1664; x_wconf 89' lang='lat' dir='ltr'>ab</span> <span class='ocrx_word' id='word_1_171' title='bbox 784 1617 916 1680; x_wconf 84' lang='lat' dir='ltr'>aquis</span> <span class='ocrx_word' id='word_1_172' title='bbox 939 1633 1146 1680; x_wconf 88' lang='lat' dir='ltr'>peccare</span> <span class='ocrx_word' id='word_1_173' title='bbox 1172 1615 1464 1688; x_wconf 88' lang='lat' dir='ltr'>desistimus,</span> <span class='ocrx_word' id='word_1_174' title='bbox 1498 1634 1668 1666; x_wconf 89' lang='lat' dir='ltr'>neces-</span> 
     </span>
     <span class='ocr_line' id='line_1_22' title="bbox 20 1676 1667 1758; baseline 0 -22"><span class='ocrx_word' id='word_1_175' title='bbox 20 1688 190 1747; x_wconf 58' lang='lat' dir='ltr'>sitente,</span> <span class='ocrx_word' id='word_1_176' title='bbox 238 1705 332 1736; x_wconf 89' lang='lat' dir='ltr'>non</span> <span class='ocrx_word' id='word_1_177' title='bbox 377 1697 568 1758; x_wconf 84' lang='lat' dir='ltr'>sponte,</span> <span class='ocrx_word' id='word_1_178' title='bbox 616 1689 936 1735; x_wconf 80' lang='lat' dir='ltr'>innocentiam</span> <span class='ocrx_word' id='word_1_179' title='bbox 982 1676 1230 1735; x_wconf 71' lang='lat' dir='ltr'>induimus&#39;.</span> <span class='ocrx_word' id='word_1_180' title='bbox 1309 1687 1422 1746; x_wconf 85' lang='lat' dir='ltr'>Quis</span> <span class='ocrx_word' id='word_1_181' title='bbox 1468 1704 1586 1752; x_wconf 87' lang='lat' dir='ltr'>ergo</span> <span class='ocrx_word' id='word_1_182' title='bbox 1619 1691 1667 1736; x_wconf 92' lang='lat' dir='ltr'>in</span> 
     </span>
     <span class='ocr_line' id='line_1_23' title="bbox 18 1755 1664 1824; baseline 0.001 -18"><span class='ocrx_word' id='word_1_183' title='bbox 18 1756 254 1824; x_wconf 53' lang='lat' dir='ltr'>{bonitate</span> <span class='ocrx_word' id='word_1_184' title='bbox 272 1755 602 1823; x_wconf 87' lang='lat' dir='ltr'>praecellens?</span> <span class='ocrx_word' id='word_1_185' title='bbox 654 1760 738 1806; x_wconf 92' lang='lat' dir='ltr'>cui</span> <span class='ocrx_word' id='word_1_186' title='bbox 770 1775 863 1805; x_wconf 91' lang='lat' dir='ltr'>non</span> <span class='ocrx_word' id='word_1_187' title='bbox 897 1758 1033 1815; x_wconf 91' lang='lat' dir='ltr'>licet,</span> <span class='ocrx_word' id='word_1_188' title='bbox 1082 1775 1142 1805; x_wconf 90' lang='lat' dir='ltr'>an</span> <span class='ocrx_word' id='word_1_189' title='bbox 1180 1759 1256 1806; x_wconf 92' lang='lat' dir='ltr'>cui</span> <span class='ocrx_word' id='word_1_190' title='bbox 1289 1757 1511 1822; x_wconf 89' lang='lat' dir='ltr'>displicet</span> <span class='ocrx_word' id='word_1_191' title='bbox 1540 1761 1664 1807; x_wconf 92' lang='lat' dir='ltr'>malo</span> 
     </span>
     <span class='ocr_line' id='line_1_24' title="bbox 21 1827 1666 1895; baseline -0.001 -17"><span class='ocrx_word' id='word_1_192' title='bbox 21 1832 165 1878; x_wconf 70' lang='lat' dir='ltr'>esse?</span> <span class='ocrx_word' id='word_1_193' title='bbox 223 1831 300 1895; x_wconf 91' lang='lat' dir='ltr'>qui</span> <span class='ocrx_word' id='word_1_194' title='bbox 345 1830 557 1888; x_wconf 87' lang='lat' dir='ltr'>iubetur,</span> <span class='ocrx_word' id='word_1_195' title='bbox 605 1845 664 1876; x_wconf 90' lang='lat' dir='ltr'>an</span> <span class='ocrx_word' id='word_1_196' title='bbox 712 1830 790 1892; x_wconf 90' lang='lat' dir='ltr'>qui</span> <span class='ocrx_word' id='word_1_197' title='bbox 835 1827 1105 1875; x_wconf 88' lang='lat' dir='ltr'>delectatur</span> <span class='ocrx_word' id='word_1_198' title='bbox 1148 1845 1178 1875; x_wconf 89' lang='lat' dir='ltr'>a</span> <span class='ocrx_word' id='word_1_199' title='bbox 1223 1830 1420 1877; x_wconf 89' lang='lat' dir='ltr'>crimine</span> <span class='ocrx_word' id='word_1_200' title='bbox 1458 1833 1666 1878; x_wconf 77' lang='lat' dir='ltr'>vacare?</span> 
     </span>
     <span class='ocr_line' id='line_1_25' title="bbox 22 1897 1664 1965; baseline -0.001 -16"><span class='ocrx_word' id='word_1_201' title='bbox 22 1897 157 1965; x_wconf 83' lang='lat' dir='ltr'>Ergo</span> <span class='ocrx_word' id='word_1_202' title='bbox 189 1916 278 1948; x_wconf 85' lang='lat' dir='ltr'>nec</span> <span class='ocrx_word' id='word_1_203' title='bbox 309 1917 338 1948; x_wconf 88' lang='lat' dir='ltr'>a</span> <span class='ocrx_word' id='word_1_204' title='bbox 368 1899 494 1948; x_wconf 84' lang='lat' dir='ltr'>furto</span> <span class='ocrx_word' id='word_1_205' title='bbox 526 1916 688 1947; x_wconf 90' lang='lat' dir='ltr'>manus</span> <span class='ocrx_word' id='word_1_206' title='bbox 715 1908 1003 1956; x_wconf 85' lang='lat' dir='ltr'>avertamus,</span> <span class='ocrx_word' id='word_1_207' title='bbox 1037 1900 1126 1946; x_wconf 91' lang='lat' dir='ltr'>nisi</span> <span class='ocrx_word' id='word_1_208' title='bbox 1153 1900 1464 1946; x_wconf 89' lang='lat' dir='ltr'>claustrorum</span> <span class='ocrx_word' id='word_1_209' title='bbox 1491 1898 1664 1948; x_wconf 84' lang='lat' dir='ltr'>duritia</span> 
     </span>
     <span class='ocr_line' id='line_1_26' title="bbox 21 1970 1662 2035; baseline 0 -17"><span class='ocrx_word' id='word_1_210' title='bbox 21 1974 284 2035; x_wconf 80' lang='lat' dir='ltr'>repugnet,</span> <span class='ocrx_word' id='word_1_211' title='bbox 331 1986 421 2018; x_wconf 90' lang='lat' dir='ltr'>nec</span> <span class='ocrx_word' id='word_1_212' title='bbox 462 1972 627 2018; x_wconf 90' lang='lat' dir='ltr'>oculos</span> <span class='ocrx_word' id='word_1_213' title='bbox 666 1987 695 2017; x_wconf 94' lang='lat' dir='ltr'>a</span> <span class='ocrx_word' id='word_1_214' title='bbox 725 1970 874 2034; x_wconf 88' lang='lat' dir='ltr'>stupri</span> <span class='ocrx_word' id='word_1_215' title='bbox 907 1971 1306 2034; x_wconf 88' lang='lat' dir='ltr'>concupiscentiis</span> <span class='ocrx_word' id='word_1_216' title='bbox 1351 1971 1662 2028; x_wconf 85' lang='lat' dir='ltr'>refrenemus,</span> 
     </span>
     <span class='ocr_line' id='line_1_27' title="bbox 25 2039 1663 2104; baseline 0.001 -16"><span class='ocrx_word' id='word_1_217' title='bbox 25 2042 115 2088; x_wconf 89' lang='lat' dir='ltr'>nisi</span> <span class='ocrx_word' id='word_1_218' title='bbox 145 2058 175 2088; x_wconf 86' lang='lat' dir='ltr'>a</span> <span class='ocrx_word' id='word_1_219' title='bbox 206 2040 480 2096; x_wconf 81' lang='lat' dir='ltr'>custodibus</span> <span class='ocrx_word' id='word_1_220' title='bbox 513 2057 764 2104; x_wconf 89' lang='lat' dir='ltr'>corporum</span> <span class='ocrx_word' id='word_1_221' title='bbox 797 2041 1051 2098; x_wconf 86' lang='lat' dir='ltr'>obstructi,</span> <span class='ocrx_word' id='word_1_222' title='bbox 1099 2042 1139 2088; x_wconf 92' lang='lat' dir='ltr'>si</span> <span class='ocrx_word' id='word_1_223' title='bbox 1185 2057 1323 2089; x_wconf 90' lang='lat' dir='ltr'>nemo</span> <span class='ocrx_word' id='word_1_224' title='bbox 1355 2039 1545 2088; x_wconf 90' lang='lat' dir='ltr'>domino</span> <span class='ocrx_word' id='word_1_225' title='bbox 1578 2041 1663 2089; x_wconf 85' lang='lat' dir='ltr'>de-</span> 
     </span>
     <span class='ocr_line' id='line_1_28' title="bbox 23 2107 1662 2176; baseline 0.001 -17"><span class='ocrx_word' id='word_1_226' title='bbox 23 2110 150 2159; x_wconf 87' lang='lat' dir='ltr'>ditus</span> <span class='ocrx_word' id='word_1_227' title='bbox 181 2110 456 2176; x_wconf 88' lang='lat' dir='ltr'>delinquere</span> <span class='ocrx_word' id='word_1_228' title='bbox 489 2111 698 2171; x_wconf 84' lang='lat' dir='ltr'>desinet,</span> <span class='ocrx_word' id='word_1_229' title='bbox 732 2112 821 2159; x_wconf 91' lang='lat' dir='ltr'>nisi</span> <span class='ocrx_word' id='word_1_230' title='bbox 852 2112 1134 2159; x_wconf 88' lang='lat' dir='ltr'>intinctione</span> <span class='ocrx_word' id='word_1_231' title='bbox 1175 2107 1412 2176; x_wconf 84' lang='lat' dir='ltr'>alligatus.</span> <span class='ocrx_word' id='word_1_232' title='bbox 1483 2111 1662 2171; x_wconf 83' lang='lat' dir='ltr'>Quodsi</span> 
     </span>
     <span class='ocr_line' id='line_1_29' title="bbox 25 2182 1659 2247; baseline 0.001 -18"><span class='ocrx_word' id='word_1_233' title='bbox 25 2183 106 2247; x_wconf 84' lang='lat' dir='ltr'>qui</span> <span class='ocrx_word' id='word_1_234' title='bbox 150 2184 218 2230; x_wconf 89' lang='lat' dir='ltr'>ita</span> <span class='ocrx_word' id='word_1_235' title='bbox 261 2184 487 2241; x_wconf 85' lang='lat' dir='ltr'>senserit,</span> <span class='ocrx_word' id='word_1_236' title='bbox 549 2184 714 2230; x_wconf 90' lang='lat' dir='ltr'>nescio</span> <span class='ocrx_word' id='word_1_237' title='bbox 761 2200 820 2231; x_wconf 92' lang='lat' dir='ltr'>an</span> <span class='ocrx_word' id='word_1_238' title='bbox 866 2183 1091 2230; x_wconf 90' lang='lat' dir='ltr'>intinctus</span> <span class='ocrx_word' id='word_1_239' title='bbox 1136 2182 1287 2246; x_wconf 87' lang='lat' dir='ltr'>magis</span> <span class='ocrx_word' id='word_1_240' title='bbox 1334 2184 1659 2241; x_wconf 90' lang='lat' dir='ltr'>contristetur,</span> 
     </span>
     <span class='ocr_line' id='line_1_30' title="bbox 24 2252 1661 2318; baseline 0 -17"><span class='ocrx_word' id='word_1_241' title='bbox 24 2252 151 2318; x_wconf 85' lang='lat' dir='ltr'>quod</span> <span class='ocrx_word' id='word_1_242' title='bbox 179 2270 386 2318; x_wconf 82' lang='lat' dir='ltr'>peccare</span> <span class='ocrx_word' id='word_1_243' title='bbox 418 2253 637 2312; x_wconf 90' lang='lat' dir='ltr'>desierit,</span> <span class='ocrx_word' id='word_1_244' title='bbox 672 2271 808 2318; x_wconf 85' lang='lat' dir='ltr'>quam</span> <span class='ocrx_word' id='word_1_245' title='bbox 840 2254 1068 2311; x_wconf 89' lang='lat' dir='ltr'>laetetur,</span> <span class='ocrx_word' id='word_1_246' title='bbox 1111 2252 1237 2317; x_wconf 89' lang='lat' dir='ltr'>quod</span> <span class='ocrx_word' id='word_1_247' title='bbox 1267 2255 1489 2301; x_wconf 88' lang='lat' dir='ltr'>evaserit.</span> <span class='ocrx_word' id='word_1_248' title='bbox 1565 2253 1661 2302; x_wconf 88' lang='lat' dir='ltr'>Ita-</span> 
     </span>
     <span class='ocr_line' id='line_1_31' title="bbox 14 2323 1658 2408; baseline 0.001 -37"><span class='ocrx_word' id='word_1_249' title='bbox 14 2339 114 2388; x_wconf 49' lang='lat' dir='ltr'>,que</span> <span class='ocrx_word' id='word_1_250' title='bbox 145 2323 393 2374; x_wconf 80' lang='lat' dir='ltr'>audientes</span> <span class='ocrx_word' id='word_1_251' title='bbox 425 2334 594 2390; x_wconf 86' lang='lat' dir='ltr'>optare</span> <span class='ocrx_word' id='word_1_252' title='bbox 624 2326 969 2408; x_wconf 78' lang='lat' dir='ltr'>intinctionem,</span> <span class='ocrx_word' id='word_1_253' title='bbox 1002 2340 1095 2371; x_wconf 91' lang='lat' dir='ltr'>non</span> <span class='ocrx_word' id='word_1_254' title='bbox 1120 2340 1425 2388; x_wconf 86' lang='lat' dir='ltr'>praesumere</span> <span class='ocrx_word' id='word_1_255' title='bbox 1451 2334 1658 2389; x_wconf 87' lang='lat' dir='ltr'>oportet.</span> 
     </span>
     <span class='ocr_line' id='line_1_32' title="bbox 15 2393 1658 2460; baseline -0.001 -16.995"><span class='ocrx_word' id='word_1_256' title='bbox 15 2393 132 2455; x_wconf 82' lang='lat' dir='ltr'>Qui</span> <span class='ocrx_word' id='word_1_257' title='bbox 145 2397 268 2444; x_wconf 89' lang='lat' dir='ltr'>enim</span> <span class='ocrx_word' id='word_1_258' title='bbox 300 2405 454 2460; x_wconf 89' lang='lat' dir='ltr'>optat,</span> <span class='ocrx_word' id='word_1_259' title='bbox 501 2397 728 2455; x_wconf 89' lang='lat' dir='ltr'>honorat,</span> <span class='ocrx_word' id='word_1_260' title='bbox 769 2397 846 2460; x_wconf 89' lang='lat' dir='ltr'>qui</span> <span class='ocrx_word' id='word_1_261' title='bbox 891 2396 1170 2460; x_wconf 89' lang='lat' dir='ltr'>praesumit,</span> <span class='ocrx_word' id='word_1_262' title='bbox 1204 2396 1430 2460; x_wconf 81' lang='lat' dir='ltr'>supelbit.</span> <span class='ocrx_word' id='word_1_263' title='bbox 1493 2396 1545 2442; x_wconf 93' lang='lat' dir='ltr'>In</span> <span class='ocrx_word' id='word_1_264' title='bbox 1577 2396 1658 2442; x_wconf 92' lang='lat' dir='ltr'>illo</span> 
     </span>
     <span class='ocr_line' id='line_1_33' title="bbox 13 2466 1658 2531; baseline 0 -19"><span class='ocrx_word' id='word_1_265' title='bbox 13 2466 334 2529; x_wconf 80' lang='lat' dir='ltr'>verecundia,</span> <span class='ocrx_word' id='word_1_266' title='bbox 367 2469 414 2514; x_wconf 93' lang='lat' dir='ltr'>in</span> <span class='ocrx_word' id='word_1_267' title='bbox 443 2469 536 2515; x_wconf 89' lang='lat' dir='ltr'>isto</span> <span class='ocrx_word' id='word_1_268' title='bbox 568 2467 831 2531; x_wconf 90' lang='lat' dir='ltr'>petulantia</span> <span class='ocrx_word' id='word_1_269' title='bbox 861 2475 1081 2531; x_wconf 83' lang='lat' dir='ltr'>apparet3</span> <span class='ocrx_word' id='word_1_270' title='bbox 1115 2467 1195 2514; x_wconf 93' lang='lat' dir='ltr'>ille</span> <span class='ocrx_word' id='word_1_271' title='bbox 1228 2467 1424 2528; x_wconf 87' lang='lat' dir='ltr'>satagit,</span> <span class='ocrx_word' id='word_1_272' title='bbox 1464 2466 1542 2511; x_wconf 90' lang='lat' dir='ltr'>hic</span> <span class='ocrx_word' id='word_1_273' title='bbox 1574 2481 1658 2512; x_wconf 88' lang='lat' dir='ltr'>ne·-</span> 
     </span>
     <span class='ocr_line' id='line_1_34' title="bbox 12 2535 1656 2604; baseline -0.001 -20"><span class='ocrx_word' id='word_1_274' title='bbox 12 2537 186 2604; x_wconf 61' lang='lat' dir='ltr'>gligit:¹</span> <span class='ocrx_word' id='word_1_275' title='bbox 218 2538 298 2585; x_wconf 91' lang='lat' dir='ltr'>ille</span> <span class='ocrx_word' id='word_1_276' title='bbox 330 2539 504 2586; x_wconf 88' lang='lat' dir='ltr'>mereri</span> <span class='ocrx_word' id='word_1_277' title='bbox 536 2539 687 2601; x_wconf 90' lang='lat' dir='ltr'>cupit,</span> <span class='ocrx_word' id='word_1_278' title='bbox 720 2547 770 2584; x_wconf 86' lang='lat' dir='ltr'>at</span> <span class='ocrx_word' id='word_1_279' title='bbox 798 2538 876 2584; x_wconf 90' lang='lat' dir='ltr'>hic</span> <span class='ocrx_word' id='word_1_280' title='bbox 908 2547 960 2584; x_wconf 91' lang='lat' dir='ltr'>ut</span> <span class='ocrx_word' id='word_1_281' title='bbox 990 2535 1199 2584; x_wconf 89' lang='lat' dir='ltr'>debitum</span> <span class='ocrx_word' id='word_1_282' title='bbox 1232 2537 1321 2582; x_wconf 90' lang='lat' dir='ltr'>sibi</span> <span class='ocrx_word' id='word_1_283' title='bbox 1345 2537 1656 2599; x_wconf 84' lang='lat' dir='ltr'>repromittit3</span> 
     </span>
     <span class='ocr_line' id='line_1_35' title="bbox 19 2600 1658 2671; baseline -0.001 -17"><span class='ocrx_word' id='word_1_284' title='bbox 19 2600 103 2657; x_wconf 80' lang='lat' dir='ltr'>ille</span> <span class='ocrx_word' id='word_1_285' title='bbox 128 2609 288 2671; x_wconf 87' lang='lat' dir='ltr'>sumit,</span> <span class='ocrx_word' id='word_1_286' title='bbox 321 2608 398 2656; x_wconf 89' lang='lat' dir='ltr'>hic</span> <span class='ocrx_word' id='word_1_287' title='bbox 423 2610 498 2656; x_wconf 77' lang='lat' dir='ltr'>im</span> <span class='ocrx_word' id='word_1_288' title='bbox 489 2608 616 2656; x_wconf 89' lang='lat' dir='ltr'>adit.</span> <span class='ocrx_word' id='word_1_289' title='bbox 666 2608 814 2666; x_wconf 90' lang='lat' dir='ltr'>Quem</span> <span class='ocrx_word' id='word_1_290' title='bbox 839 2623 1036 2654; x_wconf 87' lang='lat' dir='ltr'>censeas</span> <span class='ocrx_word' id='word_1_291' title='bbox 1061 2606 1350 2669; x_wconf 87' lang='lat' dir='ltr'>digniorem,</span> <span class='ocrx_word' id='word_1_292' title='bbox 1385 2606 1473 2652; x_wconf 90' lang='lat' dir='ltr'>nisi</span> <span class='ocrx_word' id='word_1_293' title='bbox 1498 2622 1658 2653; x_wconf 89' lang='lat' dir='ltr'>emen-</span> 
     </span>
     <span class='ocr_line' id='line_1_36' title="bbox 14 2669 1656 2779; baseline -0.001 -53.991"><span class='ocrx_word' id='word_1_294' title='bbox 14 2669 287 2739; x_wconf 74' lang='lat' dir='ltr'>datiorem‘?</span> <span class='ocrx_word' id='word_1_295' title='bbox 345 2695 482 2779; x_wconf 83' lang='lat' dir='ltr'>quem</span> <span class='ocrx_word' id='word_1_296' title='bbox 513 2677 909 2736; x_wconf 89' lang='lat' dir='ltr'>emendatiorem,</span> <span class='ocrx_word' id='word_1_297' title='bbox 943 2678 1031 2724; x_wconf 91' lang='lat' dir='ltr'>nisi</span> <span class='ocrx_word' id='word_1_298' title='bbox 1062 2676 1370 2734; x_wconf 86' lang='lat' dir='ltr'>timidiorem,</span> <span class='ocrx_word' id='word_1_299' title='bbox 1404 2685 1453 2723; x_wconf 89' lang='lat' dir='ltr'>et</span> <span class='ocrx_word' id='word_1_300' title='bbox 1475 2677 1656 2724; x_wconf 87' lang='lat' dir='ltr'>iccirco</span> 
     </span>
    </p>
   </div>
   <div class='ocr_carea' id='block_1_3' title="bbox 6 2887 1656 3053">
    <p class='ocr_par' dir='ltr' id='par_1_4' title="bbox 9 2887 1656 3053">
     <span class='ocr_line' id='line_1_37' title="bbox 140 2887 1655 2944; baseline -0.001 -16"><span class='ocrx_word' id='word_1_301' title='bbox 140 2887 187 2944; x_wconf 87' lang='lat'>1)</span> <span class='ocrx_word' id='word_1_302' title='bbox 219 2891 268 2930; x_wconf 71' lang='lat' dir='ltr'>A.</span> <span class='ocrx_word' id='word_1_303' title='bbox 285 2891 485 2929; x_wconf 84' lang='lat' dir='ltr'>Neander</span> <span class='ocrx_word' id='word_1_304' title='bbox 507 2891 613 2929; x_wconf 84' lang='lat' dir='ltr'>haec</span> <span class='ocrx_word' id='word_1_305' title='bbox 638 2902 703 2934; x_wconf 82' lang='lat' dir='ltr'>vv.</span> <span class='ocrx_word' id='word_1_306' title='bbox 728 2890 1046 2939; x_wconf 80' lang='lat' dir='ltr'>transponenda</span> <span class='ocrx_word' id='word_1_307' title='bbox 1070 2900 1164 2929; x_wconf 76' lang='lat' dir='ltr'>ene</span> <span class='ocrx_word' id='word_1_308' title='bbox 1187 2892 1354 2937; x_wconf 87' lang='lat' dir='ltr'>censet,</span> <span class='ocrx_word' id='word_1_309' title='bbox 1386 2890 1446 2928; x_wconf 84' lang='lat' dir='ltr'>ita</span> <span class='ocrx_word' id='word_1_310' title='bbox 1467 2890 1516 2928; x_wconf 74' lang='lat' dir='ltr'>ut</span> <span class='ocrx_word' id='word_1_311' title='bbox 1546 2890 1655 2928; x_wconf 83' lang='lat' dir='ltr'>scri-</span> 
     </span>
     <span class='ocr_line' id='line_1_38' title="bbox 6 2935 1656 2997; baseline -0.002 -9.969"><span class='ocrx_word' id='word_1_312' title='bbox 6 2935 169 2988; x_wconf 65' lang='lat' dir='ltr'>batur:</span> <span class='ocrx_word' id='word_1_313' title='bbox 218 2948 418 2992; x_wconf 80' lang='lat' dir='ltr'>Quodsi</span> <span class='ocrx_word' id='word_1_314' title='bbox 448 2937 798 2994; x_wconf 79' lang='lat' dir='ltr'>necessitate,</span> <span class='ocrx_word' id='word_1_315' title='bbox 847 2959 968 2997; x_wconf 84' lang='lat' dir='ltr'>ergo</span> <span class='ocrx_word' id='word_1_316' title='bbox 1011 2947 1213 2985; x_wconf 85' lang='lat' dir='ltr'>invitus</span> <span class='ocrx_word' id='word_1_317' title='bbox 1252 2947 1405 2995; x_wconf 80' lang='lat' dir='ltr'>facit3</span> <span class='ocrx_word' id='word_1_318' title='bbox 1448 2949 1656 2996; x_wconf 82' lang='lat' dir='ltr'>symbo-</span> 
     </span>
     <span class='ocr_line' id='line_1_39' title="bbox 9 3001 1656 3053; baseline -0.001 -11"><span class='ocrx_word' id='word_1_319' title='bbox 9 3001 129 3043; x_wconf 76' lang='lat' dir='ltr'>¹‘ium</span> <span class='ocrx_word' id='word_1_320' title='bbox 160 3004 344 3042; x_wconf 81' lang='lat' dir='ltr'>mortis</span> <span class='ocrx_word' id='word_1_321' title='bbox 376 3004 632 3053; x_wconf 82' lang='lat' dir='ltr'>indulget.</span> <span class='ocrx_word' id='word_1_322' title='bbox 695 3005 776 3043; x_wconf 86' lang='lat' dir='ltr'>Sed</span> <span class='ocrx_word' id='word_1_323' title='bbox 800 3004 968 3042; x_wconf 82' lang='lat' dir='ltr'>tollitur</span> <span class='ocrx_word' id='word_1_324' title='bbox 990 3004 1076 3042; x_wconf 90' lang='lat' dir='ltr'>loci</span> <span class='ocrx_word' id='word_1_325' title='bbox 1101 3003 1327 3042; x_wconf 82' lang='lat' dir='ltr'>difficultas</span> <span class='ocrx_word' id='word_1_326' title='bbox 1345 3005 1541 3053; x_wconf 83' lang='lat' dir='ltr'>apposito</span> <span class='ocrx_word' id='word_1_327' title='bbox 1561 3005 1656 3052; x_wconf 86' lang='lat' dir='ltr'>post</span> 
     </span>
    </p>
   </div>
   <div class='ocr_carea' id='block_1_4' title="bbox 0 3059 1655 3156">
    <p class='ocr_par' dir='ltr' id='par_1_5' title="bbox 0 3059 1655 3156">
     <span class='ocr_line' id='line_1_40' title="bbox 0 3059 1655 3114; baseline 0 -15"><span class='ocrx_word' id='word_1_328' title='bbox 0 3061 160 3114; x_wconf 60' lang='lat' dir='ltr'>{facit</span> <span class='ocrx_word' id='word_1_329' title='bbox 190 3060 481 3110; x_wconf 83' lang='lat' dir='ltr'>interrogandi</span> <span class='ocrx_word' id='word_1_330' title='bbox 514 3061 648 3110; x_wconf 71' lang='lat' dir='ltr'>signo.</span> <span class='ocrx_word' id='word_1_331' title='bbox 767 3059 808 3110; x_wconf 88' lang='grc'>2)</span> <span class='ocrx_word' id='word_1_332' title='bbox 837 3061 1017 3099; x_wconf 85' lang='lat' dir='ltr'>I’amel.</span> <span class='ocrx_word' id='word_1_333' title='bbox 1019 3064 1060 3098; x_wconf 85' lang='lat' dir='ltr'>et</span> <span class='ocrx_word' id='word_1_334' title='bbox 1084 3061 1152 3099; x_wconf 85' lang='lat' dir='ltr'>Fr.</span> <span class='ocrx_word' id='word_1_335' title='bbox 1177 3064 1267 3101; x_wconf 92' lang='lat' dir='ltr'>Iun.</span> <span class='ocrx_word' id='word_1_336' title='bbox 1293 3073 1323 3099; x_wconf 76' lang='lat' dir='ltr'>e</span> <span class='ocrx_word' id='word_1_337' title='bbox 1347 3073 1447 3100; x_wconf 81' lang='lat' dir='ltr'>mss.</span> <span class='ocrx_word' id='word_1_338' title='bbox 1480 3073 1504 3100; x_wconf 85' lang='lat' dir='ltr'>a</span> <span class='ocrx_word' id='word_1_339' title='bbox 1535 3072 1655 3110; x_wconf 88' lang='lat' dir='ltr'>per-</span> 
     </span>
     <span class='ocr_line' id='line_1_41' title="bbox 10 3117 481 3156; baseline 0.002 -2"><span class='ocrx_word' id='word_1_340' title='bbox 10 3117 170 3156; x_wconf 68' lang='lat' dir='ltr'>“feeto</span> <span class='ocrx_word' id='word_1_341' title='bbox 202 3117 283 3155; x_wconf 85' lang='lat' dir='ltr'>dei</span> <span class='ocrx_word' id='word_1_342' title='bbox 314 3120 481 3155; x_wconf 87' lang='lat' dir='ltr'>verbo.</span> 
     </span>
    </p>
   </div>
  </div>
 </body>
</html>
