1942 3554
322 197 435 248 120
871 201 1452 242 Aronoenrmus.

314 339 488 386 Thales
520 339 601 386 ille
632 341 856 404 princeps
888 341 1189 404 physicorum
1221 343 1482 389 sciscitanti
1516 343 1698 391 Croeso
1732 343 1791 392 de
1825 344 1871 392 di
1901 341 1927 358 ''

317 412 465 456 nitate
514 418 694 455 certum
739 411 1047 469 renuntiavit,
1109 421 1395 459 commeatus
1449 411 1746 471 deliberandi
1797 431 1923 471 saea

318 480 601 527 frustratus?
675 479 822 527 Deum
857 481 1054 544 quilibet
1085 483 1247 546 opifex
1279 482 1573 530 Christianus
1607 491 1656 530 et
1686 484 1864 533 invenit

320 548 528 597 ostendit
559 558 608 597 et
639 549 808 597 exinde
839 559 1007 609 totum,
1057 551 1180 616 quod
1212 553 1257 598 in
1300 552 1390 599 deo
1433 554 1694 616 quaeritur,
1742 571 1795 602 re
1828 571 1922 619 qut„

321 637 411 686 que
450 621 689 683 assignat3
746 620 860 667 licet
891 620 1024 668 Plato
1043 624 1085 683 1)
1127 622 1323 670 affirmet
1360 623 1679 672 factitatorem
1710 625 1917 672 univer

319 694 428 739 tatis
460 705 612 755 neque
644 691 842 737 inveniri
875 691 1063 739 facilem
1104 701 1151 739 et
1189 694 1424 740 inventum
1457 694 1670 741 enarrari
1702 695 1747 740 in
1781 701 1915 759 omns

320 761 582 811 difficilem.
662 760 881 807 Ceterum
907 763 946 808 si
979 761 1036 809 de
1067 762 1295 825 pudicitia
1325 778 1652 826 provocemus,
1694 764 1803 828 lego
1834 774 1919 828 pa*

317 841 413 881 tem
462 834 726 879 sententiae
757 829 949 879 Atticae
996 833 1043 878 in
1085 831 1330 880 Socratem
1379 842 1708 897 corruptorem
1755 831 1942 896 adoles,

320 905 528 951 centium
581 901 939 964 pronuntiatam.
960 903 1005 960 2)
1101 901 1273 949 Sexum
1328 920 1417 952 nec
1477 905 1730 951 femineum
1792 921 1899 952 ιιιιι
1940 922 1942 924 ·

321 973 625 1021 Christianus.
644 972 688 1033 3)
750 970 876 1018 Novi
909 971 1192 1037 etPhrynen
1225 975 1525 1021 meretricem
1543 974 1773 1038 Diogenis
1805 970 1939 1039 sup⁴

318 1043 589 1093 recubantis
627 1040 788 1088 ardori
827 1043 1089 1090 subantem.
1167 1041 1323 1090 Audio
1365 1053 1411 1090 et
1451 1044 1679 1108 quendam
1717 1041 1922 1108 Speusi

317 1132 424 1180 pum
458 1112 515 1160 de
548 1113 757 1160 Platonis
791 1113 953 1159 schola
990 1114 1036 1159 in
1080 1112 1313 1159 adulterio
1354 1116 1571 1177 periisse.
1651 1106 1920 1162 ΟΙιΡίεῐίιιιι’

318 1185 456 1232 uxori
488 1199 599 1230 suae
632 1182 720 1229 soli
751 1184 984 1230 masculus
1016 1184 1240 1230 nascitur.
1304 1183 1604 1231 Democritus
1637 1200 1922 1232 excaecan

319 1256 643 1317 semetipsum,
709 1252 832 1318 quod
879 1253 1098 1300 mulieres
1147 1253 1248 1300 sine
1297 1255 1682 1317 concupiscentia
1726 1257 1931 1319 aspice*

318 1343 413 1373 non
459 1333 643 1388 posset,
694 1333 742 1372 et
781 1323 990 1380 doleret,
1039 1324 1076 1370 si
1110 1339 1202 1370 non
1236 1333 1363 1371 esset
1402 1325 1598 1387 potitus,
1645 1326 1885 1373 incontine

318 1398 428 1444 tiam
469 1394 797 1442 emendatione
839 1394 1103 1457 profitetur.
1178 1391 1244 1440 At
1277 1393 1571 1442 Christianus
1610 1395 1750 1442 salvis
1793 1412 1881 1443 ocu

317 1468 538 1514 feminam
570 1465 722 1522 videt,
778 1466 931 1511 animo
965 1463 1189 1511 adversus
1230 1464 1469 1512 libidinem
1509 1481 1684 1513 caecus
1724 1475 1812 1513 est.

321 1536 379 1585 de
420 1536 658 1601 probitate
701 1534 971 1593 defendam,
1027 1550 1144 1582 ecce
1185 1535 1428 1582 lutulentis
1467 1534 1664 1599 pedibus
1697 1535 1884 1600 Diogen
1939 1559 1942 1575 ⁴

319 1607 547 1670 superbos
579 1605 785 1653 Platonis
818 1614 950 1651 toros
983 1605 1074 1651 alia
1107 1605 1327 1667 superbia
1361 1605 1605 1653 deculcat:
1650 1602 1895 1655 Christian*

317 1694 408 1726 nec
442 1679 488 1723 in
526 1692 780 1739 pauperem
814 1675 1040 1738 superbit.
1119 1674 1170 1721 Si
1203 1674 1260 1722 de
1292 1675 1524 1723 modestia
1573 1685 1774 1736 certem,
1823 1693 1879 1726 cc

318 1748 615 1813 Pythagoras
647 1745 768 1809 apud
782 1746 999 1803 Thurios,
1032 1745 1163 1792 Zeno
1197 1745 1318 1809 apud
1331 1745 1613 1794 Prienenses
1644 1747 1865 1812 tyrannid

317 1819 569 1866 affectant:
628 1816 921 1864 Christianus
961 1831 1075 1863 vero
1117 1832 1205 1863 nec
1244 1815 1547 1863 aedilitatem.
1625 1816 1677 1865 Si
1709 1817 1768 1866 de
1799 1819 1891 1866 ani*
1922 1821 1934 1848 ἰ

317 1891 558 1953 aequitate
586 1885 886 1950 congrediar,
919 1886 1168 1950 Lycurgus
1185 1883 1560 1954 ἀποκαρτέρησιν
1591 1889 1782 1951 optavit,
1818 1804 1937 2014 qu}

317 1961 454 2023 leges
501 1960 601 2007 eius
631 1957 851 2005 Lacones
898 1955 1248 2004 emendassent:
1304 1956 1594 2004 Christianus
1635 1959 1773 2006 etiam
1814 1959 1886 2006 da⁴
1922 1999 1923 2002 ,

318 2039 453 2078 natus
486 2030 667 2093 gratias
698 2029 813 2090 agit.
891 2026 942 2074 Si
975 2026 1033 2074 de
1066 2026 1158 2076 fide
1193 2043 1480 2090 comparem,
1512 2026 1823 2093 Anaxagoras
1855 2016 1922 2091 d}-

316 2103 517 2165 positum
549 2098 809 2161 hospitibus
842 2096 1117 2161 denegavit:
1161 2097 1451 2146 Christianus
1484 2099 1625 2146 etiam
1658 2108 1793 2148 extra
1823 2098 1923 2162 fide·

317 2172 376 2219 lis
406 2178 623 2218 vocatur.
705 2167 755 2215 Si
789 2166 847 2214 de
879 2168 1177 2231 simplicitate
1219 2171 1492 2227 consistam,
1546 2168 1838 2218 Aristoteles
1867 2166 1927 2221 fi*

316 2242 544 2290 miliarem
576 2255 705 2287 suum
724 2237 959 2285 Hermiam
991 2240 1190 2301 turpiter
1220 2239 1328 2286 loco
1363 2239 1599 2288 excedere
1631 2241 1769 2289 fecit:
1804 2223 1918 2295 Chri*

318 2314 499 2360 stianus
546 2326 634 2357 nec
674 2309 910 2355 inimicum
952 2325 1081 2355 suum
1122 2308 1286 2356 laedit.
1326 2309 1484 2358 .Idem
1516 2309 1805 2360 Aristoteles
1844 2310 1942 2371 tant

317 2384 522 2446 turpiter
550 2378 826 2428 Alexandro
873 2379 1086 2443 regendo
1135 2381 1291 2442 potius
1336 2380 1581 2438 adulatur,
1630 2397 1764 2445 quam
1803 2381 1942 2443 Plassffu

316 2453 549 2517 Dionysio
579 2451 757 2498 ventris
797 2450 947 2512 gratia
986 2449 1269 2497 venditatur.
1341 2449 1611 2514 Aristippus
1650 2454 1696 2499 in
1733 2448 1942 2516 purpuris

317 2524 403 2571 sub
434 2538 600 2586 magna
632 2520 876 2584 gravitatis
908 2520 1159 2583 superficie
1190 2529 1461 2584 nepotatur,
1504 2529 1553 2568 et
1582 2521 1797 2586 Hippias,
1831 2521 1942 2585 du'pa

318 2595 497 2641 civitati
542 2590 733 2639 insidias
780 2590 1007 2653 disponit,
1057 2589 1305 2637 occiditur.
1390 2591 1492 2638 Hoc
1538 2607 1624 2655 pro
1671 2593 1766 2640 suis
1812 2592 1942 2647 omfi‘l

317 2665 570 2712 atrocitate
603 2661 839 2725 dissipatis
871 2676 1006 2708 nemo
1038 2677 1238 2725 unquam
1258 2661 1548 2709 Christianus
1564 2664 1776 2710 tentavit.
1839 2659 1942 2726 Sel

318 2733 447 2782 dicet
477 2733 668 2797 aliquis,
718 2733 855 2778 etiam
889 2731 946 2779 de
979 2733 1151 2778 nostris
1184 2730 1423 2780 excedere
1456 2731 1677 2796 quosdam
1710 2751 1736 2781 a
1769 2727 1942 2796 reguli

430 2943 471 2994 1)
501 2944 592 2981 Vid.
611 2944 718 2980 Plat.
737 2945 779 2980 in
800 2944 971 2981 Timaeo
990 2956 1027 2992 p.
1046 2945 1099 2980 28
1124 2945 1153 2980 C
1172 2943 1233 2980 ed.
1251 2942 1394 2990 Steph.
1500 2943 1545 2991 2)
1564 2943 1656 2991 Rig.
1677 2947 1719 2980 et
1735 2945 1905 2999 Havmp
1937 2966 1942 2968 -

315 3001 515 3040 ctoritate
546 3001 638 3038 cod.
670 3000 790 3037 Fuld.
822 3002 1110 3038 Socratem:
1147 3002 1426 3047 corruptor
1457 3000 1586 3037 adol.
1619 3000 1905 3047 pronuntis
1931 3019 1942 3037 .-

312 3062 423 3105 tur3
455 3056 605 3094 ceteri:
638 3059 999 3104 corruptorem
1023 3056 1152 3094 adol.
1179 3056 1570 3104 pronuntiatam
1601 3059 1676 3093 aut
1705 3057 1903 3103 pronun
1935 3063 1942 3075 ⁴

313 3115 518 3153 tiatum.
645 3112 689 3161 3)
720 3112 1053 3150 Christianus
1085 3113 1141 3149 ad
1175 3123 1352 3150 sexum
1385 3124 1475 3150 nec
1509 3113 1729 3150 feminae
1762 3111 1897 3154 muti

313 3171 404 3209 cod.
420 3170 539 3207 Fuld.
556 3170 596 3205 et
614 3169 702 3205 edd.
722 3170 807 3217 Rig.
826 3173 865 3206 et
883 3170 986 3207 Hav.
1874 3157 1891 3182 ὅ(

1852 3351 1886 3554 ωέυικῆμι,
1882 3190 1892 3208 ,
