1942 3554
295 203 384 248 80
619 203 702 240 DE
743 203 950 240 CULTU
986 201 1373 239 FEMINARUM
1410 203 1524 241 LIB.
1554 206 1586 242 1.

294 338 557 394 praestare.
638 326 688 372 Si
720 325 965 371 doctrinae
997 324 1226 372 dicendae
1260 334 1380 383 sunt,
1413 326 1520 372 mali
1551 323 1760 389 magistri
1789 328 1910 377 male

295 399 543 447 docuerint
573 410 770 441 necesse
802 403 899 452 est,
937 395 976 440 si
1007 394 1250 442 mercedes
1281 412 1368 458 pro
1400 394 1608 452 libid-ine,
1641 393 1808 443 nullius
1837 398 1909 445 rei

294 468 441 529 turpis
473 480 655 512 merces
688 462 863 509 decora
895 472 981 511 est.
1058 463 1177 522 Quid
1209 474 1363 511 autem
1394 465 1511 510 tanti
1542 466 1631 511 fuit
1659 466 1749 512 ista
1779 483 1912 513 mon-

293 546 444 584 strare
477 536 574 581 sive
608 535 858 579 conferre?
895 542 1108 579 utrumne
1141 534 1362 581 mulieres
1393 535 1493 581 sine
1525 536 1732 582 materiis
1754 536 1912 598 splen-

294 606 422 652 doris
455 613 502 651 et
534 605 636 649 sine
669 604 872 665 ingeniis
905 601 1094 649 decoris
1124 604 1317 665 placere
1350 620 1440 650 non
1481 613 1675 666 possent
1710 605 1917 652 homini-

291 677 392 732 hus,
428 690 544 737 quae
577 672 727 720 adhuc
753 673 956 719 incultae
984 681 1031 718 et
1055 673 1412 736 incompositae,
1446 682 1508 731 et,
1541 681 1589 720 ut
1612 675 1678 719 ita
1696 673 1910 734 dixerim,

295 743 469 791 crudae
508 759 563 789 ac
603 741 743 788 rudes
782 742 978 804 angelos
1017 745 1292 790 moverant?
1345 759 1464 790 anne
1511 742 1689 790 sordidi
1736 753 1785 791 et
1826 760 1915 808 per

294 815 546 878 gratuitum
577 829 705 858 usum
739 812 1067 858 contumeliosi
1107 821 1340 860 amatores
1378 811 1675 871 viderentur,
1720 815 1759 860 si
1797 814 1912 862 nihil

292 885 479 931 feminis
510 884 556 929 in
590 881 869 929 connubium
901 882 1086 929 allectis
1119 883 1457 931 contulissent?
1533 883 1629 930 Sed
1660 884 1779 932 haec
1818 901 1910 932 non

295 955 418 1017 capit
449 954 712 1009 aestimare,
754 952 867 998 nihil
898 952 1002 1014 plus
1035 951 1309 1000 desiderare
1339 962 1574 1016 poterant,
1615 969 1733 1017 quae
1765 970 1915 1017 ange-

293 1025 364 1071 los
394 1020 720 1086 possidebant,
762 1037 930 1084 magno
970 1022 1156 1069 scilicet
1193 1031 1466 1086 nupserant.
1542 1023 1796 1071 Enimvero
1835 1025 1912 1088 qui

292 1096 453 1156 utiquc
486 1091 717 1138 interdum
751 1091 1038 1155 cogitabant,
1073 1091 1195 1139 unde
1229 1092 1518 1140 cecidissent
1548 1102 1596 1140 et
1625 1103 1731 1157 post
1754 1093 1914 1141 libidi-

294 1180 400 1210 num
430 1170 654 1224 vaporata
685 1169 918 1207 momenta
950 1161 1131 1207 coelum
1164 1162 1471 1224 suspirabant,
1504 1162 1616 1209 illud
1649 1164 1794 1225 ipsum
1825 1165 1914 1211 bo-

293 1249 400 1279 num
432 1231 707 1276 feminarum
740 1230 964 1276 naturalis
996 1229 1209 1289 decoris,
1242 1240 1292 1278 ut
1323 1247 1534 1278 caussam
1566 1233 1696 1291 mali,
1737 1235 1804 1280 sic
1835 1249 1914 1281 re·-

292 1309 680 1356 muneraverunt,
728 1315 785 1346 ne
819 1300 889 1346 eis
922 1293 1178 1363 profuisset
1208 1301 1411 1349 felicitas
1442 1318 1539 1360 sua,
1573 1301 1655 1349 sed
1687 1311 1737 1349 ut
1767 1301 1913 1351 deve-

295 1380 399 1418 ctae
433 1369 490 1416 de
524 1370 822 1433 simplicitate
854 1379 902 1416 et
933 1371 1208 1418 sinceritate
1238 1388 1329 1418 una
1354 1389 1454 1419 cum
1481 1373 1594 1436 ipsis
1617 1373 1663 1418 in
1689 1372 1914 1435 offensam

294 1441 373 1488 dei
402 1441 725 1504 pervenirent.
791 1439 922 1486 Certi
954 1449 1102 1498 erant,
1138 1457 1318 1488 omnem
1345 1451 1393 1488 et
1416 1442 1615 1504 gloriam
1633 1443 1914 1491 etambitio-

292 1527 398 1558 nem
439 1519 487 1557 et
523 1510 872 1557 affectationem
910 1526 996 1574 per
1033 1526 1221 1558 carnem
1260 1511 1479 1574 placendi
1519 1511 1609 1559 deo
1643 1511 1911 1576 displicere.

292 1580 353 1628 Hi
385 1589 492 1626 sunt
522 1595 688 1642 nempe
721 1580 902 1642 angeli,
950 1596 1065 1643 quos
1096 1580 1350 1636 indicaturi
1383 1598 1562 1640 sumus,
1608 1582 1655 1629 hi
1693 1591 1800 1629 sunt
1829 1599 1914 1630 au-

293 1649 413 1713 geli,
447 1650 613 1712 quibus
643 1650 690 1695 in
722 1650 913 1696 lavacro
944 1651 1285 1709 renuntiamus,
1326 1651 1444 1698 haec
1476 1660 1582 1698 runt
1611 1654 1795 1715 utique,
1827 1668 1942 1716 per-

293 1735 412 1783 qnae
445 1719 502 1765 ab
534 1719 721 1766 homine
754 1718 954 1766 iudicari
986 1729 1273 1769 meruerunt.
1323 1720 1442 1778 Quid
1460 1737 1577 1783 ergo
1595 1722 1774 1768 facient
1790 1721 1913 1785 apud

293 1787 475 1837 iuffiees
507 1805 617 1835 suos
647 1804 725 1836 rcs
757 1791 950 1835 eorum?
1003 1788 1126 1852 quod
1151 1798 1232 1845 ‚est
1263 1792 1591 1837 commercium
1625 1790 1913 1839 damnaturis

293 1875 398 1906 cum
430 1857 726 1915 damnandis,
760 1859 949 1920 opinor,
984 1858 1107 1922 quod
1141 1859 1327 1906 Christo
1361 1869 1410 1907 et
1438 1859 1634 1907 Beliae?
1678 1877 1767 1924 qua
1799 1877 1914 1908 con-

293 1929 464 1975 stantia
502 1927 706 1974 tribunal
745 1925 860 1973 illud
899 1927 1207 1975 ascendemus
1256 1928 1497 1976 decreturi
1542 1929 1766 1976 adversus
1811 1946 1912 1988 eoS,

292 2014 487 2062 quorum
519 2012 712 2043 munera
742 1997 1031 2059 appetimus?
1077 1996 1196 2043 Nam
1223 2006 1270 2044 ct
1301 1999 1434 2045 vobis
1467 1997 1630 2045 eadem
1663 2008 1772 2046 tunc
1805 1999 1914 2047 sub-

292 2069 462 2114 stantia
492 2067 709 2129 angelica
739 2065 1203 2129 repromissa,‘idem
1237 2083 1401 2126 sexus,
1436 2069 1513 2131 qui
1546 2077 1594 2115 et
1623 2070 1757 2126 viris,
1799 2085 1913 2116 ean-

293 2137 396 2184 dem
429 2135 666 2183 iudicandi
700 2135 1019 2198 dignationem
1047 2137 1328 2199 pollicetur.
1399 2138 1507 2185 Nisi
1547 2154 1666 2202 ergo
1706 2139 1781 2185 hic
1821 2140 1912 2185 iam

290 2206 771 2270 praeiudicaverimus
810 2221 889 2252 res
926 2221 1086 2252 eorum
1125 2206 1527 2269 praedamnando,
1582 2225 1694 2270 quas
1733 2209 1778 2254 in
1820 2209 1913 2255 illis

291 2276 553 2322 damnaturi
587 2290 756 2330 sumus,
790 2275 857 2320 illi
884 2277 1040 2336 potius
1058 2275 1431 2323 nosiudicabunt
1447 2286 1585 2340 atque
1607 2277 1908 2326 damnabunt.

433 2349 481 2394 3.
547 2343 660 2389 Scio
693 2345 968 2406 scripturam
1001 2344 1181 2401 Enoch,
1216 2361 1335 2408 quae
1367 2346 1489 2392 hunc
1523 2346 1735 2393 ordinem
1766 2363 1913 2410 ange-

292 2416 348 2461 lis
380 2413 525 2470 dedit,
558 2430 650 2460 non
683 2414 831 2475 recipi
864 2430 889 2460 a
922 2412 1208 2476 quibusdam,
1243 2416 1350 2477 quia
1373 2418 1534 2462 necin
1560 2418 1808 2465 armarium
1837 2418 1914 2464 Iu-

292 2484 475 2531 daicum
503 2482 775 2529 admittitur.
826 2482 1017 2545 Opinor,
1053 2500 1143 2530 non
1177 2494 1458 2546 putaverunt
1488 2486 1611 2532 illam
1643 2495 1750 2533 ante
1783 2496 1912 2534 cata-

293 2555 516 2618 clysmum
550 2552 720 2599 editam
752 2561 860 2615 post
891 2568 993 2599 eum
1027 2570 1185 2599 casum
1219 2555 1347 2601 orbis
1379 2558 1577 2602 omnium
1610 2572 1765 2604 rerum
1797 2557 1912 2604 abo-

290 2625 475 2670 litorem
510 2623 681 2669 salvam
714 2637 817 2669 esse
852 2624 1078 2685 potuisse.
1128 2622 1177 2670 Si
1204 2625 1293 2670 ista
1315 2627 1435 2671 ratio
1462 2635 1548 2683 est,
1581 2626 1909 2684 recordentur,

290 2698 597 2757 pronepotem
631 2693 775 2754 ipsius
800 2692 963 2739 Enoch
997 2694 1141 2739 fuisse
1174 2696 1468 2757 superstitem
1496 2697 1767 2759 cataclysmi
1784 2695 1908 2755 Noe,

292 2764 368 2826 qui
399 2764 558 2825 utique
593 2760 854 2809 domestico
886 2763 1072 2809 nomine
1105 2771 1153 2810 et
1183 2764 1500 2812 haereditaria
1531 2764 1786 2813 traditione
1827 2782 1912 2812 au-

291 2832 444 2878 dierat
475 2841 522 2879 et
552 2833 827 2879 meminerat
860 2830 916 2879 de
948 2834 1111 2895 proavi
1143 2835 1213 2880 sui
1244 2850 1389 2897 penes
1422 2834 1557 2882 deum
1589 2836 1741 2898 gratia
1773 2844 1821 2882 ct
1850 2834 1910 2883 (16

291 2901 503 2948 omnibus
540 2900 826 2964 praedicatis
866 2903 990 2959 eius,
1046 2918 1147 2949 cum
1186 2903 1352 2951 Enoch
1391 2905 1485 2952 filio
1525 2921 1609 2952 suo
1647 2905 1909 2952 Matusalae

290 2970 403 3016 nihil
443 2970 569 3017 aliud
607 2971 919 3029 mandaverit,
975 2988 1107 3036 quam
1149 2982 1198 3019 ut
1237 2975 1451 3021 notitiam
1498 2990 1660 3022 corum
1703 2976 1908 3038 posteris

291 3040 385 3087 suis
417 3039 644 3086 traderet.
705 3041 855 3103 Igitur
885 3043 985 3088 sine
1019 3041 1157 3088 dubio
1190 3045 1340 3105 potuit
1370 3044 1477 3092 Noc
1510 3046 1556 3091 in
1589 3044 1908 3107 praedicatio-

289 3109 361 3156 nis
394 3107 695 3172 delegatione
727 3113 1038 3170 successisse,
1085 3113 1158 3161 vcl
1193 3115 1300 3175 quia
1335 3123 1382 3161 et
1412 3115 1527 3162 alias
1557 3130 1648 3161 non
1679 3116 1907 3162 tacuisset
