1942 3554
52 0 87 132 ἔ

53 140 78 201 ι

454 209 540 248 DE
570 209 842 248 uiuimus
878 209 1020 247 Anv.
1049 208 1264 248 rsrcn.
1547 205 1676 250 195

43 304 148 392 §³-
160 326 270 376 48.
319 322 665 371 Praescribitis
697 325 953 371 constituta
991 331 1095 371 esse
1134 319 1388 370 sollemnia
1417 322 1526 371 huic
1566 321 1677 369 fidei

31 394 306 466 ᾡωὴιιιιιίε-
332 396 410 442 vel
461 394 718 442 traditione
763 396 1035 452 maiorum,
1075 394 1283 458 nihilque
1333 394 1677 449 ohservationis

30 467 242 533 *ltus
266 464 602 514 adiiciendum
655 466 723 513 oh
762 467 975 514 illicitum
1027 467 1358 514 innovationis.
1449 465 1613 513 State
1628 466 1676 512 in

29 527 135 620 {fito
166 535 332 602 gradu,
365 539 405 586 si
436 539 650 601 potestis.
710 536 840 586 Ecce
873 539 996 585 enim
1028 538 1260 586 convenio
1290 553 1376 585 vos
1407 547 1457 586 et
1485 542 1677 603 praeter

71 609 221 658 ndu
248 610 516 675 ieiunantes
549 609 670 655 citra
699 609 807 656 illos
839 608 964 667 dies,
1007 609 1172 673 quibus
1203 609 1386 657 ablatus
1426 618 1499 658 est
1535 625 1675 674 spon·-

26 700 34 728 ι
126 702 142 738 ι,
187 688 239 728 et
282 681 534 728 stationum
579 680 873 728 semiieiunia
924 682 1306 745 interponentes,
1353 690 1403 729 et
1443 697 1559 728 vero
1604 681 1675 727 in-

0 750 224 814 ἷίβθτᾶιιιιι
255 763 377 816 pane
409 760 459 799 et
488 767 609 814 aqua
640 751 935 809 vietitantes,
974 761 1026 798 ut
1056 753 1223 816 cuique
1250 754 1400 800 visum
1430 761 1518 812 est.
1579 751 1676 819 De-

0 823 180 887 ιμιιιιο
211 821 512 905 respondetis
543 821 662 870 haec
694 838 755 871 ex
784 823 982 871 arbitrio
1013 822 1215 886 agenda,
1241 840 1336 870 non
1368 839 1429 871 ex
1457 823 1671 889 imperio.

23 888 256 955 novistis
293 894 440 957 igitur
476 892 674 956 gradum
713 893 993 942 excedendo
1034 893 1362 953 traditionem,
1410 911 1513 942 cum
1553 909 1672 963 quae

21 971 42 1011 ι’
164 971 277 1012 sunt
315 965 577 1012 constituta
623 964 777 1011 obitis.
842 965 988 1024 Quale
1027 974 1100 1013 est
1130 975 1309 1023 autem,
1356 975 1407 1012 ut
1435 974 1516 1012 tuo
1547 959 1673 1012 arbi-

31 963 133 1106 m
173 1036 441 1100 permittas,
489 1033 615 1099 quod
654 1036 851 1099 imperio
892 1034 969 1084 dei
999 1053 1094 1084 non
1133 1036 1246 1086 das?
1304 1036 1413 1084 Plus
1442 1037 1671 1085 humanae

17 1105 204 1175 ⁷§uehit
231 1107 484 1165 voluntati,
526 1123 661 1170 quam
701 1105 886 1155 divinae
918 1110 1176 1172 potestati?
1234 1108 1338 1171 Ego
1377 1124 1451 1155 me
1492 1108 1670 1162 seculo,

29 1185 132 1238 pon
163 1176 255 1225 deo
288 1178 486 1233 liberum
517 1179 719 1226 memini.
784 1177 866 1226 Sic
905 1196 1054 1226 meum
1096 1189 1171 1228 est
1199 1181 1322 1226 ultro
1365 1179 1570 1229 offici-um
1601 1179 1673 1225 fa-

28 1255 150 1297 bere
183 1248 397 1307 domino,
444 1250 568 1296 sicut
606 1249 819 1298 indicere
858 1251 981 1297 illius
1013 1259 1100 1299 est.
1177 1250 1286 1297 Non
1325 1259 1502 1298 tantum
1534 1250 1672 1297 obse-

37 1321 116 1383 qui
148 1321 193 1368 ei
225 1319 396 1378 debeo‚
424 1311 516 1368 sed
541 1329 594 1367 et
623 1320 830 1380 adulari3
877 1321 991 1368 illud
1032 1323 1152 1369 enim
1186 1322 1383 1385 imperio
1416 1323 1540 1378 eius,
1579 1321 1672 1368 hoc

29 1391 240 1442 arbitrio,
277 1407 382 1439 meo
421 1400 629 1455 praesto.
692 1392 822 1440 Bene
845 1394 1041 1450 ⁴a·tite{11‚
1083 1392 1207 1457 quod
1240 1401 1289 1440 et
1327 1393 1540 1456 episcopi
1568 1392 1672 1438 uni-

24 1461 204 1529 §tersae
243 1461 633 1526 plebi-mandare
672 1464 846 1510 ieiunia
878 1465 1108 1521 assolent,
1157 1480 1250 1510 non
1297 1463 1404 1511 dico
1445 1463 1503 1510 de
1537 1461 1673 1509 indu-¹

80 1533 153 1580 ria
186 1532 375 1597 stipium
416 1532 833 1592 conferendarum,
880 1543 931 1581 ut
966 1544 1155 1582 vestrae
1188 1544 1413 1598 capturae
1446 1542 1540 1592 est,
1588 1533 1673 1580 sed

161 1603 269 1652 dum
310 1613 360 1652 et
399 1620 459 1652 ex
504 1606 661 1668 aliqua
705 1605 1034 1655 sollicitudinis
1080 1607 1438 1653 ecclesiasticae
1486 1621 1668 1652 caussa.

109 1691 200 1758 que
230 1677 270 1723 si
296 1667 355 1724 ὲὺ
381 1691 442 1723 ex
470 1677 671 1724 hominis
711 1676 870 1724 edicto
911 1686 960 1724 et
997 1681 1044 1724 in
1081 1694 1220 1726 unum
1261 1692 1421 1724 omnes
1448 1691 1671 1725 ταπεινο-

103 1740 268 1811 ὁιησιν
290 1748 496 1810 agitatis,
531 1747 779 1812 quomodo
798 1750 845 1794 in
878 1749 1014 1796 nobis
1044 1749 1192 1812 ipsam
1224 1764 1407 1812 quoque
1438 1748 1668 1795 unitatem

84 1819 374 1865 iunationum
405 1827 454 1865 et
484 1819 879 1882 xerophagiarum
911 1828 962 1866 et
989 1822 1243 1867 stationum
1275 1819 1542 1866 denotatis?
1578 1819 1668 1865 nisi

19 1897 162 1936 orte
193 1889 241 1935 in
271 1892 462 1937 'se-natus
502 1891 717 1937 consulta
755 1899 805 1936 et
842 1891 889 1937 in
929 1891 1192 1954 principum
1240 1888 1461 1937 mandata
1493 1890 1664 1936 coitio-

15 1950 171 2034 {unibus
202 1961 420 2023 opposita
451 1959 788 2025 delinquimus.
839 1959 1042 2025 Spiritus
1074 1970 1286 2018 sanctus,
1321 1956 1457 2026 quum
1488 1961 1537 2008 in
1568 1961 1668 2026 qui-

15 2011 121 2078 bus
157 2031 302 2078 vellet
339 2032 489 2079 terris
517 2041 565 2079 et
601 2048 689 2096 per
719 2048 834 2096 quos
864 2034 1032 2080 vellet
1045 2031 1372 2096 praedicaret,
1421 2048 1481 2079 ex
1510 2033 1669 2095 provi-

12 2099 197 2148 edentia
234 2103 570 2150 imminentium
609 2104 706 2151 sive
746 2105 1179 2152 ecclesiasticarum
1218 2105 1528 2151 tentationum
1570 2104 1667 2150 sive

22 2171 335 2237 [Ltundialiw
365 2174 631 2237 plagarum,
678 2191 768 2238 qua
797 2176 1090 2239 paracletuS‚
1139 2174 1185 2222 id
1218 2184 1290 2222 est
1320 2174 1577 2222 advocatus
1609 2174 1667 2221 ad

18 2247 75 2285 ²²2-
99 2242 582 2303 orandumn‘udicem‚
623 2246 886 2294 huiusmodi
929 2247 1186 2294 officiorum
1226 2246 1443 2311 remedia
1475 2244 1667 2294 manda-

77 2320 138 2372 t7
169 2323 304 2379 puta,
344 2331 465 2364 nunc
498 2315 557 2363 ad
603 2317 918 2365 exercendam
957 2319 1228 2371 sobrietatis
1268 2327 1316 2364 et
1354 2318 1667 2378 abstinentiae

34 2380 49 2409 ³²³
69 2385 81 2398 ‘
111 2386 350 2450 ciplinam3
383 2387 505 2435 hunc
538 2389 614 2451 qui
646 2390 912 2452 recipimus,
948 2391 1218 2437 necessario
1246 2391 1386 2436 etiam
1413 2404 1530 2453 quae
1556 2397 1667 2435 tunc

43 2458 281 2504 nstituit
310 2457 627 2506 observamus.
687 2458 865 2523 Aspice
898 2459 957 2506 ad
990 2460 1208 2507 Iudaicos
1239 2461 1411 2517 fastos,
1453 2468 1502 2506 et
1539 2461 1668 2505 inve-

32 2527 137 2586 sies
168 2527 282 2583 nihil
320 2543 511 2587 novum,
559 2532 598 2577 si
639 2545 756 2593 quae
797 2531 1152 2592 patribus-sunt
1189 2540 1470 2594 praecepta,
1519 2530 1668 2576 omnis

43 2644 46 2646 a
81 2598 547 2662 ·inceps.posteritas
574 2599 894 2648 haereditaria
930 2602 1163 2663 religione
1197 2600 1418 2648 custodit.
1450 2598 1670 2663 Aguntur

35 2719 36 2722 ,
68 2676 288 2716 meterea
316 2685 405 2733 per
437 2669 663 2719 Graecias
701 2671 782 2717 illa
821 2673 965 2718 certis
1004 2673 1051 2718 in
1090 2673 1207 2719 locis
1241 2673 1444 2719 concilia
1476 2687 1536 2718 ex
1566 2673 1670 2718 uni·-

39 2741 185 2802 gcrsis
223 2741 490 2800 ecclesiis,
509 2757 596 2805 per
634 2757 752 2806 quae
791 2750 840 2789 et
876 2743 1048 2794 altiora
1086 2754 1297 2812 quaeque
1338 2744 1383 2790 in
1424 2759 1667 2789 commune

31 2819 65 2860 ⁷?
87 2808 325 2869 amantur,
359 2819 409 2858 et
445 2813 554 2876 ipsa
583 2815 960 2876 repraesentatio
995 2816 1136 2861 totius
1175 2815 1375 2861 nominis
1415 2813 1667 2860 Christiani

37 2904 46 2933 χ
84 2896 207 2944 agua
235 2885 543 2931 veneratione
585 2884 869 2932 celebratur.
930 2884 994 2932 Et
1031 2885 1122 2932 hoc
1163 2902 1297 2949 quam
1337 2884 1525 2948 dignum
1574 2884 1665 2931 {ide

52 2953 311 3017 micante
351 2955 635 3018 congregari
676 2954 878 3019 undique
918 2954 978 3002 ad
1009 2955 1242 3004 Christum
1263 2957 1283 3002 !.
1336 2954 1482 3013 Vide,
1533 2969 1667 3019 quam

46 3045 89 3079 χ’
114 3037 208 3070 um
240 3031 289 3071 et
319 3039 452 3088 quam
483 3024 732 3074 iucundum
764 3026 978 3074 habitare
1010 3027 1181 3075 fratres
1213 3028 1258 3074 in
1292 3044 1426 3075 unum
1445 3029 1515 3089 ¹)!
1566 3027 1666 3075 Hoc

58 3144 86 3194 *ὲ
117 3202 119 3205 .
154 3180 196 3230 1)
216 3180 280 3218 Ps.
300 3181 393 3230 132,
413 3178 551 3232 (wa)
575 3185 608 3219 1.

1215 3262 1310 3307 13*
