1942 3554
502 145 1131 185 ‘Aronoen'rmus
1578 142 1657 194 (35

9 305 235 353 «semper,
304 303 394 335 nec
440 303 525 334 vos
570 283 695 350 quod
741 294 832 332 tam
881 283 958 332 diu
1005 285 1205 333 dicimur
1251 302 1422 334 eruere
1464 287 1657 334 curatis.

12 359 155 424 '‘Ergo
189 366 269 406 aut
299 359 476 416 eruite,
529 358 567 405 si
600 354 818 413 creditis,
872 365 952 403 aut
989 357 1135 403 nolite
1177 355 1405 414 credere,
1453 357 1530 420 qui
1564 372 1659 403 non

27 429 238 478 eruistis.
303 428 375 476 De
406 436 562 476 vestra
594 425 727 473 vobis
760 424 1134 474 dissimulatione
1167 427 1528 490 praescribitur,
1562 443 1660 474 non

27 515 158 559 esse,
214 497 340 564 quod
376 513 465 546 nec
503 497 591 561 ipsi
632 496 820 544 audetis
861 512 1051 545 eruere.
1129 496 1297 561 Longe
1340 496 1467 545 aliud
1497 513 1660 546 munus

29 569 241 618 carnifici
285 571 331 617 in
371 567 662 616 Christianos
702 568 967 631 imperatis,
1015 584 1108 614 non
1147 577 1197 614 ut
1236 568 1397 615 dicant
1437 584 1556 632 quae
1590 568 1662 615 fa-

30 641 180 699 ciunt,
220 638 303 688 sed
334 647 383 686 ut
413 647 590 702 negent
621 636 747 702 quod
778 646 898 685 sunt.
971 638 1151 685 Census
1190 639 1326 685 istius
1358 637 1657 702 disciplinae,

29 720 83 760 ut
110 712 200 759 iam
231 707 460 759 edidimus
471 745 485 767 ,
532 725 559 756 a
589 708 782 756 Tiberio
815 717 903 756 est.
976 708 1089 755 Cum
1129 707 1239 755 odio
1278 709 1351 756 sui
1384 710 1545 772 coepit
1579 724 1662 756 ve·-

11 782 168 843 ritas,
199 779 332 829 simul
363 788 502 844 atque
534 780 772 843 apparuit,
813 779 1002 826 inimica
1033 795 1158 827 esse.
1221 779 1313 826 Tot
1343 779 1505 827 hostes
1538 780 1662 836 eius,

31 860 146 919 quot
174 851 409 909 extranei,
451 858 500 898 et
530 848 716 914 quidem
747 851 926 914 proprii
960 866 1019 898 ex
1050 850 1364 899 aemulatione
1384 849 1567 908 Iudaei,
1603 865 1666 897 ex

11 923 347 973 =coneussione
380 921 574 978 milites,
618 937 679 968 ex
710 929 874 968 natura
904 921 994 984 ipsi
1034 921 1173 968 etiam
1208 919 1459 969 domestici
1490 921 1661 967 nostri.

11 980 255 1054 *Quotidie
288 990 582 1050 obsidemur,
631 990 842 1055 quotidie
881 990 1147 1055 prodimur,
1195 992 1242 1038 in
1275 992 1387 1055 ipsis
1418 992 1665 1055 plurimum

13 1062 250 1121 >coetibus
283 1072 331 1110 et
363 1061 815 1126 congregationibus
848 1063 1021 1109 nostris
1054 1063 1374 1126 opprimimur.
1432 1061 1547 1121 Quis
1581 1078 1667 1108 un-

30 1149 169 1200 quam
199 1131 361 1182 taliter
398 1133 606 1197 vagienti
646 1133 812 1179 infanti
851 1134 1153 1196 supervenit?
1213 1134 1315 1196 quis
1350 1142 1570 1190 cruenta,
1617 1140 1669 1178 ut

11 1205 304 1261 invenerat,
353 1202 610 1267 Cyclopum
658 1212 705 1250 et
754 1202 970 1259 Sirenum
1019 1219 1104 1250 ora
1148 1201 1295 1251 iudici
1340 1203 1670 1259 reseravitl)?

38 1274 151 1335 Quis
181 1274 257 1321 vel
290 1274 336 1320 in
367 1273 591 1321 uxoribus
622 1274 777 1338 aliqua
815 1273 1047 1320 immunda
1085 1275 1289 1338 vestigia
1322 1272 1668 1337 deprehendit?

36 1346 140 1410 quis
158 1344 267 1391 talia
294 1344 522 1401 facinora,
553 1360 655 1391 eum
679 1344 954 1402 invenisset,
986 1344 1172 1402 celavit,
1199 1353 1279 1391 aut
1302 1343 1516 1392 vendidit
1541 1344 1668 1407 ipsos

11 1415 228 1462 ‘trahens
260 1414 503 1462 homines?
550 1413 603 1461 Si
627 1430 815 1478 semper
837 1415 1057 1471 latemus,
1092 1414 1276 1478 quando
1308 1414 1546 1478 proditum
1579 1423 1667 1471 est,

37 1482 164 1551 quod
193 1483 507 1532 admittimus?
537 1485 629 1531 imo
663 1501 689 1531 a
722 1484 887 1548 quibus
919 1483 1056 1548 prodi
1079 1486 1263 1548 potuit?
1304 1483 1380 1532 Ab
1406 1486 1520 1549 ipsis
1546 1486 1670 1532 enim

13 1557 134 1604 -reis
164 1572 257 1602 non
287 1556 474 1619 utique,
533 1571 635 1603 cum
676 1555 751 1603 vel
790 1571 850 1602 ex
888 1555 1039 1602 forma
1078 1556 1292 1603 omnibus
1332 1557 1571 1620 mysteriis
1606 1556 1670 1602 si-

12 1624 172 1675 ‘lentii
202 1624 320 1674 fides
351 1624 595 1675 debeatur.
666 1625 996 1673 Samothracia
1029 1635 1077 1674 ct
1106 1625 1350 1674 Eleusinia
1381 1627 1668 1674 reticentur:

39 1704 211 1762 quanto
250 1697 399 1760 magis
441 1697 576 1754 talia,
631 1713 750 1761 quae
789 1695 979 1760 prodita
1017 1698 1204 1745 interim
1246 1699 1384 1745 etiam
1425 1698 1672 1745 humanam

8 1765 494 1816 -animadversionem
539 1766 883 1830 provocabunt,
939 1767 1045 1814 dum
1093 1767 1250 1816 divina
1296 1769 1544 1815 servatur?
1619 1767 1674 1814 Si

9 1871 13 1874 -
39 1854 158 1904 ergo
191 1854 285 1885 non
315 1838 403 1901 ipsi
434 1837 705 1900 proditores
737 1839 821 1895 sui,
857 1840 1069 1901 sequitur
1100 1847 1150 1886 ut
1181 1840 1412 1886 extranei.
1454 1837 1516 1884 Et
1545 1836 1670 1884 unde

40 1909 282 1958 extraneis
321 1908 516 1954 notitia?
569 1924 672 1954 cum
719 1924 907 1971 semper
946 1909 1086 1955 etiam
1125 1909 1231 1971 piae
1271 1909 1562 1955 initiationes
1596 1924 1673 1956 ar-

38 1988 183 2028 ceant
210 1978 436 2043 prosanos
468 1986 516 2025 et
546 1977 602 2025 ab
642 1978 832 2025 arbitris
873 1987 1092 2036 caveant,
1148 1980 1238 2026 nisi
1276 1981 1314 2026 si
1354 1980 1482 2043 impii
1522 1980 1672 2026 minus

41 2049 282 2098 metuunt?
337 2047 518 2095 Natura
556 2048 706 2096 famae
748 2048 960 2095 omnibus
993 2057 1105 2096 nota
1144 2058 1236 2097 est.
1314 2048 1534 2096 Vestrum
1571 2058 1669 2096 est:

39 2119 180 2168 Fama
210 2118 399 2176 malum,
440 2135 530 2182 quo
563 2135 654 2165 non
688 2118 814 2166 aliud
845 2120 1056 2167 velocius
1090 2120 1228 2167 ullum
1244 2120 1312 2179 ²).
1373 2119 1468 2167 Cur
1499 2120 1670 2167 malum

37 2190 194 2240 fama?
226 2190 335 2254 quia
364 2189 537 2236 velox?
577 2190 683 2254 quia
714 2189 888 2237 index?
932 2207 988 2237 an
1024 2192 1131 2255 quia
1162 2191 1407 2254 plurimum
1439 2190 1673 2238 mendax?

134 2277 161 2309 e
191 2275 250 2308 ne
282 2269 391 2308 tunc
423 2259 632 2325 quidem,
682 2277 820 2325 quum
851 2260 1027 2325 aliquid
1059 2262 1162 2309 veri
1195 2261 1355 2320 affert,
1405 2263 1507 2310 sine
1540 2277 1672 2309 men-

28 2277 163 2380 Ὲὲἰί
193 2332 306 2379 vitio
339 2338 432 2390 est,
466 2330 739 2390 detrahens,
780 2331 1031 2390 adiiciens,
1074 2330 1318 2380 demutans
1353 2331 1410 2380 de
1444 2333 1666 2379 veritate.

41 2398 192 2462 Quid?
229 2400 354 2467 quod
384 2418 441 2450 ea
470 2402 537 2449 illi
570 2401 779 2450 conditio
813 2411 908 2461 est,
951 2412 1001 2449 ut
1032 2420 1124 2449 non
1156 2404 1245 2450 nisi
1278 2420 1415 2467 quum
1447 2402 1674 2449 mentitur

41 2482 332 2536 perseveret,
356 2481 416 2520 'et
446 2472 621 2520 tamdiu
651 2474 783 2531 vivit,
823 2472 1040 2538 quamdiu
1072 2491 1164 2520 non
1196 2473 1384 2537 probat.
1427 2470 1671 2536 Siquidem

40 2541 121 2598 ubi
150 2542 386 2607 probavit,
428 2553 586 2591 cessat
618 2560 739 2602 esse,
774 2553 822 2592 et
854 2545 984 2607 quasi
1019 2544 1178 2591 officio
1213 2542 1454 2590 nuntiandi
1487 2543 1667 2601 functa,

40 2628 140 2661 rem
179 2612 342 2671 tradit,
397 2623 444 2661 et
490 2613 660 2662 exinde
700 2631 778 2662 res
818 2623 1026 2672 tenetur,
1083 2629 1159 2660 res
1206 2615 1486 2661 nominatur.
1563 2613 1670 2661 Nec

42 2683 283 2748 quisquam
315 2683 428 2732 dicit
458 2684 589 2733 verbi
622 2686 799 2749 gratia:
842 2684 943 2731 Hoc
964 2683 1137 2731 Romae
1171 2686 1300 2732 aiunt
1331 2684 1529 2743 factum3
1563 2694 1668 2732 aut:

41 2751 183 2802 Fama
214 2762 309 2811 est,
342 2754 468 2802 illum
499 2757 790 2818 provinciam
823 2756 1064 2812 sortitum3
1102 2754 1209 2802 sed:
1245 2754 1451 2802 Sortitus
1485 2765 1557 2803 est
1587 2756 1668 2802 ille

40 2825 353 2888 provinciam,
386 2833 454 2872 et:
495 2825 597 2873 Hoc
631 2827 802 2873 factum
837 2834 909 2873 est
941 2825 1135 2872 Romae.
1198 2825 1360 2885 Fama,
1396 2843 1566 2874 nomen
1599 2828 1670 2872 in-

155 3005 200 3053 1)
234 3006 358 3043 Cotld.
389 3009 518 3056 Agob.
545 3011 587 3045 et
610 3011 743 3060 Lugd.
779 3009 1028 3047 iudicium
1059 3011 1379 3058 reservavit3
1426 3011 1543 3049 Her„
1578 3011 1669 3057 Rig.

38 3062 89 3101 et
119 3061 224 3099 Hav.
280 3062 444 3100 iudici
490 3067 804 3113 reservavit3
865 3065 996 3102 Rhen.
1049 3065 1297 3105 indicium
1345 3067 1670 3113 reservavit,

37 3116 295 3175 angnaeus
327 3121 369 3156 ct
392 3119 519 3158 Seml.
551 3120 717 3160 iudici
746 3122 1014 3161 reseravit.
1131 3124 1173 3172 2)
1205 3124 1320 3173 Virg.
1334 3126 1434 3161 Aen.
1453 3124 1609 3172 4‚174.

40 3199 42 3202 ’
97 3189 333 3226 Taurum..
362 3190 393 3226 1.
1281 3212 1309 3258 5
