1942 3554
439 121 531 160 DE
562 114 834 159 CORONA
866 120 1158 158 MILITIS.
1512 119 1627 171 189

32 308 39 316 ,
139 268 186 314 4.
242 262 414 310 Harum
448 270 496 308 et
526 260 717 308 aliarum
751 257 980 307 eiusmodi
1013 257 1363 322 disciplinarum
1396 260 1433 307 si
1466 259 1626 325 legem

0 333 273 399 expostules
305 333 660 396 scripturarum,
693 330 862 376 nullam
889 330 1123 387 iuvenies;
1156 329 1348 378 traditio
1374 330 1460 377 tibi
1485 347 1625 394 prae-

0 402 223 455 tendetur
251 403 460 459 auctrix,
502 399 792 448 consuetudo
835 400 1177 457 confirmatrix,
1225 409 1273 447 et
1310 400 1428 448 fides
1461 401 1629 449 obser-

0 475 166 526 vatrix.
255 473 501 522 Rationem
545 469 788 518 traditioni
836 479 884 517 et
923 469 1251 517 consuetudini
1298 480 1345 518 et
1391 470 1502 519 fidei
1542 488 1627 536 pa·-

0 545 335 593 trocinaturam
367 551 446 590 aut
476 542 577 605 ipsc
608 541 872 604 perspicies
882 576 896 598 ‚
931 549 1010 586 aut
1040 540 1097 586 ab
1129 540 1286 604 aliquo
1321 542 1397 606 qui
1431 557 1627 606 perspe-

0 615 127 664 xerit
159 613 340 671 disces,
376 612 564 658 interim
596 610 862 657 nonnullam
898 625 1004 658 esse
1046 609 1239 668 credes,
1282 613 1357 658 cui
1399 610 1634 660 debeatur

0 684 295 748 obsequium.
368 680 560 730 Adiicio
607 696 745 727 unum
784 679 936 727 adhuc
978 680 1263 743 exemplum,
1305 690 1536 745 quatenus
1583 691 1631 729 et

0 754 60 805 de
74 753 316 802 veteribus
334 751 511 799 docere
531 752 798 798 conveniat.
823 749 963 814 Apud
981 749 1182 798 Iudaeos
1201 759 1291 798 tam
1311 751 1538 800 sollemne
1558 762 1631 800 est

0 824 188 875 feminis
220 838 384 871 eorum
413 822 630 870 velamen
664 822 855 885 capitis,
890 830 939 868 ut
970 819 1080 868 inde
1112 830 1382 869 noscantur.
1438 822 1628 881 Quaero

0 897 170 961 legem.
201 891 481 957 Apostolum
499 889 681 939 differo,
717 891 769 938 Si
788 891 1008 939 Rebecca
1028 901 1286 954 conspecto
1303 892 1470 956 procul
1490 909 1631 957 spon-

0 982 57 1015 so
85 963 300 1014 velamen
330 963 522 1021 invasit,
554 963 761 1026 privatus
794 960 946 1025 pudor
972 962 1129 1026 legem
1156 962 1319 1011 facere
1339 980 1431 1010 non
1459 965 1628 1028 potuit,

2 1043 83 1085 nt
111 1050 308 1084 caussae
339 1049 455 1082 suae
485 1034 675 1082 fecerit.
736 1032 978 1096 Tegantur
1006 1034 1217 1096 virgines
1263 1035 1418 1094 solae,
1460 1044 1508 1081 et
1539 1035 1633 1082 hoc

0 1115 195 1171 »nuptum
224 1105 495 1162 venientes,
536 1119 625 1151 nec
657 1112 905 1167 antequam
939 1104 1255 1167 cognoverint·
1286 1121 1500 1168 sponsos.
1581 1104 1633 1153 Si

5 1185 55 1227 et
85 1175 297 1226 Susanna
327 1176 376 1222 in
406 1173 583 1222 iudicio
608 1174 819 1222 revelata
843 1182 1166 1237 argumentum
1193 1174 1378 1222 velandi
1405 1184 1632 1240 praestat,

7 1262 191 1312 possum
223 1244 411 1294 dicere:
453 1254 502 1293 et
531 1246 608 1292 hic
639 1245 853 1292 velamen
886 1244 1068 1300 arbitrii
1100 1245 1203 1291 fuit.
1288 1245 1387 1293 Rea
1418 1254 1632 1304 venerat,

0 1317 294 1368 erubescens
341 1315 399 1363 de
445 1316 635 1363 infamia
688 1331 792 1373 sua,
843 1316 1013 1363 merito
1053 1315 1349 1363 abscondens
1390 1316 1632 1375 decorem,

9 1387 82 1437 vel
113 1388 222 1452 quia
252 1387 422 1435 timens
453 1387 542 1433 iam
573 1386 782 1449 placere.
846 1385 1066 1433 Ceterum
1098 1388 1145 1432 in
1176 1386 1329 1433 stadio
1361 1388 1516 1434 mariti
1543 1404 1636 1434 non

0 1466 179 1523 ›putem-
207 1456 407 1505 velatam
454 1455 803 1514 deambulasse,
859 1471 978 1519 quae
1023 1456 1216 1519 placuit.
1308 1457 1470 1504 Fuerit
1514 1474 1636 1505 nuuc

11 1529 162 1579 velata
191 1543 392 1591 semper.
463 1526 514 1574 In
546 1526 644 1591 ipsa
678 1542 864 1590 quoque
898 1527 1054 1590 legem
1094 1527 1277 1574 habitus
1309 1529 1526 1591 requiro,
1558 1527 1637 1576 vel

0 1602 55 1647 vin
87 1592 364 1663 quacunque
402 1597 510 1645 alia.
602 1595 653 1643 Si
693 1597 848 1660 legem
886 1613 1110 1660 nusquam
1150 1598 1370 1661 reperio,
1425 1600 1639 1662 sequitur

0 1677 60 1718 {ut
88 1667 293 1716 ‘traditio
341 1666 670 1715 consuetudini
715 1682 893 1714 morem
940 1667 1062 1714 hunc
1111 1666 1322 1726 dederit,
1371 1668 1638 1716 habiturum

0 1737 287 1804 {quandoque
312 1736 532 1802 Apostoli
558 1738 887 1785 auctoritatem
916 1753 977 1784 ex
1001 1738 1397 1801 interpretatione
1421 1741 1639 1787 rationis.

5 1809 96 1857 {His
127 1810 273 1872 igitur
303 1807 531 1871 exemplis
563 1808 876 1854 renuntiatum
909 1809 1022 1864 erit,
1056 1822 1196 1870 posse
1224 1809 1363 1855 etiam
1395 1825 1488 1856 non
1522 1811 1641 1856 scri-

2 1889 136 1943 ³ptam
161 1877 459 1926 traditionem
485 1878 532 1924 in
565 1877 897 1925 observatione
925 1876 1137 1936 defendi,
1171 1878 1495 1926 confirmatam
1529 1896 1643 1927 con-

11 1948 285 2006 suetudine,
324 1947 497 1995 idonea
541 1955 663 1995 teste
709 1947 936 2010 probatae
975 1957 1085 1995 tunc
1123 1947 1393 1996 traditionis
1433 1964 1495 1996 ex
1533 1966 1642 2013 per-

11 2019 281 2067 severantia
313 2017 672 2066 observationis.
735 2017 1035 2065 Consuetudo
1068 2027 1223 2066 autem
1251 2019 1390 2066 etiam
1415 2020 1461 2066 in
1490 2021 1644 2067 civili-

19 2090 102 2136 bus
132 2088 274 2136 rebus
306 2104 392 2152 pro
425 2088 533 2152 lege
565 2089 838 2151 suscipitur,
889 2104 990 2135 cum
1025 2087 1186 2136 deficit
1220 2089 1320 2148 lex,
1362 2105 1451 2138 nec
1486 2089 1644 2138 differt

15 2159 253 2223 scriptura
283 2174 341 2206 an
374 2159 558 2206 ratione
592 2159 840 2217 consistat,
875 2160 1061 2222 quando
1094 2168 1143 2206 et
1173 2160 1327 2223 legem
1359 2162 1480 2208 ratio
1515 2177 1644 2208 com-

0 2227 224 2278 Ιτιιιιειιᾶθῐ.
297 2227 447 2276 Porro
479 2229 519 2276 si
551 2229 630 2277 lex
660 2230 843 2276 ratione
877 2238 1085 2288 constat,
1127 2230 1205 2277 lex
1244 2231 1338 2279 erit
1378 2247 1514 2279 omne
1554 2233 1645 2279 iam

0 2298 142 2365 ¹*quod
159 2300 343 2347 ratione
361 2300 630 2347 constiterit
645 2316 672 2347 a
690 2315 968 2364 quocunque
987 2299 1278 2364 productum.
1306 2301 1380 2348 An
1398 2318 1490 2348 uon
1509 2310 1646 2365 putas

0 2371 144 2420 muni
175 2368 302 2418 fideli
333 2370 483 2418 licere
530 2371 784 2434 concipere
825 2379 873 2418 et
912 2372 1224 2429 constituere,
1268 2369 1491 2419 duntaxat
1522 2371 1648 2435 quod

0 2438 113 2491 adeo
144 2449 396 2504 congruat,
430 2439 555 2504 quod
587 2440 863 2504 disciplinae
896 2440 1154 2498 conducat,
1204 2440 1329 2504 quod
1361 2442 1499 2489 saluti
1537 2458 1649 2505 pro-

0 2509 166 2577 ¹3eficiat,
200 2508 389 2558 dicente
408 2508 596 2558 domino
614 2512 682 2573 1)=
711 2510 805 2558 Cur
821 2520 975 2558 autem
993 2528 1085 2557 non
1112 2520 1160 2558 et
1182 2527 1210 2557 a
1232 2511 1369 2558 vobis
1393 2512 1507 2575 ipsis
1526 2512 1649 2576 quod

0 2581 192 2629 sinuum
215 2589 287 2629 est
309 2579 557 2629 iudicatis?
586 2580 647 2628 Et
671 2597 763 2628 non
791 2580 848 2628 de
873 2579 1049 2628 iudicio
1075 2589 1274 2638 tantum,
1315 2581 1399 2629 sed
1431 2582 1490 2630 de
1525 2585 1649 2629 omni

0 2651 258 2702 *sententia
273 2666 428 2699 rerum
453 2649 862 2700 examinandarum
888 2650 1004 2698 dicit
1022 2660 1070 2699 et
1091 2649 1352 2714 Apostolus
1368 2652 1437 2714 2):
1471 2652 1650 2717 Siquid

17 2721 279 2784 signoratis,
311 2720 426 2770 deus
449 2721 585 2770 vobis
603 2721 858 2780 revelabit3
893 2722 1059 2769 solitus
1086 2730 1134 2768 et
1156 2722 1255 2784 ipse
1282 2723 1523 2770 consilium
1543 2724 1651 2770 sub-

16 2791 312 2849 ministrare,
346 2807 447 2839 cum
479 2800 782 2856 praeceptum
809 2792 982 2839 domini
1009 2808 1100 2838 non
1126 2791 1327 2839 habebat
1352 2802 1400 2840 et
1423 2793 1650 2858 quaedam

17 2858 223 2908 >edicere
248 2876 276 2908 a
299 2862 566 2926 semetipso,
600 2861 684 2909 sed
717 2870 766 2909 et
802 2864 902 2925 ipse
945 2862 1155 2925 spiritum
1189 2861 1265 2909 dei
1298 2862 1473 2912 babens
1506 2863 1651 2911 dedu-

146 3071 191 3120 1)
222 3073 324 3109 Luc.
359 3072 424 3120 12,
462 3073 526 3109 57.
645 3072 688 3120 2)
721 3073 826 3108 Phil.
861 3074 907 3121 3,
945 3075 1010 3110 15.
