1942 3554
624 181 1208 222 APOLOGETICUS.
1641 179 1742 232 101

103 324 257 372 ¹tulum
297 323 455 371 laesae
494 322 776 385 augustioris
816 321 1097 378 maiestatis,
1153 318 1384 385 siquidem
1423 321 1604 369 maiore
1641 323 1738 370 for-

109 392 286 442 midine
329 402 378 441 et
408 391 652 441 callidiore
690 390 939 438 timiditate
975 391 1227 439 Caesarem
1269 390 1555 448 observatis,
1605 408 1739 455 quam

108 465 260 529 ipsum
292 463 351 512 de
384 463 579 528 Olympo
612 461 792 519 lovem,
843 470 891 508 et
928 464 1098 508 merito
1139 464 1178 509 si
1211 462 1388 509 sciatis.
1466 461 1581 521 Quis
1613 463 1738 510 enim

109 551 174 583 ex
203 534 468 583 viventibus
499 550 591 580 non
623 532 836 596 quolibet
869 541 1054 579 mortuo
1087 541 1168 579 tuo
1199 533 1359 596 potior
1377 530 1450 594 ¹)?
1519 531 1616 580 Sed
1647 549 1736 580 nec

112 605 203 653 hoc
235 621 320 652 vos
351 604 536 652 ratione
567 603 724 650 facitis
755 604 911 666 potius
944 619 1077 666 quam
1113 611 1336 665 respectu
1358 612 1735 665 praesentaneae

110 675 374 739 potestatis,
407 673 529 722 adeo
561 682 610 720 et
639 674 685 719 in
717 675 808 720 isto
841 673 1103 735 irreligiosi
1136 688 1252 736 erga
1285 672 1401 719 deos
1432 682 1618 720 vestros
1653 672 1738 720 de-

102 743 473 808 prehendimini,
538 745 615 808 qui
661 745 763 807 plus
808 744 991 790 timoris
1037 742 1237 790 humano
1293 742 1499 790 dominio
1547 743 1733 790 dicatis.

106 815 260 863 Citius
292 814 492 879 denique
525 814 647 878 apud
677 831 760 862 vos
792 830 880 878 per
911 829 1073 861 omnes
1107 813 1245 872 deos,
1296 829 1430 877 quam
1469 829 1557 877 per
1594 830 1733 861 unum

99 885 297 949 genium
330 885 550 933 Caesaris
582 886 840 948 peieratur.

246 959 333 1007 29.
392 955 590 1003 Constet
619 956 767 1019 igitur
802 956 953 1019 prius,
1001 956 1040 1002 si
1079 955 1181 1012 isti,
1224 954 1388 1018 quibus
1420 955 1730 1011 sacrificatur,

100 1027 301 1074 salutem
346 1027 622 1090 imperatori
667 1026 740 1073 vel
788 1026 984 1073 cuilibet
1029 1026 1204 1073 homini
1245 1026 1478 1089 impertiri
1516 1035 1730 1089 possunt,

107 1106 157 1145 et
193 1097 259 1144 ita
290 1113 375 1144 nos
407 1097 591 1144 crimini
607 1095 845 1144 '‘addicite.
924 1096 975 1144 Si
1015 1096 1174 1159 angeli
1215 1105 1295 1142 aut
1333 1094 1589 1143 daemones
1620 1095 1732 1143 sub-

105 1168 277 1215 stantia
320 1168 510 1232 pessimi
556 1168 743 1230 spiritus
796 1167 1078 1214 beneficium
1123 1165 1314 1231 aliquod
1360 1176 1644 1230 operantur,
1693 1168 1730 1213 si

105 1237 280 1302 perditi
313 1247 615 1295 conservant,
669 1239 708 1284 si
741 1237 949 1285 damnati»
975 1237 1200 1294 liberant,
1257 1238 1295 1282 si
1342 1236 1543 1299 denique
1584 1235 1732 1300 (quod

105 1309 153 1355 in
184 1309 480 1356 conscientia
508 1317 668 1356 vestra
699 1312 788 1366 est)
824 1309 994 1355 mortui
1026 1308 1156 1355 vivos
1188 1316 1401 1354 tuentur:
1446 1308 1535 1354 iam
1568 1308 1730 1371 utique

99 1394 211 1426 suas
241 1380 391 1442 primo
423 1387 600 1426 statuas
639 1388 688 1426 et
726 1380 956 1441 imagines
997 1387 1046 1425 et
1083 1376 1229 1425 aedes
1274 1386 1543 1435 tuerentur,
1593 1393 1729 1442 quae,

98 1449 274 1512 opinor
327 1447 580 1496 Caesarum
643 1450 814 1496 milites
875 1447 1089 1495 excubiis
1144 1449 1238 1495 suis
1292 1449 1419 1495 salva
1471 1456 1728 1511 praestant.

72 1517 222 1583 VPuto
262 1527 440 1577 autem,
483 1519 571 1566 hae
610 1520 741 1583 ipsae
773 1519 1003 1566 materiae
1037 1517 1095 1565 de
1127 1518 1328 1565 metallis
1362 1518 1616 1565 Caesarum
1647 1533 1731 1565 ve-

97 1590 255 1648 -niunt,
304 1599 353 1638 et
395 1599 497 1638 tota
540 1590 714 1654 templa
761 1589 820 1638 de
866 1599 979 1638 nutu
1020 1589 1238 1637 Caesaris
1285 1598 1517 1637 constant.
1591 1588 1731 1636 Multi

96 1658 306 1724 deniqne
353 1660 417 1708 dii
463 1660 726 1708 habuerunt
765 1661 1020 1709 Caesarem
1066 1662 1252 1708 iratum.
1328 1660 1463 1708 Facit
1501 1658 1562 1707 ad
1593 1675 1731 1707 caus-

95 1746 221 1789 sam,
266 1731 308 1778 si
340 1740 390 1779 et
420 1732 695 1795 propitium,
745 1748 847 1779 cum
879 1732 970 1778 illis
1002 1730 1179 1795 aliquid
1211 1740 1291 1778 aut
1322 1731 1619 1779 liberalitatis
1650 1740 1731 1778 aut

95 1795 354 1865 privilegii,
389 1802 591 1848 confert.
661 1802 730 1850 Ita
761 1803 838 1865 qui
870 1811 976 1849 sunt
1005 1803 1053 1847 in
1073 1801 1291 1849 Caesaris
1308 1810 1561 1865 potestate,
1598 1803 1729 1848 cuius

99 1880 152 1918 et
183 1873 269 1918 toti
300 1881 428 1930 sunt,
476 1871 712 1935 quomodo
751 1872 988 1919 habebunt
1025 1872 1222 1918 salutem
1262 1871 1483 1919 Caesaris
1514 1873 1562 1918 in
1593 1880 1730 1934 pote-

97 1950 247 1999 state,
279 1950 330 1988 ut
362 1957 463 1988 eam
494 1952 736 2006 praestare
768 1959 909 2006 posse
941 1941 1211 1999 videantur,
1254 1959 1386 2006 quam
1419 1941 1606 1989 facilius
1637 1942 1730 2005 ipsi

97 2028 131 2059 a
162 2011 368 2059 Caesare
401 2016 780 2076 consequantur?
840 2012 954 2060 Ideo
988 2028 1106 2075 ergo
1141 2013 1470 2059 committimus
1502 2013 1549 2058 in
1582 2013 1730 2059 maie-

98 2090 270 2129 statem
308 2083 664 2146 imperatorum,
714 2085 822 2146 quia
859 2083 963 2130 illos
1003 2099 1098 2129 non
1129 2082 1400 2130 subiicimus
1431 2082 1573 2130 rebus
1606 2083 1727 2140 suis3

96 2153 214 2217 quia
242 2169 334 2199 non
368 2151 563 2200 ludimus
596 2152 654 2201 de
688 2154 846 2200 officio
879 2154 1042 2200 salutis
1074 2169 1254 2211 eorum,
1288 2154 1366 2216 qui
1399 2169 1501 2200 eam
1530 2169 1625 2199 non
1642 2169 1729 2216 pu-

99 2231 250 2270 tamus
281 2223 328 2270 in
359 2223 568 2271 manibus
611 2239 717 2272 esse
756 2224 1018 2288 plumbatis.
1098 2223 1195 2271 Sed
1234 2240 1319 2271 vos
1359 2224 1600 2287 religiosi,
1650 2223 1728 2287 qui

99 2309 208 2342 eam
253 2295 477 2357 quaeritis
531 2294 609 2342 ubi
641 2312 733 2342 non
766 2303 860 2352 est,
909 2295 1071 2358 petitis
1102 2311 1129 2341 a
1162 2295 1327 2358 quibus
1360 2293 1461 2341 dari
1494 2311 1587 2341 non
1621 2303 1728 2357 pot-

97 2371 200 2421 est,
233 2365 492 2428 praeterito
525 2381 584 2412 eo
617 2367 662 2412 in
696 2366 827 2412 cuius
859 2374 931 2412 est
963 2373 1221 2428 potestate.
1299 2365 1497 2428 Insuper
1528 2379 1611 2411 eos
1644 2363 1728 2411 de-

103 2432 306 2493 bellatis,
338 2437 415 2499 qui
447 2451 551 2484 eam
582 2437 736 2484 sciunt
766 2445 949 2500 petere,
985 2437 1061 2499 qui
1080 2437 1222 2482 etiam
1240 2444 1437 2499 possunt
1453 2436 1725 2497 impetrare,

102 2501 212 2551 dum
243 2506 397 2553 sciunt
425 2507 668 2570 petere.2)

247 2579 330 2627 30.
382 2576 484 2624 Nos
523 2578 646 2624 enim
686 2593 771 2639 pro
812 2577 961 2624 salute
994 2577 1330 2638 imperatorum
1364 2574 1501 2622 deum
1531 2576 1727 2621 invoca-

100 2659 204 2692 mus
248 2655 512 2706 aeternum,
562 2647 697 2705 deum
736 2663 920 2703 verum,
970 2645 1107 2693 deum
1145 2646 1324 2702 vivum,
1374 2661 1509 2709 quem
1551 2654 1599 2692 et
1638 2645 1728 2709 ipsi

107 2714 419 2779 imperatores
450 2718 699 2781 propitium
734 2717 822 2764 sibi
854 2726 1046 2780 praeter
1078 2724 1266 2762 ceteros
1298 2717 1486 2763 malunt.
1544 2715 1726 2772 Sciunt,

222 2927 266 2975 1)
297 2927 645 2967 Wouwer.e1ns.
669 2933 711 2968 et
728 2931 882 2978 Scalig.
907 2934 1108 2967 mortuo
1127 2929 1327 2977 potior?
1360 2930 1558 2967 Haverm
1595 2926 1730 2971 Quid

102 2983 264 3021 enini?
299 2982 373 3034 (ex
390 2985 567 3023 coniect.
586 2985 755 3035 Rigalt.)
787 2998 847 3024 ex
879 2985 1179 3024 viventibus
1212 2986 1438 3032 quilibet
1467 2997 1561 3023 non
1591 2983 1732 3023 omni

104 3044 312 3078 mortuo
344 3040 542 3088 potior}
573 3043 824 3080 Herald.ex
842 3043 1050 3080 viv.non
1067 3042 1291 3089 quilibet
1307 3048 1512 3080 mortuo
1529 3040 1732 3090 potior}

91 3093 461 3147 'tametaliiquez
492 3109 553 3135 ex
575 3098 672 3136 viv.
695 3111 795 3138 non
823 3099 1046 3136 cuilibet
1077 3102 1281 3137 mortuo
1316 3099 1511 3148 potior?
1575 3097 1619 3145 2)
1654 3097 1732 3133 Vv.

63 3149 66 3151 ’
99 3153 196 3200 qui
227 3152 383 3190 etiam
416 3158 637 3201 possunt
672 3179 719 3184 -
752 3158 931 3205 petere
963 3155 1115 3193 desunt
1138 3156 1181 3193 in
1207 3156 1468 3204 codd.Agob.
1493 3153 1665 3201 etLugd
1702 3153 1732 3188 1-

55 3450 211 3554 ὲ
