1942 3554
246 200 343 244 ,40
836 199 920 237 DE
956 199 1288 237 BAPTISMO.

248 314 480 361 dominum
512 310 864 357 translationem
889 327 1033 374 usque
1060 310 1180 359 adeo
1206 309 1464 367 defecerit,
1495 318 1548 358 ut
1571 326 1704 375 quem
1728 328 1867 375 prae-

249 379 511 438 dicaverat,
546 397 679 444 quem
712 380 1045 428 advenientem
1078 381 1432 444 designaverat,
1478 380 1771 445 postmodum
1809 400 1869 430 an

248 457 351 518 ipse
385 460 534 508 esset,
567 452 747 497 miserit
778 453 1079 499 sciscitatum.
1156 451 1403 514 Agebatur
1434 452 1591 515 itaque
1616 451 1870 515 baptismus

248 522 572 589 poenitentiae
606 523 736 584 quasi
769 521 1044 569 candidatus
1075 523 1364 570 remissionis
1396 530 1446 569 et
1483 523 1872 571 sanctificationis

248 597 296 642 in
329 594 515 640 Christo
549 592 901 640 subsecuturae.
963 592 1083 639 Nam
1110 592 1233 657 quod
1257 591 1566 656 praedicabat
1595 593 1874 657 baptismum

248 664 569 730 poenitentiae
602 665 649 710 in
681 665 1004 711 remissionem
1037 663 1342 722 delictorum,
1389 664 1437 710 in
1474 664 1676 711 futuram
1709 665 1874 711 remis-

250 737 429 783 sionem
461 736 747 781 enuntiatum
780 744 873 781 est:
907 733 1134 798 siquidem
1165 735 1458 798 poenitentia
1488 733 1750 791 antecedit,
1799 750 1877 782 re-

250 807 407 854 missio
442 805 760 868 subsequitur,
795 815 843 852 et
873 806 964 852 hoc
996 814 1069 853 est
1096 807 1218 852 viam
1248 816 1559 869 praepararer,
1607 806 1684 869 qui
1723 814 1878 852 autem

250 885 526 942 praeparat,
574 893 666 922 non
712 875 835 922 idem
881 878 979 940 ipse
1026 877 1236 939 perficit,
1284 875 1368 923 sed
1406 877 1495 923 valii
1539 875 1879 940 perficiendum

250 956 491 1013 procurat.
555 947 659 1010 Ipse
692 947 942 1010 profitetur
972 960 1054 994 sua
1085 964 1178 994 non
1210 963 1314 994 esse
1347 947 1598 1004 coelestia,
1632 946 1716 994 sed
1742 946 1879 993 Chri-

252 1020 334 1077 sti,
369 1016 595 1065 dicendo:
645 1017 732 1075 Qui
765 1017 822 1065 de
855 1026 985 1064 terra
1016 1026 1109 1075 est,
1158 1017 1216 1065 de
1263 1026 1391 1065 terra
1435 1018 1663 1081 loquitur3
1713 1018 1788 1080 qui
1821 1016 1878 1064 de

253 1090 466 1153 supernis
496 1089 648 1144 venit,
682 1104 824 1150 super
855 1104 1015 1134 omnes
1047 1097 1120 1134 est
1137 1090 1198 1149 1).
1273 1087 1390 1137 Item
1422 1089 1469 1134 in
1501 1088 1603 1135 sola
1633 1104 1683 1135 se
1714 1089 1881 1151 poeni-

251 1161 402 1207 tentia
432 1161 673 1220 tinguere,
706 1166 950 1205 venturum
982 1175 1113 1215 mox,
1162 1159 1238 1221 qui
1277 1159 1516 1220 tingueret
1552 1159 1599 1204 in
1637 1159 1802 1222 spiritu
1834 1167 1883 1205 et

253 1232 433 1293 igni2).
497 1227 709 1285 Scilicet,
745 1229 851 1291 quia
872 1244 987 1275 vera
1019 1236 1068 1275 et
1097 1229 1277 1276 stabilis
1309 1244 1458 1292 aquae
1490 1226 1632 1286 fides,
1653 1244 1759 1292 ‚qua
1791 1229 1880 1275 tin-

256 1303 415 1364 guitur
445 1301 492 1346 in
525 1299 744 1356 salutem,
792 1299 1008 1346 simulata
1045 1308 1200 1347 autem
1238 1307 1287 1347 et
1316 1299 1499 1347 infirma
1529 1299 1628 1362 igni
1658 1299 1886 1362 tinguitur

255 1374 302 1420 in
335 1369 574 1418 iudicium.
756 1423 760 1426 ι

401 1447 481 1491 11.
545 1439 642 1487 Sed
674 1456 812 1498 ecce,
846 1441 1079 1504 inquiunt,
1111 1442 1241 1488 venit
1271 1439 1483 1488 dominus
1522 1448 1572 1489 et
1600 1457 1694 1488 non
1724 1441 1884 1499 tinxit3

257 1514 456 1576 legimus
488 1513 633 1559 enim:
675 1506 738 1557 Et
767 1520 923 1558 tamen
955 1513 994 1559 is
1026 1528 1118 1558 non
1157 1512 1423 1575 tinguebat,
1459 1527 1629 1564 ,verum
1667 1510 1887 1576 discipuli

259 1586 385 1642 eius;
434 1584 541 1646 quia
585 1598 754 1629 revera
799 1583 947 1645 ipsum
994 1583 1088 1630 suis
1133 1583 1344 1630 manibus
1389 1584 1640 1630 tincturum
1686 1582 1887 1630 Ioannes

258 1653 598 1720 praedicasset.
674 1652 784 1699 Non
815 1654 974 1717 utique
1007 1654 1074 1700 sie
1113 1653 1468 1716 intelligendum
1507 1662 1603 1711 est,
1649 1652 1732 1702 sed
1779 1655 1887 1700 sim-

259 1726 450 1791 pliciter
495 1723 669 1771 dictum
715 1739 845 1771 more
894 1725 1142 1770 communi.
1234 1723 1370 1772 Sicut
1413 1733 1488 1772 est
1528 1724 1663 1772 verbi
1708 1725 1887 1788 gratia·

260 1797 526 1861 Imperator
555 1790 801 1858 proposuit
831 1793 1059 1852 edictum,
1107 1803 1188 1842 aut
1223 1796 1494 1860 praefectus
1531 1795 1729 1843 fustibus
1761 1796 1889 1843 ceci-

262 1867 352 1926 dit,
386 1864 607 1930 numquid
638 1866 739 1928 ipse
771 1867 1016 1929 proponit,
1049 1874 1131 1913 aut
1160 1865 1417 1931 numquid
1404 1882 1504 1931 lpse
1530 1865 1718 1914 caedit?
1757 1863 1890 1914 Sem-

260 1954 349 2004 per
378 1939 417 1985 is
449 1936 623 1984 dicitur
660 1937 846 1993 facere,
895 1938 970 1984 cui
1015 1939 1436 2001 praeministratur.
1511 1936 1583 1984 Ita
1627 1930 1720 1985 elit
1762 1938 1891 1984 acci-

261 2007 505 2074 piendum:
554 2009 654 2071 ipse
691 2024 777 2054 vos
822 2009 1028 2071 tinguet,
1074 2024 1161 2072 pro
1201 2025 1259 2056 eo
1307 2007 1431 2072 qu‘od
1462 2017 1565 2062 est·
1611 2024 1698 2072 per
1741 2009 1890 2072 ipsum
1928 2024 1931 2025 ⁷

262 2079 562 2143 tinguemini,
594 2079 670 2125 vel
701 2079 748 2124 in
779 2079 942 2142 ipsum.
1021 2077 1118 2127 Sed
1149 2095 1207 2127 ne
1239 2088 1426 2127 moveat
1466 2077 1718 2144 quosdam,
1767 2077 1887 2142 quod

265 2167 360 2197 non
390 2151 491 2214 ipse
522 2149 782 2211 tinguebat.
845 2149 897 2196 In
929 2165 1064 2212 quem
1096 2151 1218 2197 enim
1249 2152 1517 2214 tingueret?
1559 2151 1607 2197 in
1643 2151 1893 2214 poeniten-

264 2222 407 2268 tiam?
468 2235 557 2282 quo
604 2235 720 2281 ergo
766 2220 834 2265 illi
864 2223 1258 2282 praecursorem?
1314 2223 1361 2268 in
1390 2230 1695 2284 peccatorum
1728 2221 1892 2268 remis-

268 2292 471 2347 sionem,
505 2305 640 2353 quam
670 2289 817 2336 verbo
851 2288 1024 2336 dabat?
1080 2292 1128 2336 in
1173 2292 1494 2354 semetipsum,
1542 2307 1678 2354 quem
1708 2290 1893 2338 humili-

267 2370 364 2410 tate
405 2359 623 2409 celabat?
680 2360 727 2406 in
773 2360 985 2423 spiritum
1030 2369 1264 2418 sanctum,
1313 2362 1389 2424 qui
1435 2360 1638 2408 nondum
1684 2377 1712 2408 a
1756 2371 1892 2425 patre

270 2430 617 2480 descenderat?
674 2431 722 2477 in
754 2431 1029 2488 ecclesiam,
1070 2447 1204 2495 quam
1237 2431 1439 2479 nondum
1471 2431 1676 2496 apostoli
1707 2440 1893 2480 struxe-

268 2506 406 2552 rant?
479 2502 641 2566 Itaque
687 2501 964 2564 tinguebant
1007 2501 1225 2571 discipuli
1277 2503 1400 2560 eius,
1461 2512 1513 2550 ut
1564 2503 1788 2561 ministri,
1846 2511 1893 2551 ut

270 2575 473 2625 Ioannes
504 2578 613 2620 ante
644 2587 951 2637 praecursor,
985 2568 1152 2621 eodem
1182 2573 1411 2638 baptismo
1453 2573 1662 2631 IoanniS,
1710 2590 1777 2623 ne
1817 2575 1893 2638 qui

272 2647 365 2694 alio
398 2653 553 2710 putet,
601 2645 710 2708 quia
753 2659 842 2691 nec
890 2652 1044 2692 exstat
1086 2644 1206 2691 alius
1249 2645 1337 2692 nisi
1373 2653 1541 2709 postea
1573 2643 1771 2702 Christi,
1818 2645 1895 2709 qui

270 2726 385 2765 -tunc
415 2716 576 2779 utique
607 2731 636 2762 a
667 2713 956 2768 discentibus
987 2714 1090 2762 dari
1122 2731 1215 2762 non
1245 2724 1456 2780 poterat,
1497 2724 1660 2780 utpote
1690 2714 1893 2763 nondum

273 2787 530 2851 adimpleta
560 2786 713 2849 gloria
744 2784 942 2844 domini,
975 2801 1063 2834 nec
1095 2787 1325 2833 instructa
1355 2787 1575 2835 efficacia
1603 2787 1778 2834 lavacri
1809 2802 1896 2850 per

271 2859 540 2924 'passionem
573 2865 622 2904 ct
650 2858 1073 2915 resurrectionem,
1104 2858 1212 2920 quia
1241 2873 1329 2905 nec
1362 2874 1486 2905 mors
1507 2866 1677 2905 -nostra
1702 2856 1894 2905 dissolvi

275 2937 438 2995 posset
474 2929 562 2975 nisi
594 2926 772 2975 domini
798 2929 1043 2992 passione,
1087 2943 1176 2976 nee
1221 2929 1319 2976 vita
1361 2929 1546 2977 restitui
1590 2929 1691 2976 sine
1738 2943 1894 2976 resur-

277 3001 492 3056 rectione
525 2999 684 3062 ipsius.

392 3156 438 3206 1)
469 3157 582 3194 Ioan.
602 3156 640 3205 3,
660 3155 725 3193 31.
843 3156 888 3206 2)
919 3156 1022 3195 Luc.
1038 3157 1077 3207 3,
1097 3157 1165 3194 16.
