<?xml version="1.0" encoding="UTF-8"?>
<!DOCTYPE html PUBLIC "-//W3C//DTD XHTML 1.0 Transitional//EN"
    "http://www.w3.org/TR/xhtml1/DTD/xhtml1-transitional.dtd">
<html xmlns="http://www.w3.org/1999/xhtml" xml:lang="en" lang="en">
 <head>
  <title>
</title>
<meta http-equiv="Content-Type" content="text/html;charset=utf-8" />
  <meta name='ocr-system' content='tesseract 3.04.00' />
  <meta name='ocr-capabilities' content='ocr_page ocr_carea ocr_par ocr_line ocrx_word'/>
</head>
<body>
  <div class='ocr_page' id='page_1' title='image "./operatert12tertuoft_0410.png"; bbox 0 0 1942 3554; ppageno 0'>
   <div class='ocr_carea' id='block_1_1' title="bbox 1056 0 1942 105">
    <p class='ocr_par' dir='ltr' id='par_1_1' title="bbox 1056 0 1942 105">
     <span class='ocr_line' id='line_1_1' title="bbox 1056 0 1942 105; baseline 0.011 -15"><span class='ocrx_word' id='word_1_1' title='bbox 1056 68 1075 90; x_wconf 85' lang='lat'><strong>.</strong></span> <span class='ocrx_word' id='word_1_2' title='bbox 1719 101 1723 105; x_wconf 12' lang='grc' dir='ltr'><strong>Α</strong></span> <span class='ocrx_word' id='word_1_3' title='bbox 1899 0 1942 100; x_wconf 63' lang='lat'>3</span> 
     </span>
    </p>
   </div>
   <div class='ocr_carea' id='block_1_2' title="bbox 335 223 1362 269">
    <p class='ocr_par' dir='ltr' id='par_1_2' title="bbox 335 223 1362 269">
     <span class='ocr_line' id='line_1_2' title="bbox 335 223 1362 269; baseline 0.001 -6"><span class='ocrx_word' id='word_1_4' title='bbox 335 223 458 269; x_wconf 73' lang='grc'><strong>138</strong></span> <span class='ocrx_word' id='word_1_5' title='bbox 904 223 987 262; x_wconf 84' lang='lat' dir='ltr'><strong>DE</strong></span> <span class='ocrx_word' id='word_1_6' title='bbox 1028 224 1362 264; x_wconf 73' lang='lat' dir='ltr'><strong>PUmcl-Tm.</strong></span> 
     </span>
    </p>
   </div>
   <div class='ocr_carea' id='block_1_3' title="bbox 309 336 1942 2852">
    <p class='ocr_par' dir='ltr' id='par_1_3' title="bbox 309 336 1942 2852">
     <span class='ocr_line' id='line_1_3' title="bbox 334 336 1932 399; baseline 0.001 -13"><span class='ocrx_word' id='word_1_7' title='bbox 334 341 563 388; x_wconf 89' lang='lat' dir='ltr'><strong>intentent</strong></span> <span class='ocrx_word' id='word_1_8' title='bbox 593 345 641 383; x_wconf 88' lang='lat' dir='ltr'><strong>et</strong></span> <span class='ocrx_word' id='word_1_9' title='bbox 670 343 872 381; x_wconf 90' lang='lat' dir='ltr'><strong>nostram</strong></span> <span class='ocrx_word' id='word_1_10' title='bbox 905 338 1208 382; x_wconf 81' lang='lat' dir='ltr'><strong>constantiam</strong></span> <span class='ocrx_word' id='word_1_11' title='bbox 1238 338 1525 399; x_wconf 74' lang='lat' dir='ltr'><strong>provocent?</strong></span> <span class='ocrx_word' id='word_1_12' title='bbox 1583 336 1696 396; x_wconf 84' lang='lat' dir='ltr'><strong>Quia</strong></span> <span class='ocrx_word' id='word_1_13' title='bbox 1726 340 1812 386; x_wconf 84' lang='lat' dir='ltr'><strong>etsi</strong></span> <span class='ocrx_word' id='word_1_14' title='bbox 1839 340 1932 388; x_wconf 81' lang='lat' dir='ltr'><strong>bo·-</strong></span> 
     </span>
     <span class='ocr_line' id='line_1_4' title="bbox 332 404 1927 466; baseline 0.003 -11"><span class='ocrx_word' id='word_1_15' title='bbox 332 425 415 455; x_wconf 93' lang='lat' dir='ltr'><strong>nus</strong></span> <span class='ocrx_word' id='word_1_16' title='bbox 451 415 614 452; x_wconf 87' lang='lat' dir='ltr'><strong>natura</strong></span> <span class='ocrx_word' id='word_1_17' title='bbox 645 404 780 462; x_wconf 88' lang='lat' dir='ltr'><strong>deus,</strong></span> <span class='ocrx_word' id='word_1_18' title='bbox 827 414 980 452; x_wconf 88' lang='lat' dir='ltr'><strong>tamen</strong></span> <span class='ocrx_word' id='word_1_19' title='bbox 1011 414 1060 452; x_wconf 89' lang='lat' dir='ltr'><strong>et</strong></span> <span class='ocrx_word' id='word_1_20' title='bbox 1095 407 1256 453; x_wconf 88' lang='lat' dir='ltr'><strong>iustus.</strong></span> <span class='ocrx_word' id='word_1_21' title='bbox 1316 405 1389 453; x_wconf 92' lang='lat' dir='ltr'><strong>Ex</strong></span> <span class='ocrx_word' id='word_1_22' title='bbox 1419 421 1582 454; x_wconf 82' lang='lat' dir='ltr'><strong>caussa</strong></span> <span class='ocrx_word' id='word_1_23' title='bbox 1619 409 1762 466; x_wconf 86' lang='lat' dir='ltr'><strong>enim,</strong></span> <span class='ocrx_word' id='word_1_24' title='bbox 1807 412 1927 458; x_wconf 88' lang='lat' dir='ltr'><strong>sicut</strong></span> 
     </span>
     <span class='ocr_line' id='line_1_5' title="bbox 329 474 1925 540; baseline 0.003 -16"><span class='ocrx_word' id='word_1_25' title='bbox 329 492 495 524; x_wconf 90' lang='lat' dir='ltr'><strong>sanare</strong></span> <span class='ocrx_word' id='word_1_26' title='bbox 529 477 671 533; x_wconf 88' lang='lat' dir='ltr'><strong>novit,</strong></span> <span class='ocrx_word' id='word_1_27' title='bbox 703 477 769 522; x_wconf 91' lang='lat' dir='ltr'><strong>ita</strong></span> <span class='ocrx_word' id='word_1_28' title='bbox 800 484 848 522; x_wconf 91' lang='lat' dir='ltr'><strong>et</strong></span> <span class='ocrx_word' id='word_1_29' title='bbox 878 474 1095 533; x_wconf 82' lang='lat' dir='ltr'><strong>caedere,</strong></span> <span class='ocrx_word' id='word_1_30' title='bbox 1127 477 1304 523; x_wconf 88' lang='lat' dir='ltr'><strong>faciens</strong></span> <span class='ocrx_word' id='word_1_31' title='bbox 1334 492 1512 540; x_wconf 72' lang='lat' dir='ltr'><strong>pacem,</strong></span> <span class='ocrx_word' id='word_1_32' title='bbox 1544 477 1627 525; x_wconf 88' lang='lat' dir='ltr'><strong>sed</strong></span> <span class='ocrx_word' id='word_1_33' title='bbox 1649 487 1698 526; x_wconf 90' lang='lat' dir='ltr'><strong>et</strong></span> <span class='ocrx_word' id='word_1_34' title='bbox 1721 479 1925 538; x_wconf 80' lang='lat' dir='ltr'><strong>condens</strong></span> 
     </span>
     <span class='ocr_line' id='line_1_6' title="bbox 327 545 1926 611; baseline 0.002 -17"><span class='ocrx_word' id='word_1_35' title='bbox 327 548 462 604; x_wconf 90' lang='lat' dir='ltr'><strong>mala,</strong></span> <span class='ocrx_word' id='word_1_36' title='bbox 494 547 827 611; x_wconf 87' lang='lat' dir='ltr'><strong>poenitentiam</strong></span> <span class='ocrx_word' id='word_1_37' title='bbox 857 547 1032 593; x_wconf 91' lang='lat' dir='ltr'><strong>malens</strong></span> <span class='ocrx_word' id='word_1_38' title='bbox 1050 548 1111 606; x_wconf 89' lang='lat'><strong>1),</strong></span> <span class='ocrx_word' id='word_1_39' title='bbox 1143 545 1226 593; x_wconf 90' lang='lat' dir='ltr'><strong>sed</strong></span> <span class='ocrx_word' id='word_1_40' title='bbox 1257 554 1305 593; x_wconf 88' lang='lat' dir='ltr'><strong>et</strong></span> <span class='ocrx_word' id='word_1_41' title='bbox 1321 546 1583 595; x_wconf 86' lang='lat' dir='ltr'><strong>Hieremiae</strong></span> <span class='ocrx_word' id='word_1_42' title='bbox 1607 546 1840 607; x_wconf 86' lang='lat' dir='ltr'><strong>mandans,</strong></span> <span class='ocrx_word' id='word_1_43' title='bbox 1867 566 1926 599; x_wconf 88' lang='lat' dir='ltr'><strong>ne</strong></span> 
     </span>
     <span class='ocr_line' id='line_1_7' title="bbox 326 614 1926 682; baseline 0.003 -18"><span class='ocrx_word' id='word_1_44' title='bbox 326 634 412 681; x_wconf 93' lang='lat' dir='ltr'><strong>pro</strong></span> <span class='ocrx_word' id='word_1_45' title='bbox 451 618 623 682; x_wconf 92' lang='lat' dir='ltr'><strong>populo</strong></span> <span class='ocrx_word' id='word_1_46' title='bbox 667 625 922 680; x_wconf 84' lang='lat' dir='ltr'><strong>peccatore</strong></span> <span class='ocrx_word' id='word_1_47' title='bbox 968 614 1325 680; x_wconf 84' lang='lat' dir='ltr'><strong>deprecaretur:</strong></span> <span class='ocrx_word' id='word_1_48' title='bbox 1373 619 1586 680; x_wconf 83' lang='lat' dir='ltr'><strong>quoniam</strong></span> <span class='ocrx_word' id='word_1_49' title='bbox 1623 620 1661 666; x_wconf 92' lang='lat' dir='ltr'><strong>si</strong></span> <span class='ocrx_word' id='word_1_50' title='bbox 1689 620 1926 668; x_wconf 86' lang='lat' dir='ltr'><strong>ieiunave-</strong></span> 
     </span>
     <span class='ocr_line' id='line_1_8' title="bbox 324 683 1926 751; baseline 0.002 -17"><span class='ocrx_word' id='word_1_51' title='bbox 324 689 432 745; x_wconf 89' lang='lat' dir='ltr'><strong>rint,</strong></span> <span class='ocrx_word' id='word_1_52' title='bbox 466 689 635 751; x_wconf 89' lang='lat' dir='ltr'><strong>inquit,</strong></span> <span class='ocrx_word' id='word_1_53' title='bbox 674 703 766 733; x_wconf 92' lang='lat' dir='ltr'><strong>non</strong></span> <span class='ocrx_word' id='word_1_54' title='bbox 798 683 1041 734; x_wconf 87' lang='lat' dir='ltr'><strong>exaudiam</strong></span> <span class='ocrx_word' id='word_1_55' title='bbox 1067 686 1454 735; x_wconf 74' lang='lat' dir='ltr'><strong>obsecrationem</strong></span> <span class='ocrx_word' id='word_1_56' title='bbox 1492 695 1667 750; x_wconf 70' lang='lat' dir='ltr'><strong>eoru‘m.</strong></span> <span class='ocrx_word' id='word_1_57' title='bbox 1727 689 1788 736; x_wconf 82' lang='lat' dir='ltr'><strong>Et</strong></span> <span class='ocrx_word' id='word_1_58' title='bbox 1822 707 1926 738; x_wconf 90' lang='lat' dir='ltr'><strong>rur·-</strong></span> 
     </span>
     <span class='ocr_line' id='line_1_9' title="bbox 325 755 1926 823; baseline 0.002 -18"><span class='ocrx_word' id='word_1_59' title='bbox 325 775 424 805; x_wconf 82' lang='lat' dir='ltr'><strong>sus:</strong></span> <span class='ocrx_word' id='word_1_60' title='bbox 484 758 546 805; x_wconf 90' lang='lat' dir='ltr'><strong>Et</strong></span> <span class='ocrx_word' id='word_1_61' title='bbox 582 766 631 804; x_wconf 91' lang='lat' dir='ltr'><strong>tu</strong></span> <span class='ocrx_word' id='word_1_62' title='bbox 668 773 724 804; x_wconf 92' lang='lat' dir='ltr'><strong>ne</strong></span> <span class='ocrx_word' id='word_1_63' title='bbox 763 755 1033 804; x_wconf 86' lang='lat' dir='ltr'><strong>adoraveris</strong></span> <span class='ocrx_word' id='word_1_64' title='bbox 1062 773 1147 820; x_wconf 93' lang='lat' dir='ltr'><strong>pro</strong></span> <span class='ocrx_word' id='word_1_65' title='bbox 1191 758 1387 821; x_wconf 92' lang='lat' dir='ltr'><strong>populo,</strong></span> <span class='ocrx_word' id='word_1_66' title='bbox 1434 766 1482 805; x_wconf 87' lang='lat' dir='ltr'><strong>et</strong></span> <span class='ocrx_word' id='word_1_67' title='bbox 1516 775 1574 806; x_wconf 91' lang='lat' dir='ltr'><strong>ne</strong></span> <span class='ocrx_word' id='word_1_68' title='bbox 1618 760 1926 823; x_wconf 85' lang='lat' dir='ltr'><strong>postulaveris</strong></span> 
     </span>
     <span class='ocr_line' id='line_1_10' title="bbox 324 828 1924 891; baseline 0.001 -16"><span class='ocrx_word' id='word_1_69' title='bbox 324 845 408 891; x_wconf 91' lang='lat' dir='ltr'><strong>pro</strong></span> <span class='ocrx_word' id='word_1_70' title='bbox 454 828 525 875; x_wconf 92' lang='lat' dir='ltr'><strong>his</strong></span> <span class='ocrx_word' id='word_1_71' title='bbox 569 829 616 875; x_wconf 91' lang='lat' dir='ltr'><strong>in</strong></span> <span class='ocrx_word' id='word_1_72' title='bbox 660 843 803 891; x_wconf 90' lang='lat' dir='ltr'><strong>prece</strong></span> <span class='ocrx_word' id='word_1_73' title='bbox 850 835 898 874; x_wconf 85' lang='lat' dir='ltr'><strong>et</strong></span> <span class='ocrx_word' id='word_1_74' title='bbox 941 828 1175 885; x_wconf 87' lang='lat' dir='ltr'><strong>oratione,</strong></span> <span class='ocrx_word' id='word_1_75' title='bbox 1223 829 1437 890; x_wconf 90' lang='lat' dir='ltr'><strong>quoniam</strong></span> <span class='ocrx_word' id='word_1_76' title='bbox 1474 845 1567 875; x_wconf 92' lang='lat' dir='ltr'><strong>non</strong></span> <span class='ocrx_word' id='word_1_77' title='bbox 1605 829 1848 877; x_wconf 83' lang='lat' dir='ltr'><strong>exaudiam</strong></span> <span class='ocrx_word' id='word_1_78' title='bbox 1877 831 1924 877; x_wconf 88' lang='lat' dir='ltr'><strong>in</strong></span> 
     </span>
     <span class='ocr_line' id='line_1_11' title="bbox 323 898 1924 962; baseline 0.002 -17"><span class='ocrx_word' id='word_1_79' title='bbox 323 908 550 962; x_wconf 90' lang='lat' dir='ltr'><strong>tempore,</strong></span> <span class='ocrx_word' id='word_1_80' title='bbox 584 913 673 962; x_wconf 92' lang='lat' dir='ltr'><strong>quo</strong></span> <span class='ocrx_word' id='word_1_81' title='bbox 705 898 1026 944; x_wconf 90' lang='lat' dir='ltr'><strong>invocaverint</strong></span> <span class='ocrx_word' id='word_1_82' title='bbox 1055 914 1142 954; x_wconf 91' lang='lat' dir='ltr'><strong>me,</strong></span> <span class='ocrx_word' id='word_1_83' title='bbox 1175 899 1222 944; x_wconf 91' lang='lat' dir='ltr'><strong>in</strong></span> <span class='ocrx_word' id='word_1_84' title='bbox 1253 905 1463 961; x_wconf 88' lang='lat' dir='ltr'><strong>tempore</strong></span> <span class='ocrx_word' id='word_1_85' title='bbox 1501 898 1764 947; x_wconf 88' lang='lat' dir='ltr'><strong>afflictionis</strong></span> <span class='ocrx_word' id='word_1_86' title='bbox 1794 916 1924 954; x_wconf 86' lang='lat' dir='ltr'><strong>suae.</strong></span> 
     </span>
     <span class='ocr_line' id='line_1_12' title="bbox 322 966 1924 1032; baseline 0.002 -18"><span class='ocrx_word' id='word_1_87' title='bbox 322 968 383 1015; x_wconf 89' lang='lat' dir='ltr'><strong>Et</strong></span> <span class='ocrx_word' id='word_1_88' title='bbox 412 968 562 1016; x_wconf 87' lang='lat' dir='ltr'><strong>adhuc</strong></span> <span class='ocrx_word' id='word_1_89' title='bbox 593 983 753 1030; x_wconf 89' lang='lat' dir='ltr'><strong>supra,</strong></span> <span class='ocrx_word' id='word_1_90' title='bbox 798 966 921 1014; x_wconf 90' lang='lat' dir='ltr'><strong>idem</strong></span> <span class='ocrx_word' id='word_1_91' title='bbox 951 966 1302 1014; x_wconf 87' lang='lat' dir='ltr'><strong>misericordiae</strong></span> <span class='ocrx_word' id='word_1_92' title='bbox 1333 967 1572 1030; x_wconf 71' lang='lat' dir='ltr'><strong>praelator</strong></span> <span class='ocrx_word' id='word_1_93' title='bbox 1608 985 1740 1032; x_wconf 87' lang='lat' dir='ltr'><strong>quam</strong></span> <span class='ocrx_word' id='word_1_94' title='bbox 1778 972 1924 1018; x_wconf 90' lang='lat' dir='ltr'><strong>sacri-</strong></span> 
     </span>
     <span class='ocr_line' id='line_1_13' title="bbox 322 1036 1923 1103; baseline 0.002 -18"><span class='ocrx_word' id='word_1_95' title='bbox 322 1039 438 1085; x_wconf 87' lang='lat' dir='ltr'><strong>ficii:</strong></span> <span class='ocrx_word' id='word_1_96' title='bbox 498 1038 560 1085; x_wconf 87' lang='lat' dir='ltr'><strong>Et</strong></span> <span class='ocrx_word' id='word_1_97' title='bbox 588 1046 637 1084; x_wconf 90' lang='lat' dir='ltr'><strong>tu</strong></span> <span class='ocrx_word' id='word_1_98' title='bbox 669 1053 725 1083; x_wconf 91' lang='lat' dir='ltr'><strong>ne</strong></span> <span class='ocrx_word' id='word_1_99' title='bbox 765 1036 1036 1084; x_wconf 85' lang='lat' dir='ltr'><strong>adoraveris</strong></span> <span class='ocrx_word' id='word_1_100' title='bbox 1067 1053 1151 1100; x_wconf 92' lang='lat' dir='ltr'><strong>pro</strong></span> <span class='ocrx_word' id='word_1_101' title='bbox 1183 1037 1354 1100; x_wconf 88' lang='lat' dir='ltr'><strong>populo</strong></span> <span class='ocrx_word' id='word_1_102' title='bbox 1386 1038 1499 1095; x_wconf 86' lang='lat' dir='ltr'><strong>isto,</strong></span> <span class='ocrx_word' id='word_1_103' title='bbox 1545 1047 1594 1085; x_wconf 91' lang='lat' dir='ltr'><strong>et</strong></span> <span class='ocrx_word' id='word_1_104' title='bbox 1629 1054 1693 1086; x_wconf 62' lang='lat' dir='ltr'><strong>ne&lt;</strong></span> <span class='ocrx_word' id='word_1_105' title='bbox 1717 1042 1923 1103; x_wconf 87' lang='lat' dir='ltr'><strong>postula-</strong></span> 
     </span>
     <span class='ocr_line' id='line_1_14' title="bbox 318 1105 1922 1173; baseline 0.001 -17"><span class='ocrx_word' id='word_1_106' title='bbox 318 1110 443 1156; x_wconf 87' lang='lat' dir='ltr'><strong>veris</strong></span> <span class='ocrx_word' id='word_1_107' title='bbox 473 1105 843 1154; x_wconf 88' lang='lat' dir='ltr'><strong>misericordiam</strong></span> <span class='ocrx_word' id='word_1_108' title='bbox 875 1108 1098 1168; x_wconf 91' lang='lat' dir='ltr'><strong>consequi</strong></span> <span class='ocrx_word' id='word_1_109' title='bbox 1128 1122 1232 1162; x_wconf 92' lang='lat' dir='ltr'><strong>eos,</strong></span> <span class='ocrx_word' id='word_1_110' title='bbox 1273 1114 1322 1155; x_wconf 83' lang='lat' dir='ltr'><strong>et</strong></span> <span class='ocrx_word' id='word_1_111' title='bbox 1351 1122 1409 1154; x_wconf 92' lang='lat' dir='ltr'><strong>ne</strong></span> <span class='ocrx_word' id='word_1_112' title='bbox 1441 1110 1703 1156; x_wconf 90' lang='lat' dir='ltr'><strong>accesseris·</strong></span> <span class='ocrx_word' id='word_1_113' title='bbox 1735 1127 1820 1173; x_wconf 90' lang='lat' dir='ltr'><strong>pro</strong></span> <span class='ocrx_word' id='word_1_114' title='bbox 1851 1111 1922 1158; x_wconf 93' lang='lat' dir='ltr'><strong>his</strong></span> 
     </span>
     <span class='ocr_line' id='line_1_15' title="bbox 320 1172 1922 1244; baseline 0.001 -18"><span class='ocrx_word' id='word_1_115' title='bbox 320 1178 380 1226; x_wconf 90' lang='lat' dir='ltr'><strong>ad</strong></span> <span class='ocrx_word' id='word_1_116' title='bbox 410 1194 499 1234; x_wconf 90' lang='lat' dir='ltr'><strong>me,</strong></span> <span class='ocrx_word' id='word_1_117' title='bbox 532 1178 746 1240; x_wconf 91' lang='lat' dir='ltr'><strong>quoniam</strong></span> <span class='ocrx_word' id='word_1_118' title='bbox 776 1192 869 1221; x_wconf 88' lang='lat' dir='ltr'><strong>non</strong></span> <span class='ocrx_word' id='word_1_119' title='bbox 908 1174 1150 1222; x_wconf 82' lang='lat' dir='ltr'><strong>exaudiam</strong></span> <span class='ocrx_word' id='word_1_120' title='bbox 1180 1176 1336 1238; x_wconf 90' lang='lat' dir='ltr'><strong>utique</strong></span> <span class='ocrx_word' id='word_1_121' title='bbox 1367 1177 1746 1239; x_wconf 83' lang='lat' dir='ltr'><strong>misericordiam</strong></span> <span class='ocrx_word' id='word_1_122' title='bbox 1763 1172 1922 1244; x_wconf 71' lang='lat' dir='ltr'><strong>postu-</strong></span> 
     </span>
     <span class='ocr_line' id='line_1_16' title="bbox 319 1241 1922 1310; baseline 0.001 -15"><span class='ocrx_word' id='word_1_123' title='bbox 319 1249 468 1296; x_wconf 83' lang='lat' dir='ltr'><strong>lantes</strong></span> <span class='ocrx_word' id='word_1_124' title='bbox 484 1249 548 1308; x_wconf 72' lang='lat'><strong>2),</strong></span> <span class='ocrx_word' id='word_1_125' title='bbox 566 1248 723 1310; x_wconf 88' lang='lat' dir='ltr'><strong>utique</strong></span> <span class='ocrx_word' id='word_1_126' title='bbox 742 1261 800 1292; x_wconf 91' lang='lat' dir='ltr'><strong>ex</strong></span> <span class='ocrx_word' id='word_1_127' title='bbox 816 1241 1107 1309; x_wconf 82' lang='lat' dir='ltr'><strong>poenitentia</strong></span> <span class='ocrx_word' id='word_1_128' title='bbox 1122 1246 1286 1292; x_wconf 90' lang='lat' dir='ltr'><strong>flentes</strong></span> <span class='ocrx_word' id='word_1_129' title='bbox 1303 1254 1351 1292; x_wconf 89' lang='lat' dir='ltr'><strong>et</strong></span> <span class='ocrx_word' id='word_1_130' title='bbox 1367 1246 1639 1304; x_wconf 84' lang='lat' dir='ltr'><strong>ieiunantes,</strong></span> <span class='ocrx_word' id='word_1_131' title='bbox 1659 1258 1708 1296; x_wconf 89' lang='lat' dir='ltr'><strong>et</strong></span> <span class='ocrx_word' id='word_1_132' title='bbox 1729 1250 1922 1305; x_wconf 81' lang='lat' dir='ltr'><strong>afflicta-</strong></span> 
     </span>
     <span class='ocr_line' id='line_1_17' title="bbox 318 1313 1924 1384; baseline 0.002 -19"><span class='ocrx_word' id='word_1_133' title='bbox 318 1319 494 1365; x_wconf 90' lang='lat' dir='ltr'><strong>tionem</strong></span> <span class='ocrx_word' id='word_1_134' title='bbox 538 1333 664 1364; x_wconf 92' lang='lat' dir='ltr'><strong>suam</strong></span> <span class='ocrx_word' id='word_1_135' title='bbox 711 1315 964 1362; x_wconf 88' lang='lat' dir='ltr'><strong>offerentes</strong></span> <span class='ocrx_word' id='word_1_136' title='bbox 1009 1314 1115 1362; x_wconf 90' lang='lat' dir='ltr'><strong>deo.</strong></span> <span class='ocrx_word' id='word_1_137' title='bbox 1182 1313 1308 1362; x_wconf 92' lang='lat' dir='ltr'><strong>Deus</strong></span> <span class='ocrx_word' id='word_1_138' title='bbox 1353 1316 1473 1362; x_wconf 92' lang='lat' dir='ltr'><strong>enim</strong></span> <span class='ocrx_word' id='word_1_139' title='bbox 1509 1317 1711 1376; x_wconf 85' lang='lat' dir='ltr'><strong>zelotes,</strong></span> <span class='ocrx_word' id='word_1_140' title='bbox 1757 1328 1805 1367; x_wconf 88' lang='lat' dir='ltr'><strong>et</strong></span> <span class='ocrx_word' id='word_1_141' title='bbox 1847 1321 1924 1384; x_wconf 91' lang='lat' dir='ltr'><strong>qui</strong></span> 
     </span>
     <span class='ocr_line' id='line_1_18' title="bbox 317 1383 1921 1451; baseline 0.001 -15"><span class='ocrx_word' id='word_1_142' title='bbox 317 1405 432 1436; x_wconf 89' lang='lat' dir='ltr'><strong>naso</strong></span> <span class='ocrx_word' id='word_1_143' title='bbox 486 1404 579 1435; x_wconf 88' lang='lat' dir='ltr'><strong>non</strong></span> <span class='ocrx_word' id='word_1_144' title='bbox 624 1384 887 1443; x_wconf 87' lang='lat' dir='ltr'><strong>deridetur,</strong></span> <span class='ocrx_word' id='word_1_145' title='bbox 947 1383 1230 1432; x_wconf 86' lang='lat' dir='ltr'><strong>adulantium</strong></span> <span class='ocrx_word' id='word_1_146' title='bbox 1274 1387 1458 1433; x_wconf 89' lang='lat' dir='ltr'><strong>scilicet</strong></span> <span class='ocrx_word' id='word_1_147' title='bbox 1498 1386 1702 1436; x_wconf 78' lang='lat' dir='ltr'><strong>bonitati</strong></span> <span class='ocrx_word' id='word_1_148' title='bbox 1742 1391 1841 1437; x_wconf 89' lang='lat' dir='ltr'><strong>eius</strong></span> <span class='ocrx_word' id='word_1_149' title='bbox 1857 1392 1921 1451; x_wconf 77' lang='lat'><strong>³),</strong></span> 
     </span>
     <span class='ocr_line' id='line_1_19' title="bbox 317 1455 1924 1523; baseline 0.001 -18"><span class='ocrx_word' id='word_1_150' title='bbox 317 1467 367 1506; x_wconf 88' lang='lat' dir='ltr'><strong>et</strong></span> <span class='ocrx_word' id='word_1_151' title='bbox 397 1460 473 1522; x_wconf 91' lang='lat' dir='ltr'><strong>qui</strong></span> <span class='ocrx_word' id='word_1_152' title='bbox 504 1459 616 1505; x_wconf 89' lang='lat' dir='ltr'><strong>licet</strong></span> <span class='ocrx_word' id='word_1_153' title='bbox 645 1457 849 1520; x_wconf 85' lang='lat' dir='ltr'><strong>patiens,</strong></span> <span class='ocrx_word' id='word_1_154' title='bbox 881 1464 1036 1503; x_wconf 90' lang='lat' dir='ltr'><strong>tamen</strong></span> <span class='ocrx_word' id='word_1_155' title='bbox 1067 1471 1153 1518; x_wconf 92' lang='lat' dir='ltr'><strong>per</strong></span> <span class='ocrx_word' id='word_1_156' title='bbox 1181 1455 1368 1503; x_wconf 89' lang='lat' dir='ltr'><strong>Esaiam</strong></span> <span class='ocrx_word' id='word_1_157' title='bbox 1401 1458 1706 1506; x_wconf 86' lang='lat' dir='ltr'><strong>comminetur</strong></span> <span class='ocrx_word' id='word_1_158' title='bbox 1741 1460 1924 1523; x_wconf 83' lang='lat' dir='ltr'><strong>patien-</strong></span> 
     </span>
     <span class='ocr_line' id='line_1_20' title="bbox 316 1525 1924 1610; baseline 0.001 -34"><span class='ocrx_word' id='word_1_159' title='bbox 316 1530 412 1576; x_wconf 87' lang='lat' dir='ltr'><strong>tiae</strong></span> <span class='ocrx_word' id='word_1_160' title='bbox 435 1529 605 1610; x_wconf 50' lang='lat' dir='ltr'><strong>anem:</strong></span> <span class='ocrx_word' id='word_1_161' title='bbox 663 1527 824 1583; x_wconf 85' lang='lat' dir='ltr'><strong>Tacui,</strong></span> <span class='ocrx_word' id='word_1_162' title='bbox 857 1525 1074 1589; x_wconf 91' lang='lat' dir='ltr'><strong>numquid</strong></span> <span class='ocrx_word' id='word_1_163' title='bbox 1105 1533 1152 1573; x_wconf 93' lang='lat' dir='ltr'><strong>et</strong></span> <span class='ocrx_word' id='word_1_164' title='bbox 1181 1542 1365 1590; x_wconf 90' lang='lat' dir='ltr'><strong>semper</strong></span> <span class='ocrx_word' id='word_1_165' title='bbox 1392 1527 1561 1574; x_wconf 86' lang='lat' dir='ltr'><strong>tacebo</strong></span> <span class='ocrx_word' id='word_1_166' title='bbox 1594 1536 1644 1575; x_wconf 86' lang='lat' dir='ltr'><strong>et</strong></span> <span class='ocrx_word' id='word_1_167' title='bbox 1657 1530 1924 1578; x_wconf 74' lang='lat' dir='ltr'><strong>sustinebo?</strong></span> 
     </span>
     <span class='ocr_line' id='line_1_21' title="bbox 317 1590 1922 1664; baseline 0.001 -18"><span class='ocrx_word' id='word_1_168' title='bbox 317 1600 471 1662; x_wconf 81' lang='lat' dir='ltr'><strong>quievi</strong></span> <span class='ocrx_word' id='word_1_169' title='bbox 499 1598 627 1645; x_wconf 91' lang='lat' dir='ltr'><strong>velut</strong></span> <span class='ocrx_word' id='word_1_170' title='bbox 657 1597 934 1660; x_wconf 89' lang='lat' dir='ltr'><strong>parturiens,</strong></span> <span class='ocrx_word' id='word_1_171' title='bbox 967 1612 1229 1658; x_wconf 88' lang='lat' dir='ltr'><strong>exsurgam,</strong></span> <span class='ocrx_word' id='word_1_172' title='bbox 1262 1604 1310 1644; x_wconf 91' lang='lat' dir='ltr'><strong>et</strong></span> <span class='ocrx_word' id='word_1_173' title='bbox 1339 1590 1557 1644; x_wconf 71' lang='lat' dir='ltr'><strong>arescer&#39;e</strong></span> <span class='ocrx_word' id='word_1_174' title='bbox 1581 1598 1763 1664; x_wconf 80' lang='lat' dir='ltr'><strong>faciam.</strong></span> <span class='ocrx_word' id='word_1_175' title='bbox 1797 1599 1922 1663; x_wconf 87' lang='lat' dir='ltr'><strong>Ignis</strong></span> 
     </span>
     <span class='ocr_line' id='line_1_22' title="bbox 317 1666 1919 1732; baseline 0.002 -17"><span class='ocrx_word' id='word_1_176' title='bbox 317 1670 439 1716; x_wconf 91' lang='lat' dir='ltr'><strong>enim</strong></span> <span class='ocrx_word' id='word_1_177' title='bbox 469 1666 700 1732; x_wconf 89' lang='lat' dir='ltr'><strong>procedet</strong></span> <span class='ocrx_word' id='word_1_178' title='bbox 719 1675 838 1724; x_wconf 56' lang='lat' dir='ltr'><strong>‚ante</strong></span> <span class='ocrx_word' id='word_1_179' title='bbox 870 1667 1039 1713; x_wconf 86' lang='lat' dir='ltr'><strong>faciem</strong></span> <span class='ocrx_word' id='word_1_180' title='bbox 1069 1667 1236 1730; x_wconf 85' lang='lat' dir='ltr'><strong>ipsius,</strong></span> <span class='ocrx_word' id='word_1_181' title='bbox 1283 1674 1332 1713; x_wconf 88' lang='lat' dir='ltr'><strong>et</strong></span> <span class='ocrx_word' id='word_1_182' title='bbox 1361 1675 1527 1723; x_wconf 84' lang='lat' dir='ltr'><strong>exuret</strong></span> <span class='ocrx_word' id='word_1_183' title='bbox 1562 1668 1774 1717; x_wconf 89' lang='lat' dir='ltr'><strong>inimicos</strong></span> <span class='ocrx_word' id='word_1_184' title='bbox 1804 1671 1919 1727; x_wconf 88' lang='lat' dir='ltr'><strong>eius,</strong></span> 
     </span>
     <span class='ocr_line' id='line_1_23' title="bbox 316 1735 1921 1802; baseline 0.001 -17"><span class='ocrx_word' id='word_1_185' title='bbox 316 1755 410 1785; x_wconf 94' lang='lat' dir='ltr'><strong>non</strong></span> <span class='ocrx_word' id='word_1_186' title='bbox 454 1738 600 1785; x_wconf 91' lang='lat' dir='ltr'><strong>solum</strong></span> <span class='ocrx_word' id='word_1_187' title='bbox 647 1753 839 1800; x_wconf 90' lang='lat' dir='ltr'><strong>corpus,</strong></span> <span class='ocrx_word' id='word_1_188' title='bbox 886 1753 1046 1784; x_wconf 89' lang='lat' dir='ltr'><strong>verum</strong></span> <span class='ocrx_word' id='word_1_189' title='bbox 1091 1745 1146 1786; x_wconf 76' lang='lat' dir='ltr'><strong>et.</strong></span> <span class='ocrx_word' id='word_1_190' title='bbox 1182 1737 1356 1783; x_wconf 90' lang='lat' dir='ltr'><strong>animas</strong></span> <span class='ocrx_word' id='word_1_191' title='bbox 1402 1735 1625 1785; x_wconf 89' lang='lat' dir='ltr'><strong>occidens</strong></span> <span class='ocrx_word' id='word_1_192' title='bbox 1660 1740 1707 1785; x_wconf 91' lang='lat' dir='ltr'><strong>in</strong></span> <span class='ocrx_word' id='word_1_193' title='bbox 1745 1740 1921 1802; x_wconf 85' lang='lat' dir='ltr'><strong>gehen-</strong></span> 
     </span>
     <span class='ocr_line' id='line_1_24' title="bbox 315 1805 1921 1869; baseline 0.001 -14"><span class='ocrx_word' id='word_1_194' title='bbox 315 1825 420 1856; x_wconf 89' lang='lat' dir='ltr'><strong>nam</strong></span> <span class='ocrx_word' id='word_1_195' title='bbox 437 1810 499 1868; x_wconf 72' lang='lat'><strong>4).</strong></span> <span class='ocrx_word' id='word_1_196' title='bbox 563 1807 782 1854; x_wconf 85' lang='lat' dir='ltr'><strong>Ceterum</strong></span> <span class='ocrx_word' id='word_1_197' title='bbox 821 1805 1154 1863; x_wconf 84' lang='lat' dir='ltr'><strong>iudicantibus,</strong></span> <span class='ocrx_word' id='word_1_198' title='bbox 1203 1805 1434 1869; x_wconf 92' lang='lat' dir='ltr'><strong>quomodo</strong></span> <span class='ocrx_word' id='word_1_199' title='bbox 1475 1805 1695 1855; x_wconf 83' lang='lat' dir='ltr'><strong>dominus</strong></span> <span class='ocrx_word' id='word_1_200' title='bbox 1731 1811 1921 1857; x_wconf 88' lang='lat' dir='ltr'><strong>commi-</strong></span> 
     </span>
     <span class='ocr_line' id='line_1_25' title="bbox 314 1874 1919 1941; baseline 0.001 -16"><span class='ocrx_word' id='word_1_201' title='bbox 314 1887 466 1935; x_wconf 88' lang='lat' dir='ltr'><strong>netur,</strong></span> <span class='ocrx_word' id='word_1_202' title='bbox 499 1880 598 1941; x_wconf 83' lang='lat' dir='ltr'><strong>ipse</strong></span> <span class='ocrx_word' id='word_1_203' title='bbox 630 1876 934 1924; x_wconf 89' lang='lat' dir='ltr'><strong>demonstrat.</strong></span> <span class='ocrx_word' id='word_1_204' title='bbox 998 1876 1097 1935; x_wconf 84' lang='lat' dir='ltr'><strong>Quo</strong></span> <span class='ocrx_word' id='word_1_205' title='bbox 1129 1877 1251 1924; x_wconf 89' lang='lat' dir='ltr'><strong>enim</strong></span> <span class='ocrx_word' id='word_1_206' title='bbox 1281 1874 1455 1929; x_wconf 84' lang='lat' dir='ltr'><strong>iudicio</strong></span> <span class='ocrx_word' id='word_1_207' title='bbox 1485 1875 1819 1936; x_wconf 76' lang='lat' dir='ltr'><strong>iudicaveritis,</strong></span> <span class='ocrx_word' id='word_1_208' title='bbox 1850 1881 1919 1927; x_wconf 92' lang='lat' dir='ltr'><strong>iu-</strong></span> 
     </span>
     <span class='ocr_line' id='line_1_26' title="bbox 315 1946 1920 2010; baseline 0.001 -15"><span class='ocrx_word' id='word_1_209' title='bbox 315 1948 548 1996; x_wconf 87' lang='lat' dir='ltr'><strong>dicabitur</strong></span> <span class='ocrx_word' id='word_1_210' title='bbox 577 1947 634 1995; x_wconf 91' lang='lat' dir='ltr'><strong>de</strong></span> <span class='ocrx_word' id='word_1_211' title='bbox 664 1948 797 1995; x_wconf 90' lang='lat' dir='ltr'><strong>vobis</strong></span> <span class='ocrx_word' id='word_1_212' title='bbox 814 1949 876 2008; x_wconf 91' lang='lat'><strong>⁵).</strong></span> <span class='ocrx_word' id='word_1_213' title='bbox 938 1947 1009 1994; x_wconf 91' lang='lat' dir='ltr'><strong>Ita</strong></span> <span class='ocrx_word' id='word_1_214' title='bbox 1047 1963 1139 1993; x_wconf 92' lang='lat' dir='ltr'><strong>non</strong></span> <span class='ocrx_word' id='word_1_215' title='bbox 1168 1946 1406 2010; x_wconf 89' lang='lat' dir='ltr'><strong>prohibuit</strong></span> <span class='ocrx_word' id='word_1_216' title='bbox 1435 1946 1668 2006; x_wconf 90' lang='lat' dir='ltr'><strong>iudicare,</strong></span> <span class='ocrx_word' id='word_1_217' title='bbox 1714 1947 1797 1996; x_wconf 88' lang='lat' dir='ltr'><strong>sed</strong></span> <span class='ocrx_word' id='word_1_218' title='bbox 1835 1948 1920 1998; x_wconf 83' lang='lat' dir='ltr'><strong>do-</strong></span> 
     </span>
     <span class='ocr_line' id='line_1_27' title="bbox 315 2015 1920 2081; baseline 0.001 -16"><span class='ocrx_word' id='word_1_219' title='bbox 315 2020 425 2066; x_wconf 90' lang='lat' dir='ltr'><strong>cuit.</strong></span> <span class='ocrx_word' id='word_1_220' title='bbox 488 2017 619 2065; x_wconf 91' lang='lat' dir='ltr'><strong>Unde</strong></span> <span class='ocrx_word' id='word_1_221' title='bbox 659 2027 707 2065; x_wconf 91' lang='lat' dir='ltr'><strong>et</strong></span> <span class='ocrx_word' id='word_1_222' title='bbox 737 2018 974 2081; x_wconf 86' lang='lat' dir='ltr'><strong>apostolus</strong></span> <span class='ocrx_word' id='word_1_223' title='bbox 1004 2017 1201 2074; x_wconf 88' lang='lat' dir='ltr'><strong>iudicat,</strong></span> <span class='ocrx_word' id='word_1_224' title='bbox 1228 2025 1297 2064; x_wconf 85' lang='lat' dir='ltr'><strong>¹et</strong></span> <span class='ocrx_word' id='word_1_225' title='bbox 1326 2015 1508 2080; x_wconf 90' lang='lat' dir='ltr'><strong>quidem</strong></span> <span class='ocrx_word' id='word_1_226' title='bbox 1545 2018 1592 2064; x_wconf 92' lang='lat' dir='ltr'><strong>in</strong></span> <span class='ocrx_word' id='word_1_227' title='bbox 1630 2034 1793 2066; x_wconf 83' lang='lat' dir='ltr'><strong>caussa</strong></span> <span class='ocrx_word' id='word_1_228' title='bbox 1819 2019 1920 2067; x_wconf 83' lang='lat' dir='ltr'><strong>for-</strong></span> 
     </span>
     <span class='ocr_line' id='line_1_28' title="bbox 313 2086 1914 2146; baseline 0.001 -11"><span class='ocrx_word' id='word_1_229' title='bbox 313 2090 578 2146; x_wconf 89' lang='lat' dir='ltr'><strong>nicationis,</strong></span> <span class='ocrx_word' id='word_1_230' title='bbox 611 2087 873 2136; x_wconf 88' lang='lat' dir='ltr'><strong>dedendum</strong></span> <span class='ocrx_word' id='word_1_231' title='bbox 904 2086 1130 2136; x_wconf 92' lang='lat' dir='ltr'><strong>eiusmodi</strong></span> <span class='ocrx_word' id='word_1_232' title='bbox 1160 2087 1389 2134; x_wconf 85' lang='lat' dir='ltr'><strong>hominem</strong></span> <span class='ocrx_word' id='word_1_233' title='bbox 1406 2096 1596 2135; x_wconf 81' lang='lat' dir='ltr'><strong>satanae</strong></span> <span class='ocrx_word' id='word_1_234' title='bbox 1613 2089 1660 2134; x_wconf 91' lang='lat' dir='ltr'><strong>in</strong></span> <span class='ocrx_word' id='word_1_235' title='bbox 1683 2089 1914 2136; x_wconf 87' lang='lat' dir='ltr'><strong>interitum</strong></span> 
     </span>
     <span class='ocr_line' id='line_1_29' title="bbox 314 2152 1916 2221; baseline 0.001 -16"><span class='ocrx_word' id='word_1_236' title='bbox 314 2160 483 2215; x_wconf 83' lang='lat' dir='ltr'><strong>carniS,</strong></span> <span class='ocrx_word' id='word_1_237' title='bbox 516 2160 763 2221; x_wconf 87' lang='lat' dir='ltr'><strong>increpans</strong></span> <span class='ocrx_word' id='word_1_238' title='bbox 795 2160 949 2215; x_wconf 88' lang='lat' dir='ltr'><strong>etiam,</strong></span> <span class='ocrx_word' id='word_1_239' title='bbox 983 2156 1104 2221; x_wconf 83' lang='lat' dir='ltr'><strong>quod</strong></span> <span class='ocrx_word' id='word_1_240' title='bbox 1135 2158 1318 2204; x_wconf 81' lang='lat' dir='ltr'><strong>fratres</strong></span> <span class='ocrx_word' id='word_1_241' title='bbox 1336 2174 1427 2203; x_wconf 92' lang='lat' dir='ltr'><strong>non</strong></span> <span class='ocrx_word' id='word_1_242' title='bbox 1465 2156 1587 2221; x_wconf 88' lang='lat' dir='ltr'><strong>apud</strong></span> <span class='ocrx_word' id='word_1_243' title='bbox 1623 2168 1810 2205; x_wconf 89' lang='lat' dir='ltr'><strong>sanctos</strong></span> <span class='ocrx_word' id='word_1_244' title='bbox 1847 2152 1916 2206; x_wconf 82' lang='lat' dir='ltr'><strong>iu-</strong></span> 
     </span>
     <span class='ocr_line' id='line_1_30' title="bbox 313 2226 1914 2292; baseline 0.001 -17"><span class='ocrx_word' id='word_1_245' title='bbox 313 2227 597 2275; x_wconf 89' lang='lat' dir='ltr'><strong>dicarentur.</strong></span> <span class='ocrx_word' id='word_1_246' title='bbox 664 2227 906 2274; x_wconf 87' lang='lat' dir='ltr'><strong>Adiieiens</strong></span> <span class='ocrx_word' id='word_1_247' title='bbox 945 2229 1065 2275; x_wconf 91' lang='lat' dir='ltr'><strong>enim</strong></span> <span class='ocrx_word' id='word_1_248' title='bbox 1103 2228 1272 2290; x_wconf 88' lang='lat' dir='ltr'><strong>inquit:</strong></span> <span class='ocrx_word' id='word_1_249' title='bbox 1341 2226 1401 2273; x_wconf 90' lang='lat' dir='ltr'><strong>Ut</strong></span> <span class='ocrx_word' id='word_1_250' title='bbox 1438 2226 1544 2289; x_wconf 90' lang='lat' dir='ltr'><strong>quid</strong></span> <span class='ocrx_word' id='word_1_251' title='bbox 1581 2228 1690 2275; x_wconf 76' lang='lat' dir='ltr'><strong>mihi</strong></span> <span class='ocrx_word' id='word_1_252' title='bbox 1720 2245 1802 2276; x_wconf 92' lang='lat' dir='ltr'><strong>eos</strong></span> <span class='ocrx_word' id='word_1_253' title='bbox 1839 2230 1914 2292; x_wconf 87' lang='lat' dir='ltr'><strong>qui</strong></span> 
     </span>
     <span class='ocr_line' id='line_1_31' title="bbox 310 2296 1914 2354; baseline 0.001 -10"><span class='ocrx_word' id='word_1_254' title='bbox 310 2298 426 2345; x_wconf 85' lang='lat' dir='ltr'><strong>foris</strong></span> <span class='ocrx_word' id='word_1_255' title='bbox 463 2307 567 2345; x_wconf 90' lang='lat' dir='ltr'><strong>sunt</strong></span> <span class='ocrx_word' id='word_1_256' title='bbox 603 2297 812 2345; x_wconf 86' lang='lat' dir='ltr'><strong>iudicare</strong></span> <span class='ocrx_word' id='word_1_257' title='bbox 830 2298 908 2354; x_wconf 77' lang='lat'><strong>⁶)&#39;?</strong></span> <span class='ocrx_word' id='word_1_258' title='bbox 965 2298 1165 2344; x_wconf 83' lang='lat' dir='ltr'><strong>Dimittis</strong></span> <span class='ocrx_word' id='word_1_259' title='bbox 1202 2305 1376 2353; x_wconf 90' lang='lat' dir='ltr'><strong>autem,</strong></span> <span class='ocrx_word' id='word_1_260' title='bbox 1408 2305 1459 2342; x_wconf 92' lang='lat' dir='ltr'><strong>ut</strong></span> <span class='ocrx_word' id='word_1_261' title='bbox 1487 2296 1743 2344; x_wconf 88' lang='lat' dir='ltr'><strong>dimittatur</strong></span> <span class='ocrx_word' id='word_1_262' title='bbox 1779 2299 1914 2345; x_wconf 88' lang='lat' dir='ltr'><strong>tibia</strong></span> 
     </span>
     <span class='ocr_line' id='line_1_32' title="bbox 311 2366 1912 2429; baseline 0 -14"><span class='ocrx_word' id='word_1_263' title='bbox 311 2367 418 2415; x_wconf 89' lang='lat' dir='ltr'><strong>de0.</strong></span> <span class='ocrx_word' id='word_1_264' title='bbox 465 2368 650 2415; x_wconf 90' lang='lat' dir='ltr'><strong>Delicta</strong></span> <span class='ocrx_word' id='word_1_265' title='bbox 680 2366 955 2414; x_wconf 87' lang='lat' dir='ltr'><strong>mundantur</strong></span> <span class='ocrx_word' id='word_1_266' title='bbox 969 2368 1032 2425; x_wconf 79' lang='lat'><strong>⁷),</strong></span> <span class='ocrx_word' id='word_1_267' title='bbox 1067 2381 1182 2429; x_wconf 89' lang='lat' dir='ltr'><strong>quae</strong></span> <span class='ocrx_word' id='word_1_268' title='bbox 1214 2367 1312 2427; x_wconf 88' lang='lat' dir='ltr'><strong>quis</strong></span> <span class='ocrx_word' id='word_1_269' title='bbox 1342 2367 1387 2411; x_wconf 91' lang='lat' dir='ltr'><strong>in</strong></span> <span class='ocrx_word' id='word_1_270' title='bbox 1410 2366 1624 2428; x_wconf 84' lang='lat' dir='ltr'><strong>fratrem,</strong></span> <span class='ocrx_word' id='word_1_271' title='bbox 1656 2384 1747 2413; x_wconf 89' lang='lat' dir='ltr'><strong>non</strong></span> <span class='ocrx_word' id='word_1_272' title='bbox 1778 2367 1912 2416; x_wconf 86' lang='lat' dir='ltr'><strong>deum</strong></span> 
     </span>
     <span class='ocr_line' id='line_1_33' title="bbox 311 2434 1942 2501; baseline -0.001 -15"><span class='ocrx_word' id='word_1_273' title='bbox 311 2437 564 2486; x_wconf 86' lang='lat' dir='ltr'><strong>admiserit.</strong></span> <span class='ocrx_word' id='word_1_274' title='bbox 625 2437 925 2486; x_wconf 91' lang='lat' dir='ltr'><strong>Debitoribus</strong></span> <span class='ocrx_word' id='word_1_275' title='bbox 957 2436 1154 2499; x_wconf 87' lang='lat' dir='ltr'><strong>denique</strong></span> <span class='ocrx_word' id='word_1_276' title='bbox 1195 2434 1463 2482; x_wconf 88' lang='lat' dir='ltr'><strong>dimissuros</strong></span> <span class='ocrx_word' id='word_1_277' title='bbox 1500 2452 1584 2483; x_wconf 92' lang='lat' dir='ltr'><strong>nos</strong></span> <span class='ocrx_word' id='word_1_278' title='bbox 1621 2437 1667 2482; x_wconf 89' lang='lat' dir='ltr'><strong>in</strong></span> <span class='ocrx_word' id='word_1_279' title='bbox 1699 2439 1942 2501; x_wconf 68' lang='lat' dir='ltr'><strong>oratione3</strong></span> 
     </span>
     <span class='ocr_line' id='line_1_34' title="bbox 310 2504 1942 2573; baseline -0.001 -18"><span class='ocrx_word' id='word_1_280' title='bbox 310 2508 596 2573; x_wconf 86' lang='lat' dir='ltr'><strong>profitemur,</strong></span> <span class='ocrx_word' id='word_1_281' title='bbox 629 2506 711 2554; x_wconf 87' lang='lat' dir='ltr'><strong>scd</strong></span> <span class='ocrx_word' id='word_1_282' title='bbox 742 2524 834 2554; x_wconf 92' lang='lat' dir='ltr'><strong>non</strong></span> <span class='ocrx_word' id='word_1_283' title='bbox 866 2506 1004 2555; x_wconf 87' lang='lat' dir='ltr'><strong>decet</strong></span> <span class='ocrx_word' id='word_1_284' title='bbox 1032 2507 1153 2553; x_wconf 88' lang='lat' dir='ltr'><strong>ultra</strong></span> <span class='ocrx_word' id='word_1_285' title='bbox 1183 2504 1239 2552; x_wconf 92' lang='lat' dir='ltr'><strong>de</strong></span> <span class='ocrx_word' id='word_1_286' title='bbox 1272 2506 1549 2553; x_wconf 88' lang='lat' dir='ltr'><strong>auctoritate</strong></span> <span class='ocrx_word' id='word_1_287' title='bbox 1581 2507 1911 2570; x_wconf 85' lang='lat' dir='ltr'><strong>scripturarum</strong></span> <span class='ocrx_word' id='word_1_288' title='bbox 1940 2508 1942 2527; x_wconf 80' lang='lat'>³</span> 
     </span>
     <span class='ocr_line' id='line_1_35' title="bbox 312 2574 1910 2642; baseline 0 -17"><span class='ocrx_word' id='word_1_289' title='bbox 312 2578 536 2626; x_wconf 90' lang='lat' dir='ltr'><strong>eiusmodi</strong></span> <span class='ocrx_word' id='word_1_290' title='bbox 574 2579 727 2624; x_wconf 88' lang='lat' dir='ltr'><strong>funem</strong></span> <span class='ocrx_word' id='word_1_291' title='bbox 767 2575 1102 2627; x_wconf 83' lang='lat' dir='ltr'><strong>contentiosum</strong></span> <span class='ocrx_word' id='word_1_292' title='bbox 1134 2577 1313 2623; x_wconf 89' lang='lat' dir='ltr'><strong>alterno</strong></span> <span class='ocrx_word' id='word_1_293' title='bbox 1345 2574 1484 2642; x_wconf 79' lang='lat' dir='ltr'><strong>ductu</strong></span> <span class='ocrx_word' id='word_1_294' title='bbox 1523 2576 1570 2622; x_wconf 92' lang='lat' dir='ltr'><strong>in</strong></span> <span class='ocrx_word' id='word_1_295' title='bbox 1607 2575 1789 2624; x_wconf 87' lang='lat' dir='ltr'><strong>diversa</strong></span> <span class='ocrx_word' id='word_1_296' title='bbox 1818 2576 1910 2625; x_wconf 89' lang='lat' dir='ltr'><strong>dis-</strong></span> 
     </span>
     <span class='ocr_line' id='line_1_36' title="bbox 311 2644 1909 2710; baseline 0 -15"><span class='ocrx_word' id='word_1_297' title='bbox 311 2648 530 2705; x_wconf 87' lang='lat' dir='ltr'><strong>tendere,</strong></span> <span class='ocrx_word' id='word_1_298' title='bbox 577 2656 629 2694; x_wconf 90' lang='lat' dir='ltr'><strong>ut</strong></span> <span class='ocrx_word' id='word_1_299' title='bbox 658 2649 776 2695; x_wconf 88' lang='lat' dir='ltr'><strong>haec</strong></span> <span class='ocrx_word' id='word_1_300' title='bbox 807 2649 1094 2710; x_wconf 85' lang='lat' dir='ltr'><strong>restringere</strong></span> <span class='ocrx_word' id='word_1_301' title='bbox 1126 2647 1282 2693; x_wconf 86' lang='lat' dir='ltr'><strong>frenos</strong></span> <span class='ocrx_word' id='word_1_302' title='bbox 1313 2644 1609 2709; x_wconf 85' lang='lat' dir='ltr'><strong>disciplinae,</strong></span> <span class='ocrx_word' id='word_1_303' title='bbox 1641 2647 1719 2702; x_wconf 84' lang='lat' dir='ltr'><strong>illa</strong></span> <span class='ocrx_word' id='word_1_304' title='bbox 1749 2647 1909 2695; x_wconf 87' lang='lat' dir='ltr'><strong>laxare</strong></span> 
     </span>
     <span class='ocr_line' id='line_1_37' title="bbox 309 2715 1908 2781; baseline -0.001 -16"><span class='ocrx_word' id='word_1_305' title='bbox 309 2718 536 2776; x_wconf 86' lang='lat' dir='ltr'><strong>videatur,</strong></span> <span class='ocrx_word' id='word_1_306' title='bbox 570 2719 697 2781; x_wconf 89' lang='lat' dir='ltr'><strong>quasi</strong></span> <span class='ocrx_word' id='word_1_307' title='bbox 729 2720 938 2765; x_wconf 86' lang='lat' dir='ltr'><strong>incertae</strong></span> <span class='ocrx_word' id='word_1_308' title='bbox 969 2717 1282 2781; x_wconf 87' lang='lat' dir='ltr'><strong>poenitentiae</strong></span> <span class='ocrx_word' id='word_1_309' title='bbox 1314 2715 1561 2763; x_wconf 89' lang='lat' dir='ltr'><strong>subsidium</strong></span> <span class='ocrx_word' id='word_1_310' title='bbox 1591 2716 1671 2770; x_wconf 89' lang='lat' dir='ltr'><strong>illa</strong></span> <span class='ocrx_word' id='word_1_311' title='bbox 1699 2725 1908 2780; x_wconf 84' lang='lat' dir='ltr'><strong>proster-</strong></span> 
     </span>
     <span class='ocr_line' id='line_1_38' title="bbox 310 2782 1907 2852; baseline 0 -18"><span class='ocrx_word' id='word_1_312' title='bbox 310 2804 423 2836; x_wconf 91' lang='lat' dir='ltr'><strong>nere</strong></span> <span class='ocrx_word' id='word_1_313' title='bbox 454 2803 540 2852; x_wconf 88' lang='lat' dir='ltr'><strong>per</strong></span> <span class='ocrx_word' id='word_1_314' title='bbox 576 2789 834 2846; x_wconf 88' lang='lat' dir='ltr'><strong>lenitatem,</strong></span> <span class='ocrx_word' id='word_1_315' title='bbox 878 2788 997 2835; x_wconf 80' lang='lat' dir='ltr'><strong>haec</strong></span> <span class='ocrx_word' id='word_1_316' title='bbox 1036 2803 1209 2849; x_wconf 87' lang='lat' dir='ltr'><strong>negare</strong></span> <span class='ocrx_word' id='word_1_317' title='bbox 1246 2801 1331 2850; x_wconf 85' lang='lat' dir='ltr'><strong>per</strong></span> <span class='ocrx_word' id='word_1_318' title='bbox 1367 2787 1700 2834; x_wconf 85' lang='lat' dir='ltr'><strong>austeritatem.</strong></span> <span class='ocrx_word' id='word_1_319' title='bbox 1759 2782 1907 2834; x_wconf 87' lang='lat' dir='ltr'><strong>Porro</strong></span> 
     </span>
    </p>
   </div>
   <div class='ocr_carea' id='block_1_4' title="bbox 310 2927 1904 3094">
    <p class='ocr_par' dir='ltr' id='par_1_4' title="bbox 310 2927 1904 3094">
     <span class='ocr_line' id='line_1_39' title="bbox 421 2927 1904 2981; baseline -0.001 -16"><span class='ocrx_word' id='word_1_320' title='bbox 421 2927 467 2981; x_wconf 90' lang='lat'><strong>1)</strong></span> <span class='ocrx_word' id='word_1_321' title='bbox 485 2930 550 2967; x_wconf 85' lang='lat' dir='ltr'><strong>Ps.</strong></span> <span class='ocrx_word' id='word_1_322' title='bbox 570 2931 610 2979; x_wconf 79' lang='lat'><strong>7,</strong></span> <span class='ocrx_word' id='word_1_323' title='bbox 630 2931 694 2968; x_wconf 90' lang='lat'><strong>12.</strong></span> <span class='ocrx_word' id='word_1_324' title='bbox 726 2930 851 2968; x_wconf 82' lang='lat' dir='ltr'><strong>Deut.</strong></span> <span class='ocrx_word' id='word_1_325' title='bbox 868 2931 935 2977; x_wconf 78' lang='lat'><strong>32,</strong></span> <span class='ocrx_word' id='word_1_326' title='bbox 955 2931 1021 2967; x_wconf 83' lang='lat'><strong>39.</strong></span> <span class='ocrx_word' id='word_1_327' title='bbox 1054 2931 1131 2966; x_wconf 75' lang='lat' dir='ltr'><strong>len.</strong></span> <span class='ocrx_word' id='word_1_328' title='bbox 1147 2930 1215 2975; x_wconf 85' lang='lat'><strong>45,</strong></span> <span class='ocrx_word' id='word_1_329' title='bbox 1235 2929 1273 2965; x_wconf 74' lang='lat'><strong>7.</strong></span> <span class='ocrx_word' id='word_1_330' title='bbox 1335 2957 1338 2960; x_wconf 84' lang='lat'><strong>.</strong></span> <span class='ocrx_word' id='word_1_331' title='bbox 1443 2928 1488 2976; x_wconf 85' lang='lat'><strong>2)</strong></span> <span class='ocrx_word' id='word_1_332' title='bbox 1506 2929 1583 2965; x_wconf 88' lang='lat' dir='ltr'><strong>Ier.</strong></span> <span class='ocrx_word' id='word_1_333' title='bbox 1601 2929 1667 2977; x_wconf 83' lang='lat'><strong>14,</strong></span> <span class='ocrx_word' id='word_1_334' title='bbox 1692 2928 1742 2964; x_wconf 85' lang='lat'><strong>11</strong></span> <span class='ocrx_word' id='word_1_335' title='bbox 1760 2938 1821 2975; x_wconf 71' lang='lat' dir='ltr'><strong>sq.</strong></span> <span class='ocrx_word' id='word_1_336' title='bbox 1839 2929 1904 2976; x_wconf 86' lang='lat'><strong>11,</strong></span> 
     </span>
     <span class='ocr_line' id='line_1_40' title="bbox 310 2983 1903 3033; baseline 0 -12"><span class='ocrx_word' id='word_1_337' title='bbox 310 2986 376 3022; x_wconf 83' lang='lat'><strong>14.</strong></span> <span class='ocrx_word' id='word_1_338' title='bbox 394 2987 433 3032; x_wconf 78' lang='lat'><strong>7,</strong></span> <span class='ocrx_word' id='word_1_339' title='bbox 453 2988 502 3022; x_wconf 86' lang='lat'><strong>15</strong></span> <span class='ocrx_word' id='word_1_340' title='bbox 521 2997 578 3032; x_wconf 69' lang='lat' dir='ltr'><strong>sq.</strong></span> <span class='ocrx_word' id='word_1_341' title='bbox 722 2986 764 3033; x_wconf 85' lang='lat'><strong>3)</strong></span> <span class='ocrx_word' id='word_1_342' title='bbox 782 2986 913 3025; x_wconf 84' lang='lat' dir='ltr'><strong>Exod.</strong></span> <span class='ocrx_word' id='word_1_343' title='bbox 933 2988 999 3033; x_wconf 85' lang='lat'><strong>20,</strong></span> <span class='ocrx_word' id='word_1_344' title='bbox 1018 2989 1053 3022; x_wconf 89' lang='lat'><strong>5.</strong></span> <span class='ocrx_word' id='word_1_345' title='bbox 1085 2986 1174 3022; x_wconf 87' lang='lat' dir='ltr'><strong>Gal.</strong></span> <span class='ocrx_word' id='word_1_346' title='bbox 1193 2988 1232 3031; x_wconf 83' lang='lat'><strong>6,</strong></span> <span class='ocrx_word' id='word_1_347' title='bbox 1251 2986 1287 3021; x_wconf 83' lang='grc'><strong>7.</strong></span> <span class='ocrx_word' id='word_1_348' title='bbox 1429 2983 1474 3032; x_wconf 88' lang='grc'><strong>4)</strong></span> <span class='ocrx_word' id='word_1_349' title='bbox 1491 2985 1567 3022; x_wconf 77' lang='lat' dir='ltr'><strong>les.</strong></span> <span class='ocrx_word' id='word_1_350' title='bbox 1591 2985 1658 3032; x_wconf 80' lang='lat'><strong>42,</strong></span> <span class='ocrx_word' id='word_1_351' title='bbox 1678 2985 1730 3021; x_wconf 91' lang='grc'><strong>14</strong></span> <span class='ocrx_word' id='word_1_352' title='bbox 1753 2994 1812 3031; x_wconf 71' lang='lat' dir='ltr'><strong>sq.</strong></span> <span class='ocrx_word' id='word_1_353' title='bbox 1840 2983 1903 3021; x_wconf 68' lang='lat' dir='ltr'><strong>Pa.</strong></span> 
     </span>
     <span class='ocr_line' id='line_1_41' title="bbox 311 3037 1902 3094; baseline -0.002 -16"><span class='ocrx_word' id='word_1_354' title='bbox 311 3044 378 3090; x_wconf 82' lang='lat'><strong>96,</strong></span> <span class='ocrx_word' id='word_1_355' title='bbox 397 3043 435 3079; x_wconf 81' lang='grc'><strong>3.</strong></span> <span class='ocrx_word' id='word_1_356' title='bbox 466 3042 615 3080; x_wconf 75' lang='lat' dir='ltr'><strong>Matth.</strong></span> <span class='ocrx_word' id='word_1_357' title='bbox 635 3044 702 3088; x_wconf 91' lang='lat'><strong>10,</strong></span> <span class='ocrx_word' id='word_1_358' title='bbox 719 3044 784 3080; x_wconf 87' lang='lat'><strong>28.</strong></span> <span class='ocrx_word' id='word_1_359' title='bbox 927 3040 971 3094; x_wconf 87' lang='lat'><strong>5)</strong></span> <span class='ocrx_word' id='word_1_360' title='bbox 992 3042 1197 3088; x_wconf 55' lang='lat' dir='ltr'><strong>Manu-1,</strong></span> <span class='ocrx_word' id='word_1_361' title='bbox 1219 3043 1256 3076; x_wconf 87' lang='lat'><strong>2.</strong></span> <span class='ocrx_word' id='word_1_362' title='bbox 1412 3037 1460 3092; x_wconf 82' lang='lat'><strong>6)</strong></span> <span class='ocrx_word' id='word_1_363' title='bbox 1478 3041 1501 3076; x_wconf 92' lang='lat'><strong>1</strong></span> <span class='ocrx_word' id='word_1_364' title='bbox 1520 3041 1612 3078; x_wconf 87' lang='lat' dir='ltr'><strong>cor.</strong></span> <span class='ocrx_word' id='word_1_365' title='bbox 1639 3042 1677 3088; x_wconf 83' lang='lat'><strong>5,</strong></span> <span class='ocrx_word' id='word_1_366' title='bbox 1702 3041 1725 3077; x_wconf 77' lang='lat'><strong>3</strong></span> <span class='ocrx_word' id='word_1_367' title='bbox 1750 3051 1808 3085; x_wconf 63' lang='grc' dir='ltr'><strong>ις.</strong></span> <span class='ocrx_word' id='word_1_368' title='bbox 1840 3040 1902 3075; x_wconf 83' lang='lat'><strong>12.</strong></span> 
     </span>
    </p>
   </div>
   <div class='ocr_carea' id='block_1_5' title="bbox 308 3094 1901 3203">
    <p class='ocr_par' dir='ltr' id='par_1_5' title="bbox 308 3094 1901 3203">
     <span class='ocr_line' id='line_1_42' title="bbox 311 3094 1901 3154; baseline -0.002 -20"><span class='ocrx_word' id='word_1_369' title='bbox 311 3099 394 3145; x_wconf 83' lang='lat'><strong>6,1</strong></span> <span class='ocrx_word' id='word_1_370' title='bbox 413 3108 499 3144; x_wconf 83' lang='lat' dir='ltr'><strong>sqq.</strong></span> <span class='ocrx_word' id='word_1_371' title='bbox 650 3098 694 3146; x_wconf 80' lang='lat'><strong>7)</strong></span> <span class='ocrx_word' id='word_1_372' title='bbox 721 3098 970 3141; x_wconf 73' lang='lat' dir='ltr'><strong>Ciacconius</strong></span> <span class='ocrx_word' id='word_1_373' title='bbox 997 3097 1154 3136; x_wconf 86' lang='lat' dir='ltr'><strong>emend.</strong></span> <span class='ocrx_word' id='word_1_374' title='bbox 1185 3095 1394 3134; x_wconf 81' lang='lat' dir='ltr'><strong>Dimitti</strong></span> <span class='ocrx_word' id='word_1_375' title='bbox 1421 3098 1610 3146; x_wconf 70' lang='lat' dir='ltr'><strong>autem,</strong></span> <span class='ocrx_word' id='word_1_376' title='bbox 1649 3097 1699 3134; x_wconf 71' lang='lat' dir='ltr'><strong>ut</strong></span> <span class='ocrx_word' id='word_1_377' title='bbox 1730 3094 1901 3154; x_wconf 76' lang='lat' dir='ltr'><strong>dimit·</strong></span> 
     </span>
     <span class='ocr_line' id='line_1_43' title="bbox 308 3153 1394 3203; baseline -0.001 -12"><span class='ocrx_word' id='word_1_378' title='bbox 308 3156 490 3191; x_wconf 76' lang='lat' dir='ltr'><strong>tantur</strong></span> <span class='ocrx_word' id='word_1_379' title='bbox 520 3153 617 3191; x_wconf 85' lang='lat' dir='ltr'><strong>tibi</strong></span> <span class='ocrx_word' id='word_1_380' title='bbox 650 3165 673 3191; x_wconf 78' lang='lat' dir='ltr'><strong>a</strong></span> <span class='ocrx_word' id='word_1_381' title='bbox 705 3155 816 3203; x_wconf 83' lang='lat' dir='ltr'><strong>deo,</strong></span> <span class='ocrx_word' id='word_1_382' title='bbox 848 3153 1044 3192; x_wconf 77' lang='lat' dir='ltr'><strong>delicta.</strong></span> <span class='ocrx_word' id='word_1_383' title='bbox 1073 3153 1394 3192; x_wconf 72' lang='lat' dir='ltr'><strong>mandantur.</strong></span> 
     </span>
    </p>
   </div>
  </div>
 </body>
</html>
