<?xml version="1.0" encoding="UTF-8"?>
<!DOCTYPE html PUBLIC "-//W3C//DTD XHTML 1.0 Transitional//EN"
    "http://www.w3.org/TR/xhtml1/DTD/xhtml1-transitional.dtd">
<html xmlns="http://www.w3.org/1999/xhtml" xml:lang="en" lang="en">
 <head>
  <title>
</title>
<meta http-equiv="Content-Type" content="text/html;charset=utf-8" />
  <meta name='ocr-system' content='tesseract 3.04.00' />
  <meta name='ocr-capabilities' content='ocr_page ocr_carea ocr_par ocr_line ocrx_word'/>
</head>
<body>
  <div class='ocr_page' id='page_1' title='image "./operatert12tertuoft_0206.png"; bbox 0 0 1942 3554; ppageno 0'>
   <div class='ocr_carea' id='block_1_1' title="bbox 1088 0 1939 167">
    <p class='ocr_par' dir='ltr' id='par_1_1' title="bbox 1088 0 1939 167">
     <span class='ocr_line' id='line_1_1' title="bbox 1263 0 1889 25; baseline -0.002 -4"><span class='ocrx_word' id='word_1_1' title='bbox 1263 20 1265 25; x_wconf 85' lang='grc'><em>,</em></span> <span class='ocrx_word' id='word_1_2' title='bbox 1365 13 1370 24; x_wconf 71' lang='lat'>,</span> <span class='ocrx_word' id='word_1_3' title='bbox 1458 11 1459 16; x_wconf 58' lang='lat'>¹</span> <span class='ocrx_word' id='word_1_4' title='bbox 1522 0 1529 5; x_wconf 62' lang='lat'><em>³</em></span> <span class='ocrx_word' id='word_1_5' title='bbox 1566 21 1573 24; x_wconf 70' lang='grc'>,</span> <span class='ocrx_word' id='word_1_6' title='bbox 1675 0 1735 21; x_wconf 42' lang='lat' dir='ltr'>‘st</span> <span class='ocrx_word' id='word_1_7' title='bbox 1839 0 1889 20; x_wconf 34' lang='grc' dir='ltr'>’.μδ</span> 
     </span>
     <span class='ocr_line' id='line_1_2' title="bbox 1088 0 1937 132; baseline 0.013 -68"><span class='ocrx_word' id='word_1_8' title='bbox 1088 43 1098 64; x_wconf 76' lang='lat' dir='ltr'><em>e</em></span> <span class='ocrx_word' id='word_1_9' title='bbox 1781 33 1793 41; x_wconf 50' lang='lat'>⁴⁷</span> <span class='ocrx_word' id='word_1_10' title='bbox 1874 0 1937 132; x_wconf 50' lang='grc' dir='ltr'>ξ</span> 
     </span>
     <span class='ocr_line' id='line_1_3' title="bbox 1543 125 1939 167; baseline -0.013 -26"><span class='ocrx_word' id='word_1_11' title='bbox 1543 140 1556 143; x_wconf 32' lang='grc' dir='ltr'>γ,</span> <span class='ocrx_word' id='word_1_12' title='bbox 1643 125 1647 128; x_wconf 49' lang='lat'><em>-</em></span> <span class='ocrx_word' id='word_1_13' title='bbox 1690 158 1700 161; x_wconf 30' lang='lat' dir='ltr'><strong>b</strong></span> <span class='ocrx_word' id='word_1_14' title='bbox 1904 127 1939 167; x_wconf 25' lang='grc' dir='ltr'>ἐκ]</span> 
     </span>
    </p>
   </div>
   <div class='ocr_carea' id='block_1_2' title="bbox 329 194 1529 246">
    <p class='ocr_par' dir='ltr' id='par_1_2' title="bbox 329 194 1529 246">
     <span class='ocr_line' id='line_1_4' title="bbox 329 194 1529 246; baseline -0.001 -14"><span class='ocrx_word' id='word_1_15' title='bbox 329 195 438 246; x_wconf 71' lang='lat'>194</span> <span class='ocrx_word' id='word_1_16' title='bbox 788 194 1529 236; x_wconf 72' lang='lat' dir='ltr'>nEconoNAwm&#39;rls.</span> 
     </span>
    </p>
   </div>
   <div class='ocr_carea' id='block_1_3' title="bbox 314 326 1942 2995">
    <p class='ocr_par' dir='ltr' id='par_1_3' title="bbox 317 326 1942 1735">
     <span class='ocr_line' id='line_1_5' title="bbox 327 326 1942 400; baseline -0.002 -15"><span class='ocrx_word' id='word_1_17' title='bbox 327 336 538 385; x_wconf 84' lang='lat' dir='ltr'>Christus</span> <span class='ocrx_word' id='word_1_18' title='bbox 568 333 826 393; x_wconf 67' lang='lat' dir='ltr'>vestietur,</span> <span class='ocrx_word' id='word_1_19' title='bbox 868 332 1060 383; x_wconf 85' lang='lat' dir='ltr'>habebit</span> <span class='ocrx_word' id='word_1_20' title='bbox 1098 334 1236 383; x_wconf 84' lang='lat' dir='ltr'>etiam</span> <span class='ocrx_word' id='word_1_21' title='bbox 1274 332 1490 396; x_wconf 73' lang='lat' dir='ltr'>penulam</span> <span class='ocrx_word' id='word_1_22' title='bbox 1522 331 1705 387; x_wconf 82' lang='lat' dir='ltr'>Paulus.</span> <span class='ocrx_word' id='word_1_23' title='bbox 1732 333 1780 400; x_wconf 73' lang='lat'>¹)</span> <span class='ocrx_word' id='word_1_24' title='bbox 1812 332 1865 385; x_wconf 83' lang='lat' dir='ltr'>Si</span> <span class='ocrx_word' id='word_1_25' title='bbox 1889 326 1942 397; x_wconf 51' lang='grc' dir='ltr'>φὶ</span> 
     </span>
     <span class='ocr_line' id='line_1_6' title="bbox 326 403 1942 470; baseline 0.002 -19"><span class='ocrx_word' id='word_1_26' title='bbox 326 405 687 467; x_wconf 76' lang='lat' dir='ltr'>uniuscuiusque</span> <span class='ocrx_word' id='word_1_27' title='bbox 706 403 1046 467; x_wconf 84' lang='lat' dir='ltr'>suppellectilis</span> <span class='ocrx_word' id='word_1_28' title='bbox 1064 411 1113 451; x_wconf 90' lang='lat' dir='ltr'>et</span> <span class='ocrx_word' id='word_1_29' title='bbox 1129 403 1417 467; x_wconf 78' lang='lat' dir='ltr'>singulorum</span> <span class='ocrx_word' id='word_1_30' title='bbox 1435 403 1726 454; x_wconf 79' lang='lat' dir='ltr'>vasculorum</span> <span class='ocrx_word' id='word_1_31' title='bbox 1743 405 1942 470; x_wconf 54' lang='lat' dir='ltr'>aliquem</span> 
     </span>
     <span class='ocr_line' id='line_1_7' title="bbox 323 464 1942 538; baseline 0.001 -15"><span class='ocrx_word' id='word_1_32' title='bbox 323 492 383 523; x_wconf 87' lang='lat' dir='ltr'>ex</span> <span class='ocrx_word' id='word_1_33' title='bbox 442 473 531 523; x_wconf 83' lang='lat' dir='ltr'>diis</span> <span class='ocrx_word' id='word_1_34' title='bbox 598 474 748 522; x_wconf 87' lang='lat' dir='ltr'>seculi</span> <span class='ocrx_word' id='word_1_35' title='bbox 809 482 1051 523; x_wconf 84' lang='lat' dir='ltr'>auctorem</span> <span class='ocrx_word' id='word_1_36' title='bbox 1110 475 1371 532; x_wconf 73' lang='lat' dir='ltr'>nominant,</span> <span class='ocrx_word' id='word_1_37' title='bbox 1432 483 1694 538; x_wconf 71' lang='lat' dir='ltr'>agnoscant</span> <span class='ocrx_word' id='word_1_38' title='bbox 1745 464 1942 538; x_wconf 52' lang='lat' dir='ltr'>necess}</span> 
     </span>
     <span class='ocr_line' id='line_1_8' title="bbox 324 543 1942 609; baseline 0.001 -16"><span class='ocrx_word' id='word_1_39' title='bbox 324 554 397 593; x_wconf 86' lang='lat' dir='ltr'>cst</span> <span class='ocrx_word' id='word_1_40' title='bbox 437 553 485 593; x_wconf 90' lang='lat' dir='ltr'>et</span> <span class='ocrx_word' id='word_1_41' title='bbox 530 543 881 594; x_wconf 81' lang='lat' dir='ltr'><strong>recumbentem</strong></span> <span class='ocrx_word' id='word_1_42' title='bbox 921 545 966 592; x_wconf 91' lang='lat' dir='ltr'>in</span> <span class='ocrx_word' id='word_1_43' title='bbox 1007 545 1179 593; x_wconf 88' lang='lat' dir='ltr'>lectulo</span> <span class='ocrx_word' id='word_1_44' title='bbox 1213 543 1468 602; x_wconf 80' lang='lat' dir='ltr'>Christum,</span> <span class='ocrx_word' id='word_1_45' title='bbox 1521 553 1569 594; x_wconf 87' lang='lat' dir='ltr'>et</span> <span class='ocrx_word' id='word_1_46' title='bbox 1613 561 1716 592; x_wconf 91' lang='lat' dir='ltr'>cum</span> <span class='ocrx_word' id='word_1_47' title='bbox 1761 545 1942 609; x_wconf 65' lang='lat' dir='ltr'>pelvem</span> 
     </span>
     <span class='ocr_line' id='line_1_9' title="bbox 322 606 1942 682; baseline 0 -19"><span class='ocrx_word' id='word_1_48' title='bbox 322 614 657 678; x_wconf 82' lang='lat' dir='ltr'>discipulorum</span> <span class='ocrx_word' id='word_1_49' title='bbox 702 613 900 678; x_wconf 89' lang='lat' dir='ltr'>pedibus</span> <span class='ocrx_word' id='word_1_50' title='bbox 962 614 1122 672; x_wconf 87' lang='lat' dir='ltr'>offert,</span> <span class='ocrx_word' id='word_1_51' title='bbox 1183 623 1231 661; x_wconf 92' lang='lat' dir='ltr'>et</span> <span class='ocrx_word' id='word_1_52' title='bbox 1291 631 1394 665; x_wconf 88' lang='lat' dir='ltr'>cum</span> <span class='ocrx_word' id='word_1_53' title='bbox 1451 631 1618 678; x_wconf 80' lang='lat' dir='ltr'>aquam</span> <span class='ocrx_word' id='word_1_54' title='bbox 1678 631 1739 662; x_wconf 87' lang='lat' dir='ltr'>ex</span> <span class='ocrx_word' id='word_1_55' title='bbox 1795 606 1942 682; x_wconf 48' lang='lat' dir='ltr'>ures}</span> 
     </span>
     <span class='ocr_line' id='line_1_10' title="bbox 319 683 1942 749; baseline -0.001 -16"><span class='ocrx_word' id='word_1_56' title='bbox 319 686 516 748; x_wconf 83' lang='lat' dir='ltr'>ingerit,</span> <span class='ocrx_word' id='word_1_57' title='bbox 572 693 620 734; x_wconf 91' lang='lat' dir='ltr'>et</span> <span class='ocrx_word' id='word_1_58' title='bbox 665 701 767 732; x_wconf 90' lang='lat' dir='ltr'>cum</span> <span class='ocrx_word' id='word_1_59' title='bbox 815 685 959 732; x_wconf 92' lang='lat' dir='ltr'>linteo</span> <span class='ocrx_word' id='word_1_60' title='bbox 1007 685 1448 748; x_wconf 80' lang='lat' dir='ltr'>circumstringitur,</span> <span class='ocrx_word' id='word_1_61' title='bbox 1501 685 1695 749; x_wconf 77' lang='lat' dir='ltr'>propria</span> <span class='ocrx_word' id='word_1_62' title='bbox 1747 683 1942 742; x_wconf 49' lang='lat' dir='ltr'>Osiri&amp;</span> 
     </span>
     <span class='ocr_line' id='line_1_11' title="bbox 319 751 1933 819; baseline 0 -17"><span class='ocrx_word' id='word_1_63' title='bbox 319 763 467 803; x_wconf 90' lang='lat' dir='ltr'>veste.</span> <span class='ocrx_word' id='word_1_64' title='bbox 557 753 830 804; x_wconf 84' lang='lat' dir='ltr'><strong>Huiusmodi</strong></span> <span class='ocrx_word' id='word_1_65' title='bbox 876 756 1140 818; x_wconf 87' lang='lat' dir='ltr'>quaestioni</span> <span class='ocrx_word' id='word_1_66' title='bbox 1186 757 1255 802; x_wconf 91' lang='lat' dir='ltr'>sic</span> <span class='ocrx_word' id='word_1_67' title='bbox 1300 754 1471 818; x_wconf 85' lang='lat' dir='ltr'>ubique</span> <span class='ocrx_word' id='word_1_68' title='bbox 1517 754 1808 819; x_wconf 71' lang='lat' dir='ltr'>respondeo,</span> <span class='ocrx_word' id='word_1_69' title='bbox 1860 751 1933 812; x_wconf 60' lang='lat' dir='ltr'>ad-</span> 
     </span>
     <span class='ocr_line' id='line_1_12' title="bbox 319 824 1942 889; baseline 0.001 -18"><span class='ocrx_word' id='word_1_70' title='bbox 319 827 507 872; x_wconf 89' lang='lat' dir='ltr'>mittens</span> <span class='ocrx_word' id='word_1_71' title='bbox 554 824 739 888; x_wconf 84' lang='lat' dir='ltr'>quidem</span> <span class='ocrx_word' id='word_1_72' title='bbox 793 826 1058 873; x_wconf 81' lang='lat' dir='ltr'><strong>utensilium</strong></span> <span class='ocrx_word' id='word_1_73' title='bbox 1106 826 1501 884; x_wconf 83' lang='lat' dir='ltr'>communionem,</span> <span class='ocrx_word' id='word_1_74' title='bbox 1553 825 1638 872; x_wconf 87' lang='lat' dir='ltr'>sed</span> <span class='ocrx_word' id='word_1_75' title='bbox 1681 831 1942 889; x_wconf 45' lang='lat' dir='ltr'>provocas*-</span> 
     </span>
     <span class='ocr_line' id='line_1_13' title="bbox 319 893 1942 959; baseline -0.001 -16"><span class='ocrx_word' id='word_1_76' title='bbox 319 912 423 944; x_wconf 86' lang='lat' dir='ltr'>eam</span> <span class='ocrx_word' id='word_1_77' title='bbox 468 893 528 942; x_wconf 87' lang='lat' dir='ltr'>ad</span> <span class='ocrx_word' id='word_1_78' title='bbox 573 896 871 943; x_wconf 83' lang='lat' dir='ltr'>rationalium</span> <span class='ocrx_word' id='word_1_79' title='bbox 925 905 974 943; x_wconf 92' lang='lat' dir='ltr'>et</span> <span class='ocrx_word' id='word_1_80' title='bbox 1024 896 1363 943; x_wconf 80' lang='lat' dir='ltr'>irrationalium</span> <span class='ocrx_word' id='word_1_81' title='bbox 1419 895 1789 954; x_wconf 76' lang='lat' dir='ltr'>distinctionem,</span> <span class='ocrx_word' id='word_1_82' title='bbox 1837 897 1942 959; x_wconf 61' lang='lat' dir='ltr'>quis</span> 
     </span>
     <span class='ocr_line' id='line_1_14' title="bbox 318 964 1928 1030; baseline 0 -17"><span class='ocrx_word' id='word_1_83' title='bbox 318 966 565 1030; x_wconf 85' lang='lat' dir='ltr'>passivitas</span> <span class='ocrx_word' id='word_1_84' title='bbox 611 966 730 1013; x_wconf 86' lang='lat' dir='ltr'>fallit</span> <span class='ocrx_word' id='word_1_85' title='bbox 782 966 1062 1014; x_wconf 86' lang='lat' dir='ltr'>obumbrans</span> <span class='ocrx_word' id='word_1_86' title='bbox 1117 966 1431 1030; x_wconf 84' lang='lat' dir='ltr'>corruptelam</span> <span class='ocrx_word' id='word_1_87' title='bbox 1485 964 1793 1024; x_wconf 89' lang='lat' dir='ltr'>conditionis,</span> <span class='ocrx_word' id='word_1_88' title='bbox 1854 982 1928 1030; x_wconf 55' lang='lat' dir='ltr'>qm</span> 
     </span>
     <span class='ocr_line' id='line_1_15' title="bbox 318 1034 1933 1100; baseline -0.001 -16"><span class='ocrx_word' id='word_1_89' title='bbox 318 1036 531 1084; x_wconf 87' lang='lat' dir='ltr'>subiecta</span> <span class='ocrx_word' id='word_1_90' title='bbox 577 1045 649 1083; x_wconf 91' lang='lat' dir='ltr'>est</span> <span class='ocrx_word' id='word_1_91' title='bbox 693 1037 900 1083; x_wconf 75' lang='lat' dir='ltr'>vanitati.</span> <span class='ocrx_word' id='word_1_92' title='bbox 990 1035 1200 1084; x_wconf 90' lang='lat' dir='ltr'>Dicimus</span> <span class='ocrx_word' id='word_1_93' title='bbox 1254 1037 1374 1083; x_wconf 92' lang='lat' dir='ltr'>enim</span> <span class='ocrx_word' id='word_1_94' title='bbox 1422 1051 1478 1084; x_wconf 88' lang='lat' dir='ltr'>ea</span> <span class='ocrx_word' id='word_1_95' title='bbox 1524 1034 1706 1085; x_wconf 85' lang='lat' dir='ltr'>demum</span> <span class='ocrx_word' id='word_1_96' title='bbox 1759 1045 1822 1083; x_wconf 78' lang='lat' dir='ltr'>et·</span> <span class='ocrx_word' id='word_1_97' title='bbox 1859 1049 1933 1100; x_wconf 97' lang='lat' dir='ltr'>Q</span> 
     </span>
     <span class='ocr_line' id='line_1_16' title="bbox 320 1105 1942 1170; baseline 0 -17"><span class='ocrx_word' id='word_1_98' title='bbox 320 1107 430 1154; x_wconf 88' lang='lat' dir='ltr'>stris</span> <span class='ocrx_word' id='word_1_99' title='bbox 478 1115 526 1153; x_wconf 89' lang='lat' dir='ltr'>et</span> <span class='ocrx_word' id='word_1_100' title='bbox 562 1107 853 1170; x_wconf 85' lang='lat' dir='ltr'>superiorum</span> <span class='ocrx_word' id='word_1_101' title='bbox 900 1106 1057 1154; x_wconf 88' lang='lat' dir='ltr'>usibus</span> <span class='ocrx_word' id='word_1_102' title='bbox 1103 1116 1151 1154; x_wconf 90' lang='lat' dir='ltr'>et</span> <span class='ocrx_word' id='word_1_103' title='bbox 1202 1106 1279 1153; x_wconf 86' lang='lat' dir='ltr'>dei</span> <span class='ocrx_word' id='word_1_104' title='bbox 1329 1106 1470 1154; x_wconf 85' lang='lat' dir='ltr'>rebus</span> <span class='ocrx_word' id='word_1_105' title='bbox 1523 1115 1571 1152; x_wconf 91' lang='lat' dir='ltr'>et</span> <span class='ocrx_word' id='word_1_106' title='bbox 1622 1107 1708 1169; x_wconf 87' lang='lat' dir='ltr'>ipsi</span> <span class='ocrx_word' id='word_1_107' title='bbox 1755 1105 1942 1160; x_wconf 64' lang='lat' dir='ltr'>Christis·</span> 
     </span>
     <span class='ocr_line' id='line_1_17' title="bbox 320 1174 1933 1240; baseline -0.001 -16"><span class='ocrx_word' id='word_1_108' title='bbox 320 1177 619 1240; x_wconf 91' lang='lat' dir='ltr'>competisse,</span> <span class='ocrx_word' id='word_1_109' title='bbox 654 1192 772 1240; x_wconf 89' lang='lat' dir='ltr'>quae</span> <span class='ocrx_word' id='word_1_110' title='bbox 803 1192 958 1224; x_wconf 89' lang='lat' dir='ltr'>meras</span> <span class='ocrx_word' id='word_1_111' title='bbox 988 1176 1214 1224; x_wconf 83' lang='lat' dir='ltr'>utilitates</span> <span class='ocrx_word' id='word_1_112' title='bbox 1247 1185 1294 1223; x_wconf 92' lang='lat' dir='ltr'>et</span> <span class='ocrx_word' id='word_1_113' title='bbox 1325 1184 1456 1224; x_wconf 85' lang='lat' dir='ltr'>certa</span> <span class='ocrx_word' id='word_1_114' title='bbox 1485 1174 1692 1225; x_wconf 88' lang='lat' dir='ltr'>subsidia</span> <span class='ocrx_word' id='word_1_115' title='bbox 1717 1185 1766 1224; x_wconf 90' lang='lat' dir='ltr'>et</span> <span class='ocrx_word' id='word_1_116' title='bbox 1796 1176 1933 1233; x_wconf 60' lang='lat' dir='ltr'>hom*</span> 
     </span>
     <span class='ocr_line' id='line_1_18' title="bbox 321 1245 1942 1310; baseline -0.003 -16"><span class='ocrx_word' id='word_1_117' title='bbox 321 1255 391 1294; x_wconf 90' lang='lat' dir='ltr'>sta</span> <span class='ocrx_word' id='word_1_118' title='bbox 423 1247 591 1294; x_wconf 87' lang='lat' dir='ltr'>solatia</span> <span class='ocrx_word' id='word_1_119' title='bbox 623 1247 911 1294; x_wconf 89' lang='lat' dir='ltr'>necessariis</span> <span class='ocrx_word' id='word_1_120' title='bbox 943 1247 1067 1294; x_wconf 83' lang='lat' dir='ltr'>vitae</span> <span class='ocrx_word' id='word_1_121' title='bbox 1098 1247 1327 1294; x_wconf 88' lang='lat' dir='ltr'>humanae</span> <span class='ocrx_word' id='word_1_122' title='bbox 1352 1254 1630 1310; x_wconf 87' lang='lat' dir='ltr'>procurent,</span> <span class='ocrx_word' id='word_1_123' title='bbox 1662 1254 1712 1295; x_wconf 89' lang='lat' dir='ltr'>ut</span> <span class='ocrx_word' id='word_1_124' title='bbox 1742 1245 1798 1293; x_wconf 87' lang='lat' dir='ltr'>ab</span> <span class='ocrx_word' id='word_1_125' title='bbox 1838 1247 1942 1310; x_wconf 35' lang='grc' dir='ltr'>ἱρῇ..-</span> 
     </span>
     <span class='ocr_line' id='line_1_19' title="bbox 319 1316 1942 1380; baseline -0.001 -16"><span class='ocrx_word' id='word_1_126' title='bbox 319 1316 410 1364; x_wconf 91' lang='lat' dir='ltr'>deo</span> <span class='ocrx_word' id='word_1_127' title='bbox 459 1317 685 1380; x_wconf 89' lang='lat' dir='ltr'>inspirata</span> <span class='ocrx_word' id='word_1_128' title='bbox 731 1316 1007 1374; x_wconf 86' lang='lat' dir='ltr'>credantur,</span> <span class='ocrx_word' id='word_1_129' title='bbox 1059 1318 1285 1380; x_wconf 87' lang='lat' dir='ltr'>propiore</span> <span class='ocrx_word' id='word_1_130' title='bbox 1329 1316 1374 1379; x_wconf 84' lang='lat'>²)</span> <span class='ocrx_word' id='word_1_131' title='bbox 1420 1324 1732 1380; x_wconf 87' lang='lat' dir='ltr'>prospectore</span> <span class='ocrx_word' id='word_1_132' title='bbox 1778 1325 1828 1363; x_wconf 86' lang='lat' dir='ltr'>et</span> <span class='ocrx_word' id='word_1_133' title='bbox 1871 1317 1942 1372; x_wconf 56' lang='lat' dir='ltr'>ins</span> 
     </span>
     <span class='ocr_line' id='line_1_20' title="bbox 317 1387 1942 1455; baseline 0 -21"><span class='ocrx_word' id='word_1_134' title='bbox 317 1396 558 1435; x_wconf 89' lang='lat' dir='ltr'>structore</span> <span class='ocrx_word' id='word_1_135' title='bbox 592 1396 641 1435; x_wconf 89' lang='lat' dir='ltr'>et</span> <span class='ocrx_word' id='word_1_136' title='bbox 673 1387 992 1445; x_wconf 86' lang='lat' dir='ltr'>oblectatore,</span> <span class='ocrx_word' id='word_1_137' title='bbox 1026 1389 1065 1435; x_wconf 93' lang='lat' dir='ltr'>si</span> <span class='ocrx_word' id='word_1_138' title='bbox 1103 1388 1256 1446; x_wconf 81' lang='lat' dir='ltr'>forte,</span> <span class='ocrx_word' id='word_1_139' title='bbox 1297 1387 1495 1435; x_wconf 90' lang='lat' dir='ltr'>hominis</span> <span class='ocrx_word' id='word_1_140' title='bbox 1533 1387 1631 1447; x_wconf 84' lang='lat' dir='ltr'>sui3</span> <span class='ocrx_word' id='word_1_141' title='bbox 1674 1402 1794 1451; x_wconf 83' lang='lat' dir='ltr'>quae</span> <span class='ocrx_word' id='word_1_142' title='bbox 1826 1389 1942 1455; x_wconf 93' lang='lat' dir='ltr'>vQ</span> 
     </span>
     <span class='ocr_line' id='line_1_21' title="bbox 317 1452 1942 1516; baseline 0 -11"><span class='ocrx_word' id='word_1_143' title='bbox 317 1459 439 1505; x_wconf 91' lang='lat' dir='ltr'>hunc</span> <span class='ocrx_word' id='word_1_144' title='bbox 488 1457 700 1506; x_wconf 80' lang='lat' dir='ltr'>ordinem</span> <span class='ocrx_word' id='word_1_145' title='bbox 747 1459 1064 1516; x_wconf 86' lang='lat' dir='ltr'>excesserint,</span> <span class='ocrx_word' id='word_1_146' title='bbox 1113 1474 1171 1506; x_wconf 89' lang='lat' dir='ltr'>ea</span> <span class='ocrx_word' id='word_1_147' title='bbox 1216 1474 1308 1504; x_wconf 92' lang='lat' dir='ltr'>non</span> <span class='ocrx_word' id='word_1_148' title='bbox 1356 1458 1612 1506; x_wconf 87' lang='lat' dir='ltr'>convenire</span> <span class='ocrx_word' id='word_1_149' title='bbox 1657 1456 1818 1504; x_wconf 89' lang='lat' dir='ltr'>usibus</span> <span class='ocrx_word' id='word_1_150' title='bbox 1854 1452 1942 1513; x_wconf 59' lang='grc' dir='ltr'>ὧι·</span> 
     </span>
     <span class='ocr_line' id='line_1_22' title="bbox 317 1519 1942 1596; baseline -0.001 -21"><span class='ocrx_word' id='word_1_151' title='bbox 317 1529 451 1586; x_wconf 89' lang='lat' dir='ltr'>stris,</span> <span class='ocrx_word' id='word_1_152' title='bbox 491 1529 772 1591; x_wconf 86' lang='lat' dir='ltr'>praesertim</span> <span class='ocrx_word' id='word_1_153' title='bbox 806 1544 923 1592; x_wconf 89' lang='lat' dir='ltr'>quae</span> <span class='ocrx_word' id='word_1_154' title='bbox 958 1538 1212 1592; x_wconf 83' lang='lat' dir='ltr'>propterea</span> <span class='ocrx_word' id='word_1_155' title='bbox 1242 1528 1430 1575; x_wconf 88' lang='lat' dir='ltr'>scilicet</span> <span class='ocrx_word' id='word_1_156' title='bbox 1457 1543 1547 1575; x_wconf 92' lang='lat' dir='ltr'>nec</span> <span class='ocrx_word' id='word_1_157' title='bbox 1579 1525 1701 1591; x_wconf 88' lang='lat' dir='ltr'>apud</span> <span class='ocrx_word' id='word_1_158' title='bbox 1731 1519 1942 1596; x_wconf 49' lang='lat' dir='ltr'>seeulffirs]</span> 
     </span>
     <span class='ocr_line' id='line_1_23' title="bbox 317 1596 1942 1661; baseline -0.001 -16"><span class='ocrx_word' id='word_1_159' title='bbox 317 1614 407 1646; x_wconf 90' lang='lat' dir='ltr'>nec</span> <span class='ocrx_word' id='word_1_160' title='bbox 453 1599 501 1644; x_wconf 90' lang='lat' dir='ltr'>in</span> <span class='ocrx_word' id='word_1_161' title='bbox 562 1597 640 1646; x_wconf 91' lang='lat' dir='ltr'>dei</span> <span class='ocrx_word' id='word_1_162' title='bbox 699 1598 840 1645; x_wconf 86' lang='lat' dir='ltr'>rebus</span> <span class='ocrx_word' id='word_1_163' title='bbox 902 1614 990 1646; x_wconf 89' lang='lat' dir='ltr'>nec</span> <span class='ocrx_word' id='word_1_164' title='bbox 1050 1600 1097 1645; x_wconf 90' lang='lat' dir='ltr'>in</span> <span class='ocrx_word' id='word_1_165' title='bbox 1150 1598 1586 1646; x_wconf 81' lang='lat' dir='ltr'>conversationibus</span> <span class='ocrx_word' id='word_1_166' title='bbox 1638 1596 1814 1645; x_wconf 89' lang='lat' dir='ltr'>Christi</span> <span class='ocrx_word' id='word_1_167' title='bbox 1862 1608 1942 1661; x_wconf 53' lang='grc' dir='ltr'>ιβ]</span> 
     </span>
     <span class='ocr_line' id='line_1_24' title="bbox 317 1670 1901 1735; baseline 0.001 -20"><span class='ocrx_word' id='word_1_168' title='bbox 317 1670 548 1732; x_wconf 79' lang='lat' dir='ltr'>cognosci</span> <span class='ocrx_word' id='word_1_169' title='bbox 579 1677 667 1716; x_wconf 89' lang='lat' dir='ltr'>est.</span> <span class='ocrx_word' id='word_1_170' title='bbox 1878 1689 1901 1735; x_wconf 56' lang='grc' dir='ltr'>,ς</span> 
     </span>
    </p>

    <p class='ocr_par' dir='ltr' id='par_1_4' title="bbox 314 1736 1942 2995">
     <span class='ocr_line' id='line_1_25' title="bbox 458 1736 1942 1807; baseline -0.001 -22"><span class='ocrx_word' id='word_1_171' title='bbox 458 1742 505 1790; x_wconf 85' lang='grc'>9.</span> <span class='ocrx_word' id='word_1_172' title='bbox 583 1739 696 1797; x_wconf 86' lang='lat' dir='ltr'>Quis</span> <span class='ocrx_word' id='word_1_173' title='bbox 742 1737 946 1802; x_wconf 88' lang='lat' dir='ltr'>denique</span> <span class='ocrx_word' id='word_1_174' title='bbox 990 1738 1309 1801; x_wconf 83' lang='lat' dir='ltr'>patriarches,</span> <span class='ocrx_word' id='word_1_175' title='bbox 1358 1739 1459 1801; x_wconf 86' lang='lat' dir='ltr'>quis</span> <span class='ocrx_word' id='word_1_176' title='bbox 1502 1737 1782 1800; x_wconf 85' lang='lat' dir='ltr'>prophetes,</span> <span class='ocrx_word' id='word_1_177' title='bbox 1837 1736 1942 1807; x_wconf 48' lang='grc' dir='ltr'>φῇς</span> 
     </span>
     <span class='ocr_line' id='line_1_26' title="bbox 315 1805 1942 1880; baseline 0 -25"><span class='ocrx_word' id='word_1_178' title='bbox 315 1809 484 1855; x_wconf 90' lang='lat' dir='ltr'>levites</span> <span class='ocrx_word' id='word_1_179' title='bbox 515 1817 595 1855; x_wconf 88' lang='lat' dir='ltr'>aut</span> <span class='ocrx_word' id='word_1_180' title='bbox 625 1808 874 1866; x_wconf 83' lang='lat' dir='ltr'>sacerdos,</span> <span class='ocrx_word' id='word_1_181' title='bbox 907 1816 987 1855; x_wconf 84' lang='lat' dir='ltr'>aut</span> <span class='ocrx_word' id='word_1_182' title='bbox 1016 1809 1216 1863; x_wconf 89' lang='lat' dir='ltr'>archon,</span> <span class='ocrx_word' id='word_1_183' title='bbox 1251 1808 1351 1871; x_wconf 89' lang='lat' dir='ltr'>quis</span> <span class='ocrx_word' id='word_1_184' title='bbox 1375 1807 1449 1854; x_wconf 91' lang='lat' dir='ltr'>vel</span> <span class='ocrx_word' id='word_1_185' title='bbox 1473 1815 1642 1870; x_wconf 89' lang='lat' dir='ltr'>postea</span> <span class='ocrx_word' id='word_1_186' title='bbox 1666 1805 1942 1880; x_wconf 54' lang='lat' dir='ltr'>Apostqu</span> 
     </span>
     <span class='ocr_line' id='line_1_27' title="bbox 315 1878 1942 1946; baseline -0.001 -21"><span class='ocrx_word' id='word_1_187' title='bbox 315 1887 396 1925; x_wconf 90' lang='lat' dir='ltr'>aut</span> <span class='ocrx_word' id='word_1_188' title='bbox 429 1878 803 1941; x_wconf 84' lang='lat' dir='ltr'>evangelizator,</span> <span class='ocrx_word' id='word_1_189' title='bbox 845 1887 925 1925; x_wconf 90' lang='lat' dir='ltr'>aut</span> <span class='ocrx_word' id='word_1_190' title='bbox 957 1879 1206 1942; x_wconf 89' lang='lat' dir='ltr'>episcopus</span> <span class='ocrx_word' id='word_1_191' title='bbox 1237 1878 1475 1925; x_wconf 89' lang='lat' dir='ltr'>invenitur</span> <span class='ocrx_word' id='word_1_192' title='bbox 1506 1879 1790 1927; x_wconf 74' lang='lat' dir='ltr'>coronatus?</span> <span class='ocrx_word' id='word_1_193' title='bbox 1826 1885 1942 1946; x_wconf 34' lang='lat' dir='ltr'>pigra</span> 
     </span>
     <span class='ocr_line' id='line_1_28' title="bbox 314 1946 1932 2013; baseline 0 -18"><span class='ocrx_word' id='word_1_194' title='bbox 314 1965 404 1996; x_wconf 91' lang='lat' dir='ltr'>nec</span> <span class='ocrx_word' id='word_1_195' title='bbox 442 1949 590 2013; x_wconf 90' lang='lat' dir='ltr'>ipsum</span> <span class='ocrx_word' id='word_1_196' title='bbox 631 1947 707 1996; x_wconf 87' lang='lat' dir='ltr'>dei</span> <span class='ocrx_word' id='word_1_197' title='bbox 746 1949 991 2013; x_wconf 88' lang='lat' dir='ltr'>templum,</span> <span class='ocrx_word' id='word_1_198' title='bbox 1025 1964 1113 1996; x_wconf 91' lang='lat' dir='ltr'>nec</span> <span class='ocrx_word' id='word_1_199' title='bbox 1137 1964 1249 1995; x_wconf 88' lang='lat' dir='ltr'>arca</span> <span class='ocrx_word' id='word_1_200' title='bbox 1279 1948 1572 2005; x_wconf 80' lang='lat' dir='ltr'>testamenti,</span> <span class='ocrx_word' id='word_1_201' title='bbox 1603 1962 1694 1995; x_wconf 88' lang='lat' dir='ltr'>nec</span> <span class='ocrx_word' id='word_1_202' title='bbox 1719 1946 1932 2010; x_wconf 39' lang='lat' dir='ltr'>tabet-jafi</span> 
     </span>
     <span class='ocr_line' id='line_1_29' title="bbox 315 2017 1903 2088; baseline -0.001 -22"><span class='ocrx_word' id='word_1_203' title='bbox 315 2020 468 2067; x_wconf 93' lang='lat' dir='ltr'>culum</span> <span class='ocrx_word' id='word_1_204' title='bbox 487 2020 717 2083; x_wconf 85' lang='lat' dir='ltr'>martyrii,</span> <span class='ocrx_word' id='word_1_205' title='bbox 750 2034 839 2067; x_wconf 90' lang='lat' dir='ltr'>nec</span> <span class='ocrx_word' id='word_1_206' title='bbox 871 2019 1037 2077; x_wconf 88' lang='lat' dir='ltr'>altare,</span> <span class='ocrx_word' id='word_1_207' title='bbox 1071 2035 1159 2066; x_wconf 91' lang='lat' dir='ltr'>nec</span> <span class='ocrx_word' id='word_1_208' title='bbox 1187 2017 1545 2078; x_wconf 80' lang='lat' dir='ltr'>candelabrum3</span> <span class='ocrx_word' id='word_1_209' title='bbox 1581 2017 1747 2082; x_wconf 88' lang='lat' dir='ltr'>quibus</span> <span class='ocrx_word' id='word_1_210' title='bbox 1777 2017 1903 2088; x_wconf 48' lang='lat'><em>¹¹1³&amp;</em></span> 
     </span>
     <span class='ocr_line' id='line_1_30' title="bbox 316 2086 1931 2152; baseline -0.001 -16"><span class='ocrx_word' id='word_1_211' title='bbox 316 2098 365 2136; x_wconf 89' lang='lat' dir='ltr'>et</span> <span class='ocrx_word' id='word_1_212' title='bbox 395 2090 440 2136; x_wconf 92' lang='lat' dir='ltr'>in</span> <span class='ocrx_word' id='word_1_213' title='bbox 471 2090 620 2152; x_wconf 83' lang='lat' dir='ltr'>prima</span> <span class='ocrx_word' id='word_1_214' title='bbox 651 2087 964 2136; x_wconf 86' lang='lat' dir='ltr'>dedicationis</span> <span class='ocrx_word' id='word_1_215' title='bbox 1004 2089 1341 2146; x_wconf 85' lang='lat' dir='ltr'>sollemnitate,</span> <span class='ocrx_word' id='word_1_216' title='bbox 1381 2098 1430 2135; x_wconf 93' lang='lat' dir='ltr'>et</span> <span class='ocrx_word' id='word_1_217' title='bbox 1467 2089 1513 2135; x_wconf 91' lang='lat' dir='ltr'>in</span> <span class='ocrx_word' id='word_1_218' title='bbox 1553 2086 1761 2136; x_wconf 86' lang='lat' dir='ltr'>secunda</span> <span class='ocrx_word' id='word_1_219' title='bbox 1799 2086 1931 2142; x_wconf 49' lang='grc' dir='ltr'>ναῶ*</span> 
     </span>
     <span class='ocr_line' id='line_1_31' title="bbox 316 2150 1901 2222; baseline -0.001 -17"><span class='ocrx_word' id='word_1_220' title='bbox 316 2159 509 2205; x_wconf 90' lang='lat' dir='ltr'>tutionis</span> <span class='ocrx_word' id='word_1_221' title='bbox 555 2159 871 2222; x_wconf 87' lang='lat' dir='ltr'>gratulatione</span> <span class='ocrx_word' id='word_1_222' title='bbox 919 2160 1223 2222; x_wconf 89' lang='lat' dir='ltr'>competisset</span> <span class='ocrx_word' id='word_1_223' title='bbox 1255 2160 1497 2216; x_wconf 87' lang='lat' dir='ltr'>coronari,</span> <span class='ocrx_word' id='word_1_224' title='bbox 1538 2159 1579 2206; x_wconf 91' lang='lat' dir='ltr'>si</span> <span class='ocrx_word' id='word_1_225' title='bbox 1618 2156 1806 2222; x_wconf 84' lang='lat' dir='ltr'>dignum</span> <span class='ocrx_word' id='word_1_226' title='bbox 1844 2150 1901 2218; x_wconf 64' lang='lat' dir='ltr'>de</span> 
     </span>
     <span class='ocr_line' id='line_1_32' title="bbox 316 2222 1920 2304; baseline 0 -29"><span class='ocrx_word' id='word_1_227' title='bbox 316 2237 460 2276; x_wconf 89' lang='lat' dir='ltr'>esset.</span> <span class='ocrx_word' id='word_1_228' title='bbox 534 2227 711 2292; x_wconf 89' lang='lat' dir='ltr'>Atquin</span> <span class='ocrx_word' id='word_1_229' title='bbox 744 2230 783 2276; x_wconf 91' lang='lat' dir='ltr'>si</span> <span class='ocrx_word' id='word_1_230' title='bbox 815 2229 994 2292; x_wconf 86' lang='lat' dir='ltr'>figurae</span> <span class='ocrx_word' id='word_1_231' title='bbox 1027 2238 1217 2276; x_wconf 85' lang='lat' dir='ltr'>nostrae</span> <span class='ocrx_word' id='word_1_232' title='bbox 1249 2230 1464 2288; x_wconf 82' lang='lat' dir='ltr'>fuer-unt3</span> <span class='ocrx_word' id='word_1_233' title='bbox 1506 2245 1593 2276; x_wconf 89' lang='lat' dir='ltr'>nos</span> <span class='ocrx_word' id='word_1_234' title='bbox 1625 2229 1750 2281; x_wconf 89' lang='lat' dir='ltr'>enim</span> <span class='ocrx_word' id='word_1_235' title='bbox 1780 2222 1920 2304; x_wconf 46' lang='lat' dir='ltr'>surge</span> 
     </span>
     <span class='ocr_line' id='line_1_33' title="bbox 319 2298 1904 2371; baseline -0.001 -25"><span class='ocrx_word' id='word_1_236' title='bbox 319 2308 367 2346; x_wconf 87' lang='lat' dir='ltr'>et</span> <span class='ocrx_word' id='word_1_237' title='bbox 401 2299 572 2362; x_wconf 85' lang='lat' dir='ltr'>templa</span> <span class='ocrx_word' id='word_1_238' title='bbox 604 2298 682 2345; x_wconf 87' lang='lat' dir='ltr'>dei</span> <span class='ocrx_word' id='word_1_239' title='bbox 714 2307 763 2345; x_wconf 89' lang='lat' dir='ltr'>et</span> <span class='ocrx_word' id='word_1_240' title='bbox 791 2300 958 2347; x_wconf 89' lang='lat' dir='ltr'>altaria</span> <span class='ocrx_word' id='word_1_241' title='bbox 996 2308 1043 2346; x_wconf 90' lang='lat' dir='ltr'>et</span> <span class='ocrx_word' id='word_1_242' title='bbox 1075 2299 1320 2346; x_wconf 88' lang='lat' dir='ltr'>luminaria</span> <span class='ocrx_word' id='word_1_243' title='bbox 1359 2307 1408 2345; x_wconf 90' lang='lat' dir='ltr'>et</span> <span class='ocrx_word' id='word_1_244' title='bbox 1445 2315 1576 2346; x_wconf 81' lang='lat' dir='ltr'>vasa:</span> <span class='ocrx_word' id='word_1_245' title='bbox 1617 2299 1711 2347; x_wconf 83' lang='lat' dir='ltr'>hoe</span> <span class='ocrx_word' id='word_1_246' title='bbox 1749 2307 1904 2371; x_wconf 51' lang='lat' dir='ltr'>quoq</span> 
     </span>
     <span class='ocr_line' id='line_1_34' title="bbox 318 2367 1896 2433; baseline -0.001 -17"><span class='ocrx_word' id='word_1_247' title='bbox 318 2369 517 2433; x_wconf 82' lang='lat' dir='ltr'>figurate</span> <span class='ocrx_word' id='word_1_248' title='bbox 549 2367 918 2432; x_wconf 86' lang='lat' dir='ltr'>portendebant,</span> <span class='ocrx_word' id='word_1_249' title='bbox 958 2369 1171 2416; x_wconf 86' lang='lat' dir='ltr'>homines</span> <span class='ocrx_word' id='word_1_250' title='bbox 1204 2368 1281 2416; x_wconf 87' lang='lat' dir='ltr'>dei</span> <span class='ocrx_word' id='word_1_251' title='bbox 1314 2369 1533 2415; x_wconf 88' lang='lat' dir='ltr'>coronari</span> <span class='ocrx_word' id='word_1_252' title='bbox 1565 2384 1658 2415; x_wconf 91' lang='lat' dir='ltr'>non</span> <span class='ocrx_word' id='word_1_253' title='bbox 1690 2376 1896 2431; x_wconf 54' lang='lat' dir='ltr'>oporte*</span> 
     </span>
     <span class='ocr_line' id='line_1_35' title="bbox 317 2437 1894 2503; baseline 0 -16"><span class='ocrx_word' id='word_1_254' title='bbox 317 2439 514 2502; x_wconf 83' lang='lat' dir='ltr'>Imagini</span> <span class='ocrx_word' id='word_1_255' title='bbox 547 2440 721 2488; x_wconf 85' lang='lat' dir='ltr'>veritas</span> <span class='ocrx_word' id='word_1_256' title='bbox 751 2438 1042 2503; x_wconf 86' lang='lat' dir='ltr'>respondere</span> <span class='ocrx_word' id='word_1_257' title='bbox 1075 2437 1280 2486; x_wconf 89' lang='lat' dir='ltr'>debebit.</span> <span class='ocrx_word' id='word_1_258' title='bbox 1358 2437 1455 2485; x_wconf 88' lang='lat' dir='ltr'>Sed</span> <span class='ocrx_word' id='word_1_259' title='bbox 1494 2439 1691 2487; x_wconf 82' lang='lat' dir='ltr'>forsitan</span> <span class='ocrx_word' id='word_1_260' title='bbox 1724 2450 1894 2503; x_wconf 56' lang='lat' dir='ltr'>oppoq</span> 
     </span>
     <span class='ocr_line' id='line_1_36' title="bbox 317 2507 1923 2573; baseline 0 -17"><span class='ocrx_word' id='word_1_261' title='bbox 317 2512 463 2573; x_wconf 89' lang='lat' dir='ltr'>ipsum</span> <span class='ocrx_word' id='word_1_262' title='bbox 497 2509 731 2561; x_wconf 80' lang='lat' dir='ltr'>Christum</span> <span class='ocrx_word' id='word_1_263' title='bbox 764 2519 1051 2559; x_wconf 87' lang='lat' dir='ltr'>coronatum.</span> <span class='ocrx_word' id='word_1_264' title='bbox 1133 2507 1209 2556; x_wconf 86' lang='lat' dir='ltr'>Ad</span> <span class='ocrx_word' id='word_1_265' title='bbox 1247 2509 1337 2556; x_wconf 80' lang='lat' dir='ltr'>hoc</span> <span class='ocrx_word' id='word_1_266' title='bbox 1375 2508 1588 2556; x_wconf 78' lang='lat' dir='ltr'>breviter</span> <span class='ocrx_word' id='word_1_267' title='bbox 1625 2509 1811 2556; x_wconf 87' lang='lat' dir='ltr'>interim</span> <span class='ocrx_word' id='word_1_268' title='bbox 1832 2521 1892 2565; x_wconf 68' lang='lat' dir='ltr'>ffl</span> <span class='ocrx_word' id='word_1_269' title='bbox 1917 2507 1923 2569; x_wconf 22' lang='grc' dir='ltr'><em>ᾗ</em></span> 
     </span>
     <span class='ocr_line' id='line_1_37' title="bbox 322 2577 1915 2640; baseline -0.003 -13"><span class='ocrx_word' id='word_1_270' title='bbox 322 2579 451 2628; x_wconf 83' lang='lat' dir='ltr'>dies:</span> <span class='ocrx_word' id='word_1_271' title='bbox 495 2579 575 2628; x_wconf 91' lang='lat' dir='ltr'>Sic</span> <span class='ocrx_word' id='word_1_272' title='bbox 608 2591 656 2628; x_wconf 91' lang='lat' dir='ltr'>et</span> <span class='ocrx_word' id='word_1_273' title='bbox 686 2590 735 2628; x_wconf 91' lang='lat' dir='ltr'>tu</span> <span class='ocrx_word' id='word_1_274' title='bbox 768 2597 1018 2639; x_wconf 81' lang='lat' dir='ltr'>coronare,</span> <span class='ocrx_word' id='word_1_275' title='bbox 1058 2589 1108 2627; x_wconf 90' lang='lat' dir='ltr'>et</span> <span class='ocrx_word' id='word_1_276' title='bbox 1137 2579 1311 2626; x_wconf 90' lang='lat' dir='ltr'>licitum</span> <span class='ocrx_word' id='word_1_277' title='bbox 1345 2588 1432 2627; x_wconf 88' lang='lat' dir='ltr'>est.</span> <span class='ocrx_word' id='word_1_278' title='bbox 1491 2578 1663 2627; x_wconf 82' lang='lat' dir='ltr'>Tamen</span> <span class='ocrx_word' id='word_1_279' title='bbox 1696 2594 1787 2629; x_wconf 79' lang='lat' dir='ltr'>nec</span> <span class='ocrx_word' id='word_1_280' title='bbox 1811 2577 1915 2640; x_wconf 53' lang='lat' dir='ltr'>ilfi!</span> 
     </span>
     <span class='ocr_line' id='line_1_38' title="bbox 318 2642 1888 2715; baseline -0.002 -18"><span class='ocrx_word' id='word_1_281' title='bbox 318 2652 571 2715; x_wconf 86' lang='lat' dir='ltr'>impietatis</span> <span class='ocrx_word' id='word_1_282' title='bbox 616 2652 985 2700; x_wconf 86' lang='lat' dir='ltr'>contumeliosae</span> <span class='ocrx_word' id='word_1_283' title='bbox 1023 2666 1246 2699; x_wconf 86' lang='lat' dir='ltr'>coronam</span> <span class='ocrx_word' id='word_1_284' title='bbox 1285 2649 1485 2713; x_wconf 91' lang='lat' dir='ltr'>populus.</span> <span class='ocrx_word' id='word_1_285' title='bbox 1520 2649 1774 2702; x_wconf 60' lang='lat' dir='ltr'>conscivit.⁶</span> <span class='ocrx_word' id='word_1_286' title='bbox 1840 2642 1888 2715; x_wconf 64' lang='grc' dir='ltr'>ζξι</span> 
     </span>
     <span class='ocr_line' id='line_1_39' title="bbox 319 2703 1887 2783; baseline 0.001 -16"><span class='ocrx_word' id='word_1_287' title='bbox 319 2738 558 2769; x_wconf 87' lang='lat' dir='ltr'>manorum</span> <span class='ocrx_word' id='word_1_288' title='bbox 605 2722 797 2771; x_wconf 91' lang='lat' dir='ltr'>militum</span> <span class='ocrx_word' id='word_1_289' title='bbox 852 2730 1160 2770; x_wconf 90' lang='lat' dir='ltr'>commentum</span> <span class='ocrx_word' id='word_1_290' title='bbox 1206 2720 1293 2766; x_wconf 83' lang='lat' dir='ltr'>fuit</span> <span class='ocrx_word' id='word_1_291' title='bbox 1339 2735 1399 2767; x_wconf 85' lang='lat' dir='ltr'>ex</span> <span class='ocrx_word' id='word_1_292' title='bbox 1442 2736 1526 2767; x_wconf 87' lang='lat' dir='ltr'>usu</span> <span class='ocrx_word' id='word_1_293' title='bbox 1571 2719 1644 2766; x_wconf 83' lang='lat' dir='ltr'>rei</span> <span class='ocrx_word' id='word_1_294' title='bbox 1687 2703 1887 2783; x_wconf 49' lang='lat' dir='ltr'>seculafl</span> 
     </span>
     <span class='ocr_line' id='line_1_40' title="bbox 322 2786 1919 2856; baseline 0.001 -20"><span class='ocrx_word' id='word_1_295' title='bbox 322 2807 456 2853; x_wconf 86' lang='lat' dir='ltr'>quem</span> <span class='ocrx_word' id='word_1_296' title='bbox 489 2791 684 2856; x_wconf 82' lang='lat' dir='ltr'>populus</span> <span class='ocrx_word' id='word_1_297' title='bbox 718 2792 794 2841; x_wconf 86' lang='lat' dir='ltr'>dei</span> <span class='ocrx_word' id='word_1_298' title='bbox 827 2809 915 2841; x_wconf 91' lang='lat' dir='ltr'>nec</span> <span class='ocrx_word' id='word_1_299' title='bbox 947 2791 1162 2856; x_wconf 86' lang='lat' dir='ltr'>publicae</span> <span class='ocrx_word' id='word_1_300' title='bbox 1195 2806 1393 2853; x_wconf 88' lang='lat' dir='ltr'>unquam</span> <span class='ocrx_word' id='word_1_301' title='bbox 1424 2790 1633 2838; x_wconf 78' lang='lat' dir='ltr'>laetitiae</span> <span class='ocrx_word' id='word_1_302' title='bbox 1671 2803 1759 2837; x_wconf 87' lang='lat' dir='ltr'>nec</span> <span class='ocrx_word' id='word_1_303' title='bbox 1798 2786 1919 2853; x_wconf 43' lang='lat' dir='ltr'>iubs</span> 
     </span>
     <span class='ocr_line' id='line_1_41' title="bbox 320 2856 1883 2923; baseline 0.001 -18"><span class='ocrx_word' id='word_1_304' title='bbox 320 2862 443 2906; x_wconf 90' lang='lat' dir='ltr'>nitae</span> <span class='ocrx_word' id='word_1_305' title='bbox 471 2862 683 2910; x_wconf 88' lang='lat' dir='ltr'>luxuriae</span> <span class='ocrx_word' id='word_1_306' title='bbox 710 2866 895 2910; x_wconf 88' lang='lat' dir='ltr'>nomine</span> <span class='ocrx_word' id='word_1_307' title='bbox 920 2861 1119 2919; x_wconf 87' lang='lat' dir='ltr'>admisit,</span> <span class='ocrx_word' id='word_1_308' title='bbox 1145 2861 1330 2907; x_wconf 85' lang='lat' dir='ltr'>facilius</span> <span class='ocrx_word' id='word_1_309' title='bbox 1355 2877 1458 2907; x_wconf 85' lang='lat' dir='ltr'>cum</span> <span class='ocrx_word' id='word_1_310' title='bbox 1482 2860 1714 2923; x_wconf 88' lang='lat' dir='ltr'>tympanis</span> <span class='ocrx_word' id='word_1_311' title='bbox 1733 2867 1780 2906; x_wconf 92' lang='lat' dir='ltr'>et</span> <span class='ocrx_word' id='word_1_312' title='bbox 1803 2856 1883 2910; x_wconf 61' lang='lat' dir='ltr'>tiss</span> 
     </span>
     <span class='ocr_line' id='line_1_42' title="bbox 320 2920 1882 2995; baseline 0 -20"><span class='ocrx_word' id='word_1_313' title='bbox 320 2939 369 2975; x_wconf 93' lang='lat' dir='ltr'>et</span> <span class='ocrx_word' id='word_1_314' title='bbox 395 2931 632 2993; x_wconf 86' lang='lat' dir='ltr'>psalteriis</span> <span class='ocrx_word' id='word_1_315' title='bbox 656 2943 903 2982; x_wconf 88' lang='lat' dir='ltr'>revertens</span> <span class='ocrx_word' id='word_1_316' title='bbox 930 2932 988 2980; x_wconf 88' lang='lat' dir='ltr'>de</span> <span class='ocrx_word' id='word_1_317' title='bbox 1020 2931 1290 2995; x_wconf 86' lang='lat' dir='ltr'>captivitate</span> <span class='ocrx_word' id='word_1_318' title='bbox 1316 2929 1628 2994; x_wconf 85' lang='lat' dir='ltr'>Babyloniae,</span> <span class='ocrx_word' id='word_1_319' title='bbox 1662 2945 1794 2992; x_wconf 86' lang='lat' dir='ltr'>quam</span> <span class='ocrx_word' id='word_1_320' title='bbox 1826 2920 1882 2994; x_wconf 55' lang='grc' dir='ltr'>«ᾖ</span> 
     </span>
    </p>
   </div>
   <div class='ocr_carea' id='block_1_4' title="bbox 1897 1964 1942 3554">
    <p class='ocr_par' dir='ltr' id='par_1_5' title="bbox 1897 1964 1942 3554">
     <span class='ocr_line' id='line_1_43' title="bbox 1915 1964 1942 2255; baseline 0 -63"><span class='ocrx_word' id='word_1_321' title='bbox 1915 1964 1942 2255; x_wconf 95' lang='lat' dir='ltr'>    </span> 
     </span>
     <span class='ocr_line' id='line_1_44' title="bbox 1905 2255 1942 2407; baseline 0 -62"><span class='ocrx_word' id='word_1_322' title='bbox 1905 2255 1942 2407; x_wconf 95' lang='lat' dir='ltr'>  </span> 
     </span>
     <span class='ocr_line' id='line_1_45' title="bbox 1897 2407 1942 3554; baseline 0 0"><span class='ocrx_word' id='word_1_323' title='bbox 1897 2407 1942 3554; x_wconf 95' lang='lat' dir='ltr'>   </span> 
     </span>
    </p>
   </div>
   <div class='ocr_carea' id='block_1_5' title="bbox 435 3139 1696 3193">
    <p class='ocr_par' dir='ltr' id='par_1_6' title="bbox 435 3139 1696 3193">
     <span class='ocr_line' id='line_1_46' title="bbox 435 3139 1696 3193; baseline -0.006 -10"><span class='ocrx_word' id='word_1_324' title='bbox 435 3141 479 3191; x_wconf 91' lang='grc'>1)</span> <span class='ocrx_word' id='word_1_325' title='bbox 511 3145 535 3180; x_wconf 83' lang='grc'>2</span> <span class='ocrx_word' id='word_1_326' title='bbox 568 3144 672 3181; x_wconf 86' lang='lat' dir='ltr'>Tim.</span> <span class='ocrx_word' id='word_1_327' title='bbox 706 3147 750 3193; x_wconf 80' lang='lat'>4,</span> <span class='ocrx_word' id='word_1_328' title='bbox 787 3147 850 3182; x_wconf 87' lang='lat'>13.</span> <span class='ocrx_word' id='word_1_329' title='bbox 967 3146 1010 3192; x_wconf 83' lang='lat'>2)</span> <span class='ocrx_word' id='word_1_330' title='bbox 1043 3143 1191 3191; x_wconf 83' lang='lat' dir='ltr'>Rigalt.</span> <span class='ocrx_word' id='word_1_331' title='bbox 1226 3145 1267 3178; x_wconf 82' lang='lat' dir='ltr'>et</span> <span class='ocrx_word' id='word_1_332' title='bbox 1297 3141 1476 3179; x_wconf 77' lang='lat' dir='ltr'>Semler:</span> <span class='ocrx_word' id='word_1_333' title='bbox 1508 3139 1696 3188; x_wconf 80' lang='lat' dir='ltr'>priore.</span> 
     </span>
    </p>
   </div>
   <div class='ocr_carea' id='block_1_6' title="bbox 1823 3444 1856 3487">
    <p class='ocr_par' dir='ltr' id='par_1_7' title="bbox 1823 3444 1856 3487">
     <span class='ocr_line' id='line_1_47' title="bbox 1823 3444 1856 3487; textangle 90"><span class='ocrx_word' id='word_1_334' title='bbox 1823 3459 1855 3487; x_wconf 71' lang='grc' dir='ltr'>.ῗί</span> <span class='ocrx_word' id='word_1_335' title='bbox 1841 3444 1856 3450; x_wconf 84' lang='grc'>-.</span> 
     </span>
    </p>
   </div>
  </div>
 </body>
</html>
