1942 3554
315 228 325 261 ς
572 193 656 230 DE
687 192 1136 232 SPEGTAGULIS.
1609 193 1699 242 15·

34 347 215 391 *gemes
245 335 357 384 illuc
390 333 669 400 deputandi,
711 332 834 381 unde
867 342 915 380 et
945 342 1182 398 petuntur,
1218 332 1326 382 inde
1358 334 1674 399 inquinantur,

31 409 168 465 unde
213 416 469 455 sumuntur.
542 404 663 453 Nam
710 413 759 451 et
802 405 981 451 rivulus
1027 405 1182 453 tenuis
1230 420 1290 452 ex
1329 422 1413 452 suo
1455 406 1586 453 fonte
1627 417 1676 455 et

29 479 260 530 surculus
289 477 500 527 modicus
525 493 586 525 ex
609 493 691 523 sua
717 475 888 523 fronde
914 476 1184 541 qualitatem
1212 476 1412 540 originis
1437 479 1667 526 continet.

41 550 234 602 Viderit
275 549 465 599 ambitio
512 549 612 596 sive
658 546 904 610 frugalitas
952 548 1077 605 eiuS,
1135 546 1259 611 quod
1299 547 1434 595 deum
1475 548 1673 597 offendit

27 621 382 688 „qualiscunque
420 635 589 685 pompa
635 619 777 666 circi:
848 618 936 665 etsi
981 633 1131 681 pauca
1179 619 1431 666 simulacra
1471 621 1674 668 circum-

27 692 288 751 ³ferat‚‘in
334 707 426 739 uno
465 689 734 737 idololatria
780 697 877 747 est,
936 689 1026 736 etsi
1066 705 1200 736 unam
1249 690 1459 736 thensam
1499 691 1670 749 trahat,

26 763 169 813 sslov‘is
198 771 355 810 tamen
386 761 641 826 plaustrum
681 769 775 818 est,
823 759 1018 824 quaevis
1058 758 1328 807 idololatria
1368 759 1560 808 sordide
1602 763 1672 808 in-

24 838 219 884 structa
241 833 317 881 vel
343 831 528 880 modice
555 831 782 895 locuples,
817 829 1062 894 splendida
1088 840 1160 877 est
1185 847 1328 878 censu
1349 833 1558 879 crumnis
1577 834 1666 879 sui.

0 959 1 963 ,
179 908 228 956 8.
282 903 344 953 Ut
388 912 437 951 et
482 902 540 951 de
587 903 728 959 lociS,
778 900 1033 948 secundum
1081 903 1372 966 propositum
1419 918 1670 967 exsequar,

41 977 196 1024 circus
237 974 338 1023 Soli
382 974 710 1038 principaliter
755 981 1090 1020 consecratur:
1141 974 1272 1020 cuius
1321 972 1466 1021 aedes
1512 972 1669 1021 medio

38 1047 190 1113 spatio
215 1043 264 1094 et
294 1045 482 1110 effigies
508 1043 566 1092 de
600 1045 792 1107 fastigio
818 1042 952 1092 aedis
979 1045 1172 1102 emicat,
1208 1043 1333 1108 quod
1358 1061 1449 1092 non
1476 1054 1671 1108 putave-

39 1125 147 1166 runt
189 1117 273 1164 sub
320 1125 449 1164 tecto
505 1113 911 1172 consecrandum,
977 1130 1112 1178 quem
1166 1116 1212 1161 in
1259 1124 1426 1178 aperto
1472 1115 1666 1163 habent.

40 1186 175 1248 Quod
220 1187 541 1253 spectaculum
586 1187 782 1250 primum
829 1202 855 1232 a
895 1185 1036 1233 Circe
1079 1185 1320 1246 [babent.]
1401 1185 1502 1234 Soli
1548 1187 1670 1250 patri

37 1275 146 1317 suo,
193 1267 244 1306 ut
281 1258 464 1316 volunt,
519 1256 693 1305 editum
725 1257 981 1303 affirmant:
1036 1255 1094 1302 ab
1134 1273 1190 1304 ea
1231 1266 1280 1305 et
1311 1258 1430 1304 circi
1462 1257 1671 1321 appella-

37 1330 214 1377 tionem
247 1337 651 1393 argumentantur.
716 1327 860 1374 Plane
893 1326 1105 1375 venefica
1139 1328 1208 1375 eis
1240 1329 1400 1391 utique
1427 1329 1669 1392 negotium

37 1400 189 1466 gessit
218 1399 310 1447 hoc
342 1400 530 1447 nomine
563 1415 759 1462 quorum
791 1397 1020 1445 sacerdos
1053 1407 1180 1455 erat,
1215 1397 1475 1446 daemoniis
1508 1408 1556 1446 et
1586 1416 1670 1446 an-

36 1470 156 1536 gelis
187 1470 389 1518 scilicet.
454 1469 579 1528 Quot
616 1470 762 1532 igitur
790 1470 835 1514 in
869 1468 1028 1515 habitu
1060 1468 1153 1515 loci
1186 1470 1331 1532 ipsius
1371 1468 1667 1516 idololatrias

35 1542 378 1606 recognoscis?
438 1540 624 1604 singula
664 1548 938 1587 ornamenta
971 1539 1088 1586 circi
1121 1539 1304 1602 singula
1336 1540 1509 1604 templa
1541 1549 1666 1587 sunt.

35 1611 134 1660 Ova
164 1611 332 1660 honori
366 1610 612 1659 Castorum
645 1610 941 1667 adscribunt,
990 1610 1068 1674 qui
1108 1610 1216 1657 illos
1249 1627 1339 1657 ovo
1374 1609 1529 1659 editos
1561 1626 1668 1658 cre-

35 1682 188 1743 dendo
222 1682 280 1730 de
313 1698 470 1747 cygno
504 1682 616 1729 Iove
649 1698 743 1728 non
776 1679 1082 1728 erubescunt.
1141 1680 1404 1745 Delphines
1437 1680 1665 1746 Neptuno

33 1762 228 1812 vovent,
285 1753 524 1801 columnas
541 1751 590 1816 1)
638 1751 800 1799 Scsias
839 1768 867 1798 a
904 1752 1350 1810 sementationibus,
1399 1752 1600 1800 Messias
1638 1770 1666 1800 a

33 1823 282 1882 messibus,
335 1824 575 1873 Tutelinas
613 1839 641 1869 a
671 1823 831 1870 tutelis
862 1823 1095 1870 fructuum
1135 1824 1392 1870 sustinent:
1440 1832 1548 1870 ante
1582 1824 1665 1870 has

33 1903 131 1942 tres
165 1909 276 1942 arae
309 1895 443 1941 trinis
477 1892 565 1940 diis
595 1902 784 1956 parent,
818 1894 1022 1956 magnis,
1054 1893 1661 1955 potentibus,.valentibus.

33 1964 238 2012 Eosdem
285 1963 621 2012 Samothracas
668 1964 954 2011 existimant.
1033 1962 1240 2010 Obelisci
1281 1965 1559 2021 enormitas,
1615 1972 1666 2010 ut

33 2034 328 2084 Hermateles
373 2034 594 2092 affirmat,
652 2032 752 2081 Soli
796 2035 1074 2097 prostituta:
1122 2035 1356 2098 scriptura
1398 2036 1500 2081 eius
1539 2034 1663 2082 unde

32 2114 80 2161 et
110 2121 296 2163 census,
331 2104 389 2153 de
420 2103 646 2169 Aegypto
680 2106 953 2167 superstitio
987 2113 1073 2152 est.
1123 2103 1351 2168 Frigebat
1384 2103 1663 2152 daemonum

31 2177 286 2227 concilium
318 2177 420 2223 sine
452 2192 534 2223 sua
566 2184 714 2222 matre
747 2191 938 2238 magna3
987 2192 1043 2222 ea
1083 2177 1242 2239 itaque
1282 2176 1379 2223 illic
1418 2176 1663 2239 praesidet

31 2242 215 2311 eilripo.
269 2245 465 2304 Consus,
499 2255 550 2293 ut
573 2245 787 2304 diximuS,
820 2245 942 2310 apud
966 2256 1114 2294 metas
1141 2246 1224 2294 sub
1249 2255 1378 2294 terra
1399 2246 1657 2294 delitescit.

29 2316 227 2378 Murtias
259 2333 446 2382 quoque
472 2316 646 2364 idolum
671 2317 788 2364 fecit
804 2318 878 2376 2);
921 2316 1140 2364 Murtiam
1166 2318 1288 2364 enim
1322 2316 1457 2364 deam
1488 2318 1662 2365 amoris

30 2388 211 2450 Volunt,
247 2389 323 2436 cui
353 2389 401 2435 in
432 2388 511 2435 illa
541 2396 674 2451 parte
707 2387 873 2435 aedem
905 2403 1100 2435 vovere.
1156 2386 1498 2436 Animadverte
1526 2387 1662 2435 Chri-

30 2459 204 2517 stiane,
245 2467 359 2523 quot
388 2460 577 2506 nomina
607 2458 839 2506 immunda
878 2458 1181 2523 possederint
1220 2461 1413 2506 circum.
1489 2457 1662 2506 Aliena

28 2535 104 2578 &st
131 2530 219 2577 tibi
249 2530 448 2593 religio,
483 2546 617 2594 quam
652 2538 720 2576 tot
752 2529 928 2577 diaboli
961 2531 1154 2592 spiritus
1188 2537 1563 2592 occupaverunt,
1600 2528 1659 2577 de

23 2600 150 2662 *locis
167 2598 352 2665 quidem
378 2601 511 2648 locus
538 2609 610 2648 est
633 2599 923 2648 retractandi
948 2599 1006 2647 ad
1030 2598 1427 2663 praeveniendam
1454 2616 1660 2665 quorun-

15 2668 135 2718 dam
165 2672 604 2735 interrogationem.
683 2670 804 2730 Quid
838 2672 983 2729 enim,
1031 2672 1208 2734 inquiS,
1258 2672 1296 2717 si
1335 2671 1429 2718 alio
1462 2672 1509 2718 in
1541 2680 1659 2718 tem-

29 2756 146 2806 pore
181 2742 358 2789 circum
396 2741 585 2800 adiero,
642 2741 953 2805 periclitabor
986 2740 1042 2788 de
1074 2742 1458 2805 inquinamento?
1515 2741 1659 2790 Nulla

13 2820 106 2861 -est
133 2812 446 2876 praescriptio
480 2812 538 2860 de
571 2813 708 2860 locis.
788 2812 907 2859 Nam
948 2828 1040 2858 non
1080 2812 1183 2859 sola
1221 2813 1310 2860 ista
1344 2812 1659 2860 conciliabula

23 2882 431 2947 spectaculorum,
484 2883 568 2931 sed
608 2884 748 2930 etiam
787 2883 961 2946 templa
998 2884 1099 2947 ipsa
1130 2884 1232 2931 sine
1264 2884 1480 2947 periculo
1514 2883 1658 2930 disci-

12 2947 185 3019 :snae
231 2951 364 3000 adire
411 2968 572 3002 servus
618 2953 696 3001 dei
742 2962 922 3018 potest,
984 2963 1187 3017 urgente
1242 2970 1408 3002 caussa
1455 2954 1656 3017 simplici

20 3126 69 3175 ,³⁵²⁸
147 3121 192 3175 1)
226 3123 516 3170 Delphinus
549 3125 788 3172 Neptuno
836 3128 1046 3162 vomunt
1081 3126 1372 3163 columnae:
1434 3124 1653 3171 Sessias,

8 3176 249 3243 '‘srgnltius.
365 3180 409 3229 2>
443 3180 714 3218 delitescit
740 3181 980 3218 Murcias.
1027 3182 1127 3219 Has
1153 3193 1364 3231 quoque,
1398 3181 1621 3229 Rigaltius.
