1942 3554
1867 0 1921 108 ἶ

1901 101 1915 117 -3

1908 155 1913 163 w

323 199 406 247 sn
644 198 731 237 DE
770 197 974 235 CULTU
1009 191 1396 230 FEMINARUM
1435 191 1550 231 mn.
1578 192 1613 232 1.

324 315 504 378 operis,
539 327 628 372 quo
660 310 804 355 nihilo
837 305 1117 369 generosior
1145 301 1344 349 iudicari
1373 302 1522 365 possit
1549 302 1653 348 auri
1681 309 1730 348 et
1751 307 1942 363 argeum

323 383 579 430 substantia
609 394 753 441 penes
784 386 1009 434 naturam,
1073 371 1206 431 Quod
1238 373 1277 418 si
1307 371 1365 418 de
1397 371 1619 434 qualitate
1656 386 1786 428 usus,
1833 371 1938 432 glo-v

322 453 395 498 ria
424 459 496 497 est
526 465 641 496 auro
674 457 722 494 et
751 455 972 509 argento3
1005 444 1163 507 atquin
1193 442 1341 504 magis
1370 442 1499 488 ferro
1524 449 1574 488 et
1595 441 1710 497 aeri,
1743 446 1942 505 quorum«

320 522 388 567 ita
419 519 645 583 disposita
675 526 747 564 est
775 517 1058 582 utensilitas,
1099 522 1150 559 ut
1179 512 1470 574 etproprias
1502 525 1671 574 operas
1699 510 1857 573 plures
1887 507 1942 569 qt:

321 591 672 638 necessariores
704 587 957 634 exhibeant
985 584 1124 631 rebus
1154 582 1364 628 humanis
1409 589 1476 628 et.
1499 581 1796 628 nihilomiuus
1832 580 1942 636 auxi«.

321 669 370 708 et
399 659 583 722 argenti
614 657 672 704 de
704 673 786 704 suo
829 657 981 702 vicem
1026 650 1385 700 accommodent
1426 649 1694 708 iustioribus
1740 650 1942 717 caussish

319 729 442 777 Nam
473 738 522 776 et
551 727 707 774 annuli
736 728 865 772 ferro
898 725 1032 781 fiunt,
1080 721 1306 786 quaedam
1350 722 1450 769 esui
1488 729 1538 768 et
1573 722 1704 784 potui
1744 719 1942 769 vascuh·

322 815 384 846 ex
413 814 524 846 aere
556 797 708 844 adhuc
735 803 891 842 servat
914 794 1139 840 memoria
1162 793 1467 854 antiquitatis.
1497 790 1709 848 Viderit,
1732 792 1771 838 si
1796 792 1942 839 etiam·

321 868 381 915 ad
412 884 581 932 spurca
610 868 917 913 instrumenta
946 865 1047 909 auri
1078 871 1126 908 et
1155 863 1338 924 argenti
1371 860 1561 908 demens
1592 862 1729 924 copia
1774 859 1942 913 deser·-

319 939 401 984 vit.
464 937 605 984 Certe
637 951 725 980 nec
757 950 873 996 ager
904 934 1004 981 auri
1036 947 1179 995 opere
1210 939 1425 994 paratur,
1471 946 1560 978 nec
1591 931 1728 977 navis
1751 931 1942 992 argenti«

318 1009 485 1069 vigore
519 1005 800 1053 contexitur.
862 1002 1027 1048 Nullus
1071 1000 1236 1048 bidens
1281 1017 1441 1047 aurum
1487 999 1719 1062 demergit
1761 1001 1808 1046 in
1839 1007 1926 1045 ter-

320 1093 442 1134 ram,
476 1076 626 1122 nullus
658 1074 814 1120 clavus
846 1080 1089 1133 argentum
1120 1071 1302 1116 intimat
1337 1070 1521 1126 tabulis.
1595 1070 1753 1116 Taceo
1793 1069 1942 1115 totius-

318 1147 443 1192 vitae
476 1144 785 1191 necessitates
815 1142 944 1187 ferro
978 1148 1026 1185 et
1055 1140 1155 1185 aeri
1186 1140 1390 1185 innixas:
1432 1155 1534 1185 cum
1564 1139 1672 1186 illae
1703 1140 1832 1202 ipsae
1865 1136 1924 1184 di-

319 1216 438 1261 vites
470 1212 694 1259 materiae
728 1217 778 1256 et
807 1208 864 1255 de
904 1208 1102 1254 metallis
1147 1207 1301 1254 refodi
1347 1216 1395 1254 et
1438 1209 1486 1254 in
1531 1207 1819 1270 quocunque
1852 1223 1942 1254 ustv

321 1281 520 1346 procudi
552 1282 650 1327 sine
689 1280 804 1325 ferri
835 1286 884 1325 et
913 1278 1035 1324 aeris
1068 1278 1285 1340 operario
1319 1279 1494 1339 vigore
1539 1293 1632 1323 non
1676 1278 1858 1340 possint
1871 1278 1916 1336 1)

321 1353 417 1400 Iam
447 1353 593 1414 'igitur
623 1347 959 1395 aestimandum
990 1355 1083 1403 est,
1130 1345 1262 1393 unde'
1298 1347 1518 1394 obveniat
1562 1355 1690 1393 tanta
1736 1346 1942 1409 dignitas

322 1438 434 1469 auro
468 1430 516 1468 et
546 1427 771 1481 argento,
806 1434 908 1464 cum
940 1425 988 1463 et
1020 1417 1401 1478 consanguineis,
1435 1424 1652 1479 quantum
1683 1415 1742 1463 ad
1773 1432 1942 1479 genus.

320 1501 369 1539 et
397 1490 673 1555 potioribus,
694 1495 910 1551 quantum
927 1485 986 1532 ad
1002 1486 1352 1542 utensilitatem,
1370 1487 1577 1533 materiis
1593 1482 1925 1549 praeferantur

461 1565 508 1611 6.
572 1557 668 1604 Sed
700 1566 747 1603 et
778 1556 961 1619 lapillos
992 1557 1129 1612 istos,
1164 1557 1239 1617 qui
1272 1572 1375 1602 cum
1406 1571 1520 1602 auro
1547 1556 1810 1619 superbiam
1835 1557 1924 1618 iun-

321 1638 457 1692 gunt,
506 1626 614 1691 quid
659 1625 783 1672 aliud
829 1627 1136 1687 interpreter,
1183 1626 1270 1671 nisi
1316 1626 1498 1688 lapillos
1543 1634 1594 1672 et
1637 1626 1844 1673 calculos
1888 1622 1942 1677 eff*

320 1697 527 1746 eiusdem
558 1706 714 1743 terrae
746 1695 1006 1749 minutalia,
1054 1709 1141 1740 nec
1185 1703 1340 1741 tamen
1384 1701 1464 1741 aut
1506 1693 1815 1742 fundamentis
1854 1686 1942 1745 ‹le-T

319 1765 593 1815 mandandis
638 1774 717 1811 aut
752 1759 1009 1827 parietibus
1040 1763 1285 1810 moliendis
1314 1760 1397 1810 >aut
1425 1764 1624 1826 fastigiis
1653 1760 1942 1814 sustinendiv

320 1846 400 1884 aut
429 1837 567 1883 tectis
600 1833 849 1880 densandis
894 1833 1192 1879 necessaria?
1266 1831 1425 1880 Solum
1440 1835 1487 1894 2)
1526 1834 1647 1881 hunc
1693 1836 1942 1884 mulierum·

320 1916 558 1970 stuporem
589 1903 844 1950 aedificare
876 1911 1127 1958 noverunt,
1175 1904 1282 1965 quia
1318 1901 1452 1950 tarde
1488 1912 1724 1962 teruntur,
1769 1914 1821 1952 ut
1864 1906 1923 1957 ni-

319 1984 472 2032 team,
506 1983 555 2021 et
585 1972 779 2020 subdole
811 1973 1158 2028 substruuntur,
1189 1981 1240 2018 ut
1268 1973 1488 2030 floreant,
1529 1982 1579 2022 et
1607 1976 1744 2022 anxie
1774 1976 1922 2026 foran-

319 2054 418 2102 tur,
464 2053 515 2091 ut
544 2042 803 2107 pendeant,
851 2050 900 2088 et
943 2057 1057 2087 auro
1103 2042 1386 2088 lenocinium
1430 2051 1632 2090 mutuum
1675 2053 1921 2107 praestant.

321 2113 418 2161 Sed
448 2115 487 2160 si
518 2111 627 2176 quid
658 2111 715 2159 de
747 2112 863 2158 mari
892 2110 1167 2165 Britannico
1199 2120 1278 2158 aut
1307 2111 1470 2167 Indico
1494 2113 1684 2160 ambitio
1708 2116 1921 2178 piscatur.

322 2183 532 2229 conchae
565 2197 711 2243 genus
743 2189 837 2236 est,
870 2196 963 2226 non
995 2178 1102 2226 dico
1136 2181 1387 2243 conchylio
1419 2190 1498 2228 aut
1521 2191 1704 2240 ostreo,
1737 2183 1820 2231 sed
1842 2198 1929 2237 nee

318 2250 531 2314 peloride
566 2251 741 2312 gratius
773 2248 830 2294 de
863 2264 1047 2310 sapore.
1107 2247 1184 2294 Ad
1214 2250 1305 2296 hoc
1337 2251 1457 2296 enim
1489 2252 1693 2302 conchas
1723 2255 1941 2303 noverim.

319 2321 460 2366 maris
490 2335 641 2381 poma.
704 2316 838 2375 Quod
869 2318 907 2362 si
938 2316 1120 2362 concha
1150 2318 1241 2376 illa,
1259 2317 1433 2380 aliquid
1462 2319 1741 2367 intrinsecus
1771 2331 1919 2384 pustu-

319 2390 406 2445 lat,
436 2390 596 2434 vitium
630 2388 728 2434 eius
758 2386 906 2447 magis
951 2384 1093 2431 debet
1137 2401 1267 2442 esse,
1311 2402 1443 2449 quam
1488 2388 1687 2449 gloria(
1728 2389 1790 2437 Et
1819 2392 1920 2440 lice'

319 2458 620 2520 margaritum
649 2464 868 2511 vocetur,
916 2471 1010 2500 non
1039 2453 1163 2501 aliud
1194 2464 1349 2503 tamen
1379 2457 1753 2520 intelligendum,
1795 2476 1939 2523 quama

322 2527 532 2574 conchae
563 2526 685 2572 illius
716 2525 870 2587 aliqua
901 2522 1016 2570 dura
1046 2532 1094 2570 et
1123 2524 1322 2571 rotunda
1349 2539 1579 2573 verruca..
1615 2526 1763 2576 Aiunt
1792 2539 1842 2577 et
1869 2529 1926 2578 de

318 2595 551 2643 frontibus
582 2594 836 2642 draconum
867 2609 1070 2655 gemmas
1102 2595 1225 2650 erui,
1266 2595 1388 2642 sicut
1416 2603 1465 2642 et
1491 2596 1540 2642 in
1567 2597 1762 2660 piscium
1794 2614 1920 2653 cere-

318 2666 415 2712 bris
446 2664 718 2729 lapidositas
750 2662 974 2726 quaedam
1004 2672 1090 2709 est.
1166 2663 1267 2710 Hoc
1307 2679 1487 2728 quoque
1519 2664 1674 2715 deerit
1704 2663 1919 2724 Christia'r

320 2750 431 2791 nae,
463 2744 515 2781 ut
544 2733 601 2781 de
633 2742 852 2796 serpente
884 2732 1053 2780 cultior
1083 2733 1178 2779 fiat.
1226 2731 1307 2783 Sic
1338 2734 1541 2782 calcabit
1565 2734 1740 2783 diaboli
1771 2743 1919 2801 caput,

432 2928 475 2975 1)
500 2930 563 2966 Ita
586 2930 697 2976 Rig.;
731 2928 826 2966 alii:
865 2929 916 2964 et
945 2928 1002 2965 de
1030 2928 1266 2965 metallis
1295 2929 1643 2968 refodiendae
1680 2933 1731 2969 et
1769 2932 1819 2968 in
1849 2937 1918 2979 qu.

320 2993 416 3020 usu
458 2985 825 3031 producendae
869 2983 981 3020 sine
1021 2983 1150 3020 ferri
1193 2987 1243 3021 et
1280 2985 1423 3024 aeris
1462 2986 1707 3035 operario
1746 2987 1919 3036 vigore

321 3037 432 3086 (Lat.
449 3040 490 3074 et
506 3040 568 3077 ed.
585 3035 931 3089 Fran.vigere)
961 3050 1060 3077 non
1088 3040 1309 3087 possint.
1424 3037 1468 3093 2)
1495 3042 1758 3092 God.Agob.:
1791 3042 1920 3093 Olim

317 3092 359 3133 h.
375 3105 429 3130 m.
458 3093 781 3140 splendorem
805 3098 883 3134 eto.
1882 3123 1887 3131 ·
