1942 3554
591 148 675 186 DE
716 146 1063 186 ORATIONE.
1602 142 1639 192 ἶ

49 269 104 314 Po
133 264 484 312 circumstantia
516 263 760 325 cuiusque,
792 263 1047 325 praemissa
1077 261 1286 324 legitima
1315 267 1365 308 et
1395 258 1635 308 ordinaria

20 335 232 386 *ratione
264 327 394 399 quasi
423 332 749 381 fundamento:
796 331 1110 380 accidentium
1157 332 1228 378 ius
1267 339 1340 378 est
1370 330 1632 379 desiderio-

17 415 137 464 mm,
169 406 240 453 ius
271 413 343 454 est
371 402 723 469 superstruendi
754 405 1046 451 extrinsecus
1075 403 1353 466 petitiones,
1402 418 1505 449 cum
1535 418 1633 450 mc-

31 476 165 524 notia
191 484 348 524 tamen
376 483 759 540 praeceptorum,
792 490 851 521 ne
883 482 1101 538 quantum
1131 490 1160 520 a
1188 474 1479 538 praeceptis,
1529 481 1632 520 tan-

7 563 109 595 ».nm
138 547 198 594 ab
228 546 416 594 auribus
447 544 524 592 d‘ei
555 546 695 607 longe
726 546 882 591 simus.

0 611 1 624 ³
156 622 236 669 10.
294 616 525 664 Memoria
541 617 586 676 1)
611 623 970 678 praeceptorum
993 615 1114 661 viam
1142 614 1432 661 orationihus
1463 616 1633 663 sternit

0 687 72 735 ’vul
101 688 309 745 coelum,
356 702 548 752 quorum
578 686 881 750 praecipu-um
919 693 1013 741 est,
1060 700 1118 732 ne
1155 685 1284 748 prius
1322 683 1629 748 ascendamus

0 755 71 805 md
100 756 178 805 dei
207 757 381 815 altare,
427 773 584 820 quam,
630 756 669 803 si
716 754 825 818 quid
870 753 1139 802 discordiae
1175 755 1252 801 vel
1284 754 1492 802 offensae
1526 771 1630 802 cum

0 825 231 880 ivi-aribus
261 827 654 882 contraxerimus,
700 826 989 872 resolvamus
1011 826 1075 885 2).
1153 823 1273 906 Quid
1313 833 1385 872 est
1415 826 1536 872 enim
1567 825 1628 873 ad

0 907 172 947 mem
201 896 279 946 dei
308 895 543 945 accedere
574 897 674 943 sine
713 912 855 959 pace,
903 894 963 942 ad
1002 896 1323 943 remissionem
1362 894 1628 943 debitorum

0 980 124 1024 eum
134 969 438 1016 retentione?
490 965 739 1050 Quomodo
785 966 994 1030 placabit
1035 974 1216 1030 patrem
1262 968 1407 1013 iratus
1446 967 1493 1013 in
1530 967 1628 1014 fra-

0 1047 148 1110 zm,
181 1054 285 1087 cum
315 1038 464 1086 omnis
490 1032 566 1085 ira
594 1037 652 1085 ab
684 1038 817 1084 initio
842 1035 1096 1085 interdicta
1127 1038 1187 1084 sit
1210 1037 1375 1087 nobis?
1432 1035 1553 1085 Nam
1580 1046 1629 1084 et

5 1096 176 1174 ¹ioseph
207 1108 444 1156 dimittens
481 1109 653 1155 fratres
691 1124 799 1155 suos
837 1107 897 1154 ad
934 1107 1283 1172 perducendum
1328 1116 1533 1171 patrem,
1580 1117 1628 1155 et

0 1194 90 1237 uic,
119 1181 293 1246 inquit,
325 1180 592 1226 irascamini
622 1180 669 1226 in
698 1180 774 1225 via
797 1181 869 1238 3)3
909 1195 995 1226 nos
1026 1179 1212 1226 scilicet
1242 1179 1434 1225 monuit.
1494 1176 1628 1226 Alias

0 1250 132 1305 amin
172 1251 251 1298 via
294 1250 654 1313 cognominatur
696 1247 944 1313 disciplina
982 1258 1158 1296 nostra.
1232 1249 1347 1295 Tum
1385 1265 1443 1296 nc
1475 1249 1523 1295 in
1554 1250 1630 1296 via

10 1322 236 1373 orationis
266 1314 532 1377 constituti,
564 1318 624 1368 ad
654 1328 835 1384 patrem
868 1331 970 1367 cum
1001 1320 1072 1367 ira
1095 1318 1380 1368 incedamus.
1442 1318 1627 1368 Exinde

0 1399 170 1456 aperte
201 1390 668 1454 dominusamplians
700 1391 874 1453 legem,
914 1391 1030 1437 iram
1068 1391 1114 1437 in
1146 1391 1339 1437 fratrem
1370 1389 1626 1438 homicidio

0 1463 301 1527 «superponit,
334 1464 393 1509 ne
421 1461 568 1508 verbo
601 1459 786 1524 quidem
816 1461 938 1507 malo
968 1461 1199 1524 permittit
1222 1462 1451 1524 cxpungi3
1485 1462 1627 1508 etiam

0 1529 369 1580 &irascendum
400 1540 494 1589 est,
540 1547 635 1578 non
666 1531 787 1578 ultra
825 1532 936 1578 solis
976 1539 1243 1595 receptum,
1289 1540 1340 1578 ut
1367 1530 1626 1594 Apostolus

0 1600 225 1650 admonet
243 1603 308 1663 4').
378 1601 530 1661 Quam
573 1609 728 1649 autem
772 1603 1072 1649 temerarium
1110 1610 1204 1659 est,
1252 1610 1334 1649 aut
1370 1600 1493 1649 diem
1523 1603 1625 1650 sine

4 1674 220 1722 oratione
250 1674 537 1735 transigere,
570 1671 689 1719 dum=
708 1688 866 1720 cessas
896 1671 1033 1721 fratri
1063 1673 1364 1730 satisfacere,
1406 1681 1487 1720 aut
1517 1689 1625 1720 ora-

0 1744 199 1801 itionem,
244 1751 580 1808 perseverante
611 1741 878 1800 iracundia,
924 1741 1127 1806 perdere
1151 1744 1222 1802 5)!
1275 1743 1402 1790 .Nec
1448 1743 1506 1790 ab
1552 1745 1625 1792 ira

0 1812 316 1871 *solummodm
349 1812 433 1861 scd
464 1814 589 1860 omni
619 1814 806 1860 omnino
840 1814 1115 1860 confusione
1142 1814 1282 1860 animi
1307 1813 1458 1860 libera
1482 1812 1626 1862 debet

0 1896 108 1933 esse
137 1884 366 1932 orationis
403 1884 626 1940 intentio,
674 1881 732 1930 de
778 1883 861 1930 tali
906 1884 1074 1946 spiritu
1119 1884 1309 1941 emissa,
1359 1885 1506 1948 qualis
1553 1894 1626 1932 est

0 1955 215 2019 spiritus,
260 1952 322 2000 ad
359 1969 493 2018 quem
523 1954 754 2017 mittitur.
809 1951 976 2017 Neque
1009 1955 1131 2000 enim
1162 1955 1358 2016 agnosci
1388 1956 1566 2018 poterit
1595 1972 1624 2005 a

0 2025 167 2089 spiritu
197 2032 360 2071 sancto
399 2024 587 2088 spiritus
624 2024 911 2087 inquinatus,
957 2033 1038 2071 aut
1081 2025 1228 2071 tristis
1267 2041 1302 2076 ,a
1346 2025 1495 2084 laeto,
1543 2035 1624 2073 aut

1 2093 251 2160 impeditus
280 2110 310 2141 a
338 2094 511 2143 libero.
578 2092 731 2141 Nemo
762 2093 1081 2143 adversarium
1121 2096 1314 2159 recipit,
1362 2111 1500 2145 nemo
1530 2098 1621 2145 nisi

5 2168 268 2213 comparem
296 2181 425 2213 suum
454 2163 671 2212 admittit.

256 2235 503 2283 Ceterum
518 2235 565 2295 ⁶)
599 2251 716 2299 quae
747 2237 869 2284 ratio
903 2245 996 2294 est,
1028 2237 1240 2284 manibus
1272 2235 1457 2301 quidem
1488 2237 1620 2285 ablu-

4 2306 84 2364 88,
115 2240 281 2370 spi11·itu
308 2322 424 2354 vero
454 2304 677 2354 sordente
693 2308 971 2357 orationem
1004 2296 1160 2365 obire,
1210 2307 1394 2371 quando
1428 2317 1478 2355 et
1507 2310 1621 2372 ipsis

0 2371 220 2425 ‘adfinibus
238 2377 471 2441 spiritales
499 2375 754 2424 munditiae
786 2378 879 2424 sint
909 2379 1232 2435 necessariae,
1278 2388 1330 2425 ut
1359 2395 1387 2425 a
1416 2379 1621 2436 falso,a

0 2438 175 2504 rcfflde,
221 2463 250 2494 a
278 2449 496 2504 saevitia,
543 2463 572 2495 a
606 2448 874 2506 veneficiis,
921 2448 979 2496 ah
1011 2447 1305 2505 idololatria,
1355 2449 1620 2511 ceterisque

2 2517 212 2579 maculis,
245 2533 363 2580 quae
388 2519 552 2582 spiritu
577 2527 837 2581 conceptae
863 2534 1076 2565 manuum
1108 2534 1254 2581 opera
1283 2519 1619 2580 transiguntur,

2 2600 149 2650 purae
179 2587 466 2636 alleventur?
522 2588 622 2637 Hae
655 2596 761 2635 sunt
787 2603 930 2635 verae
956 2587 1231 2645 munditiae,
1265 2605 1358 2636 non
1383 2604 1495 2659 quas
1518 2590 1620 2652 ple-

4 2657 138 2720 rique
168 2658 488 2721 superstitiose
520 2666 707 2715 curant,
746 2657 806 2705 ad
837 2674 1019 2705 omnem
1052 2659 1312 2705 orationem
1344 2660 1483 2706 ctiam
1516 2676 1618 2707 cum

3 2727 194 2773 lavacro
222 2729 364 2775 totius
395 2730 609 2792 corporis
639 2744 804 2791 aquam
850 2737 1099 2775 sumentes.
1176 2727 1229 2775 Id
1276 2745 1378 2775 cum
1423 2746 1617 2794 scrupu-

5 2796 104 2844 lose
134 2805 443 2860 percontarer
472 2807 521 2845 et
549 2799 782 2845 rationem
810 2799 1124 2861 requirerem,
1173 2801 1380 2863 comperi
1413 2816 1615 2847 comme-

4 2867 311 2949 notationem
340 2882 444 2915 esse
476 2869 523 2915 in
554 2867 727 2915 domini
751 2867 1055 2915 deditionem.
1116 2867 1217 2916 Nos
1242 2868 1474 2945 dominum
1499 2870 1614 2918 ado-

32 3044 64 3068 ·:·
114 3035 160 3083 1)
191 3036 290 3084 Cap.
308 3037 374 3073 11.
391 3047 456 3085 ap.
471 3037 626 3074 Mutat.
736 3036 783 3086 2)
815 3037 964 3076 Matth.
983 3041 1020 3089 5,
1040 3040 1090 3076 23
1109 3050 1168 3088 sq.
1264 3041 1309 3089 3)
1342 3042 1443 3078 Gen.
1461 3042 1529 3090 45,
1548 3043 1612 3079 24.

5 3083 53 3144 4)
82 3091 190 3142 Eph.
205 3093 245 3142 4,
264 3094 330 3129 26.
447 3092 492 3142 5)
525 3093 625 3142 Cap.
645 3094 711 3131 12.
729 3105 797 3143 ap.
815 3096 966 3133 Mutat.
1083 3093 1127 3148 6)
1161 3096 1260 3145 Cap.
1279 3098 1521 3135 13.Murat.
