1942 3554
34 109 57 139 ‘fl‘

300 216 378 289 ἁ
446 207 530 247 ΒΕ
558 207 824 247 IEIUNIIS
853 206 993 246 ADV
1022 203 1650 247 PSYCH.183

73 322 246 372 tiamsi
258 300 378 371 deus
403 321 528 369 nulla
558 322 732 369 ieiunia
760 321 1099 385 praecepisset.
1176 315 1436 367 Ostendens
1480 325 1650 375 tamen,

108 393 166 441 de
197 394 260 441 sit
289 393 474 440 occisus
502 391 677 450 Adam,
722 393 833 439 mihi
864 393 1122 455 reliquerat
1165 386 1472 452 intelligenda
1501 404 1653 435 reme-

31 463 123 514 ndia
167 464 399 529 offensae,
453 464 530 526 qui
575 463 798 510 offensam
842 461 1199 510 demonstrarat.
1290 459 1421 507 Ultro
1484 459 1651 516 cibum,

31 535 206 600 quibus
234 533 386 581 modis
419 534 672 597 quibusque
705 534 992 596 temporibus
1022 533 1298 597 potuissem,
1346 546 1431 594 pro
1469 545 1651 577 veneno

28 604 313 672 ⁴deputarem
345 613 394 652 et
423 603 681 652 antidotum
710 606 878 651 famem
911 620 1163 662 sumerem,
1203 618 1288 665 per
1318 618 1450 664 quam
1482 616 1654 664 purga-

28 691 138 724 ·rem
167 675 330 723 mortis
361 691 390 722 a
418 674 675 740 primordio
707 688 915 723 caussam
962 675 1010 722 in
1054 690 1126 722 me
1174 689 1356 737 quoque
1403 689 1505 719 cum
1551 673 1652 735 ipso

36 762 216 810 genere
247 743 586 807 transductam,
621 754 800 803 certus,
833 746 922 793 hoc
956 744 1090 791 deum
1123 745 1267 800 velle,
1302 743 1432 790 cuius
1465 750 1654 790 contra-

37 818 156 866 rium
186 817 366 874 noluit,v
393 818 598 879 satisque
632 815 894 873 confidens,
928 816 1203 878 placituram
1234 814 1301 860 illi
1335 813 1653 859 continentiae

23 903 225 945 curam,
253 904 282 934 a
312 903 401 950 quo
429 885 687 941 damnatam
712 887 1040 948 comperissem
1067 884 1436 932 incontinentiae
1455 883 1652 946 culpam.

23 956 212 1024 3Porro‚
247 973 349 1004 cum
381 966 430 1004 et
456 958 559 1020 ,ipse
591 957 813 1003 ieiunium
844 955 1033 1003 mandet
1064 965 1112 1003 et
1142 956 1338 1002 animam
1371 969 1655 1017 conquassa-

16 1037 130 1078 tam
173 1028 366 1092 proprie
411 1029 568 1091 utique
617 1025 709 1074 cibi
754 1028 982 1090 angustiis
1035 1026 1314 1074 sacrificium
1367 1025 1653 1088 appellet1),

19 1100 140 1163 -quis
170 1099 260 1145 iam
292 1097 523 1145 dubitabit
553 1099 753 1145 omnium
785 1113 898 1160 erga
931 1099 1101 1146 victum
1133 1095 1502 1147 macerationum
1532 1094 1654 1141 hanc

14 1168 180 1219 efuisse'
218 1170 472 1226 rationem,
521 1167 610 1231 qua
646 1184 805 1215 rursus
850 1167 1105 1215 interdicto
1153 1167 1260 1214 cibo
1309 1174 1358 1213 et
1404 1166 1654 1213 observato

23 1238 294 1305 praecepto
341 1239 642 1303 primordiale
687 1241 779 1285 iam
824 1238 1043 1286 delictum
1090 1239 1381 1301 expiaretur,
1428 1245 1479 1282 ut
1516 1236 1654 1282 homo

36 1326 124 1375 per
152 1309 348 1357 eandem
381 1311 621 1357 materiam
654 1325 846 1356 caussae
886 1310 997 1366 satis
1043 1307 1132 1355 deo
1178 1309 1345 1365 faciat,
1392 1323 1479 1371 per
1524 1322 1657 1370 quam

39 1379 326 1438 offenderat,
359 1379 408 1427 id
439 1389 512 1428 est
539 1397 626 1444 per
658 1381 751 1427 cibi
789 1379 1192 1436 interdictionem,
1240 1387 1378 1442 atque
1426 1380 1491 1424 ita
1535 1378 1658 1423 salu-

13 1459 131 1509 >tem
169 1452 352 1499 aemulo
392 1450 531 1498 modo
578 1449 956 1498 redaccenderet
998 1448 1176 1507 inedia,
1223 1450 1347 1496 sicut
1393 1449 1661 1495 extinxerat

14 1523 223 1585 sagina,
255 1538 341 1585 pro
373 1523 512 1568 unico
544 1522 711 1568 illicito
743 1522 879 1584 plura
907 1522 1038 1568 licita
1070 1522 1407 1567 contemnens?
1544 1568 1546 1570 ,

176 1598 225 1644 4.
288 1592 417 1639 Haec
448 1594 570 1639 ratio
602 1593 876 1639 servabatur
906 1590 1026 1655 apud
1056 1590 1399 1654 providentiam
1430 1588 1531 1647 dei,
1570 1605 1656 1653 pro

7 1663 324 1728 &temporibus
355 1665 509 1728 omnia
539 1662 846 1720 moderantis,
894 1679 951 1710 ne
1001 1663 1100 1725 quis
1138 1678 1199 1709 ex
1230 1661 1417 1708 diverso
1448 1657 1508 1707 ad
1539 1658 1658 1708 deii-

4 1732 252 1797 }ciendam
281 1735 651 1798 propositionem
683 1743 912 1790 nostram,
947 1749 1030 1780 cur
1061 1749 1199 1794 ergo,
1241 1732 1390 1790 dicat,
1437 1747 1532 1777 non
1564 1740 1658 1778 sta-

2 1805 120 1860 stim
149 1803 264 1852 deus
295 1805 501 1867 aliquam·
523 1805 673 1851 victus
706 1805 948 1852 constituit
979 1804 1366 1866 castigationem?
1425 1803 1533 1865 quin
1564 1803 1657 1849 imo

0 1879 87 1953 4et
115 1876 245 1923 auxit
273 1876 659 1938 permissionem?
729 1874 850 1922 Nam
904 1876 950 1922 in
988 1872 1244 1937 primordio
1286 1872 1468 1936 quidem
1500 1873 1658 1919 herbi-

3 1943 144 1992 dum
181 1944 471 1995 solummodo
519 1954 567 1991 et
611 1945 858 1991 arboreum
903 1945 1078 1991 homini
1123 1944 1338 2026 pabulum
1385 1942 1655 1990 addixerat:

0 2014 167 2062 Ecce
200 2005 310 2062 dedi
339 2015 472 2063 vobis
504 2031 638 2062 omne
671 2016 856 2081 foenum
890 2015 1191 2074 sementivum
1217 2017 1448 2062 seminans
1480 2029 1655 2071 semen,

39 2083 187 2149 quod
196 2094 268 2132 est
297 2101 438 2149 super
468 2094 662 2142 terram,
696 2077 745 2133 et
775 2102 909 2134 omne
941 2086 1137 2148 lignum,
1178 2084 1301 2149 quod
1332 2080 1516 2132 habet
1505 2102 1551 2131 ln
1582 2101 1657 2132 se-

0 2157 235 2220 metipso
266 2154 466 2204 fructum
498 2157 684 2203 seminis
715 2157 978 2213 sementivi,
1024 2156 1157 2202 vobis
1203 2157 1294 2203 erit
1338 2158 1384 2203 in
1416 2171 1571 2203 escam
1590 2157 1655 2215 2).

0 2232 14 2294 5
37 2224 212 2274 Postea
239 2242 353 2274 vero
385 2225 444 2274 ad
474 2226 604 2285 Noe,
638 2236 908 2274 enumerata
939 2227 1230 2274 subiectione
1257 2228 1455 2287 omnium
1481 2228 1657 2275 bestia-

37 2312 139 2344 rum
169 2306 326 2345 terrae
357 2306 406 2344 et
433 2290 687 2344 volatilium
721 2299 843 2345 coeli
875 2307 925 2346 et
953 2299 1233 2344 moventium
1265 2298 1312 2344 in
1343 2307 1472 2345 terra
1510 2307 1558 2345 et
1585 2300 1657 2362 pi-

20 2367 184 2417 ,scium
222 2368 368 2415 maris
413 2376 462 2415 et
506 2369 653 2415 omnis
699 2371 955 2431 serpentis:
1010 2377 1168 2425 erunt,
1216 2369 1385 2432 inquit,
1430 2368 1564 2416 vobis
1609 2370 1657 2416 in

15 2441 223 2506 jescam,
250 2439 378 2490 velut
406 2438 572 2486 holera
603 2439 731 2486 foeni
764 2438 873 2486 «ledi
900 2439 1060 2488 vobis
1067 2440 1305 2497 universa,
1351 2455 1512 2486 verum
1553 2455 1658 2486 car-

15 2518 157 2581 ’ϊιιβιιι
176 2509 224 2554 ἰιι
255 2509 478 2571 sanguine
511 2511 692 2556 animae
739 2525 850 2557 suae
896 2526 988 2555 non
1034 2508 1273 2568 edetis³);
1322 2525 1426 2555 nam
1472 2517 1521 2556 et
1565 2508 1656 2557 hoc

89 2594 166 2635 so,
200 2577 322 2642 quod
352 2594 453 2625 eam
486 2568 630 2626 solam
664 2595 851 2626 carnem
884 2580 983 2626 esui
1016 2579 1199 2636 eximit,
1234 2579 1363 2625 cuius
1388 2580 1540 2626 anima
1564 2595 1657 2626 non

25 2663 128 2713 vper
157 2649 437 2711 sanguineum
458 2649 730 2707 effunditur,
778 2650 925 2696 omnis
956 2649 1164 2711 reliquae
1199 2649 1351 2696 carnis
1381 2665 1511 2696 usum
1543 2666 1658 2697 con-

19 2719 242 2775 jeessisse
274 2718 564 2766 manifestum
597 2728 682 2767 est.
741 2717 818 2767 Ad
848 2719 966 2767 haec
999 2717 1356 2782 respondemus,
1403 2736 1497 2767 non
1529 2736 1658 2768 com-
1688 2713 1690 2715 ’

16 2789 215 2853 >petisse
248 2790 437 2836 onerari
467 2789 698 2837 hominem
729 2789 883 2853 aliqua
914 2788 1065 2836 adhuc
1091 2789 1400 2837 abstinentiae
1425 2791 1546 2854 lege,
1580 2791 1658 2855 qui

14 2868 147 2908 'cum
178 2860 375 2923 maxime
406 2868 498 2907 tam
530 2860 676 2907 levem
708 2859 1087 2909 interdictionem
1125 2861 1274 2907 unius·
1304 2860 1492 2909 scilicet
1529 2861 1657 2926 pomi

25 2928 250 2999 ¹tolerare
282 2946 375 2976 non
413 2930 587 2993 potuit3
634 2931 873 2978 remissum
918 2931 1074 2994 itaque
1121 2931 1247 2978 illum
1293 2931 1509 2980 libertate
1555 2934 1657 2996 ipsa

24 2994 463 3053 'corroborandum
538 2998 692 3064 Atque
738 3009 845 3065 post
875 3000 1092 3048 diluvium
1124 3003 1170 3048 in
1204 3002 1540 3052 reformatione
1572 3019 1656 3066 ge-

159 3155 205 3204 1)
222 3155 288 3195 Ρ..
307 3157 374 3206 5⁰,
391 3158 457 3196 18.
571 3156 617 3206 2)
634 3157 737 3196 een.
757 3158 796 3207 1,
814 3158 880 3196 29.
998 3157 1041 3208 a)
1058 3159 1159 3198 Gen.
1178 3162 1217 3209 9,
1238 3160 1276 3198 2.
