1942 3554
215 188 378 257 'loe
448 193 451 195 ’
803 189 1442 266 ᾹΡοιοιιΕΤιουεῃ

260 350 408 413 ipsam
440 344 737 393 vernaculam
770 352 949 407 septem
982 343 1171 391 collium
1201 342 1388 407 plebem
1421 343 1675 402 convenio„
1708 356 1770 390 an
1796 344 1867 393 ati

262 419 338 466 cui
372 416 570 464 Caesari
599 429 683 461 suo
715 421 879 478 parcat
908 413 989 460 illa
1026 412 1184 477 lingua
1215 413 1454 460 Romana?
1512 411 1666 460 Testis
1698 422 1774 460 est

262 488 415 543 beris,
464 494 513 532 et
551 483 743 532 scholae
783 483 1053 531 bestiarum.
1134 483 1227 531 Iam
1267 484 1305 530 si
1337 481 1612 546 pectoribus
1641 481 1703 530 ad
1734 491 1863 539 trans
1905 495 1934 513 f

263 555 512 605 lucendum
544 553 772 619 quandam
805 553 1098 617 specularem
1130 554 1373 602 materiam
1398 562 1565 600 natura
1592 550 1887 603 obduxisset

265 629 398 675 cuius
445 642 536 673 non
583 624 865 689 praecordia
909 623 1145 687 insculpta
1191 632 1477 687 apparerent
1521 626 1630 671 novi
1674 639 1730 671 ac
1777 641 1867 673 nov
1938 662 1942 687 ζ

267 697 484 745 Caesaris
516 691 774 752 scenaml)
805 695 1052 758 congiario
1086 692 1336 741 dividundo
1367 680 1712 759 praesidentis?
1746 695 1839 742 etia
1852 698 1889 753 ¹'s

266 769 346 816 illa
377 768 495 815 hora
526 781 616 829 qua
646 766 931 813 acclamant.

407 865 480 913 De
513 865 685 912 nostris
717 865 849 910 annis
880 863 966 910 tibi
999 862 1177 926 Iupiter
1208 871 1380 927 augeat
1409 880 1573 911 annos.

269 978 398 1026 Haec
432 977 724 1024 Christianus
761 985 852 1023 tam
893 976 1137 1022 enuntiare
1178 992 1269 1022 non
1308 976 1458 1034 novit,
1508 992 1643 1040 quam
1675 974 1733 1024 de
1765 993 1824 1024 no
1869 1002 1885 1043 '1

269 1048 476 1096 Caesare
508 1055 688 1111 optare.
767 1044 865 1094 Sed
904 1047 1092 1110 vulgus,
1142 1047 1312 1109 inquis.
1391 1045 1452 1093 Ut
1495 1046 1875 1110 vulgus,-tame
1938 1090 1942 1098 .

269 1117 490 1175 Romani,
552 1133 641 1165 nec
687 1117 766 1164 ulli
813 1118 959 1180 magis
1007 1115 1384 1179 depostulatores
1401 1114 1450 1180 2)
1497 1115 1892 1181 Christianorum
1938 1119 1942 1150 ἱ

271 1205 404 1253 quam
420 1188 604 1251 vulgus.
658 1187 800 1234 Plane
833 1188 982 1235 ceteri
1017 1186 1207 1233 ordines
1239 1202 1324 1250 pro
1357 1187 1640 1234 auctoritate
1674 1188 1844 1251 religio
1882 1200 1887 1229 2

271 1276 331 1308 ex
360 1257 476 1316 lide3
524 1257 638 1304 nihil
669 1258 897 1304 hosticum
930 1256 987 1304 de
1021 1258 1121 1320 ipso
1154 1265 1341 1314 senatu,
1392 1256 1450 1303 de
1485 1258 1667 1322 equite,
1717 1257 1776 1306 de
1810 1256 1878 1312 ca¹>
1938 1257 1942 1259 ’

270 1329 404 1386 stris,
453 1325 511 1376 de
542 1329 725 1391 palatiis
756 1329 869 1390 ipsis
901 1328 1122 1391 spirat.3)
1201 1326 1334 1374 Unde
1367 1326 1542 1386 Cassii,
1593 1337 1641 1375 et
1670 1327 1812 1392 Nigri
1843 1344 1887 1388 ey
1940 1359 1942 1361 ·

270 1399 462 1447 Albini?
493 1397 615 1446 unde
647 1400 723 1461 qui
755 1400 880 1446 inter
912 1397 1198 1445 duaslaurus
1218 1397 1433 1445 obsident
1453 1397 1734 1446 Caesarem?
1766 1398 1885 1455 undf.
1923 1416 1925 1421 ·

273 1471 349 1535 qui
401 1469 612 1517 faucibus
631 1469 673 1526 4)
725 1470 824 1515 eius
880 1466 1195 1533 exprimendis
1247 1468 1576 1532 palaestricam
1631 1465 1891 1525 cistercent'*

249 1539 392 1600 “unde
426 1541 503 1603 qui
533 1539 697 1587 armati
728 1539 947 1602 palatium
979 1540 1258 1603 irrumpunt,
1294 1538 1506 1586 omnibus
1525 1538 1725 1604 Sigeriis
1744 1540 1787 1600 ⁵)
1821 1549 1886 1588 at
1928 1567 1929 1571 =

273 1625 364 1675 que
409 1609 672 1657 Partheniis
718 1608 1028 1656 audaciores?
1101 1609 1171 1657 De
1211 1609 1453 1668 Romanis,
1501 1606 1590 1657 nisi
1635 1610 1796 1670 fallor,
1832 1611 1885 1666 ἱ,

272 1689 346 1728 est
384 1678 441 1727 de
488 1695 580 1726 non
614 1679 907 1726 Christianis.
982 1678 1137 1743 Atque
1185 1679 1306 1728 adeo
1346 1696 1507 1728 omnes
1545 1680 1612 1727 illi
1658 1680 1742 1729 sub
1790 1681 1875 1745 ips

271 1766 418 1815 usque
464 1750 715 1813 impietatis
760 1751 1009 1812 eruptione
1058 1759 1105 1798 et
1151 1767 1286 1798 saera
1330 1750 1570 1799 faciebant
1612 1767 1700 1814 pro
1740 1751 1842 1799 salu.
1872 1750 1916 1793 2³²

271 1821 591 1884 imperatoris,
633 1828 682 1866 et
712 1821 897 1882 genium
931 1821 1031 1867 eius
1065 1819 1361 1880 deierabant,
1409 1822 1490 1868 alii
1521 1821 1660 1880 foris,
1710 1822 1788 1870 alii
1820 1823 1892 1876 in,-
1924 1823 1926 1826 ’

272 1901 367 1949 tus,
417 1899 464 1938 et
501 1891 662 1954 utique
700 1890 992 1953 publicorum
1032 1891 1232 1938 hostium
1277 1907 1449 1940 nomen
1482 1891 1762 1940 Christianis
1808 1891 1882 1940 da

271 1962 398 2009 bant.
461 1959 557 2007 Sed
589 1969 636 2007 et
667 1961 743 2024 qui
776 1977 895 2008 nunc
929 1962 1232 2009 scelestarum
1266 1963 1468 2026 partium
1501 1963 1622 2010 socii
1652 1971 1732 2011 aut
1759 1963 1889 2027 Ρίειιι

272 2047 409 2080 sores
454 2029 665 2094 quotidie
709 2031 1009 2089 revelantur,
1071 2041 1178 2095 post
1221 2032 1500 2081 vindemiam
1545 2032 1931 2096 parricidarum.

271 2101 530 2151 racematio
578 2109 842 2164 superstes,
907 2118 1038 2164 quam
1084 2103 1423 2150 recentissimis
1470 2113 1518 2150 et
1561 2102 1879 2151 ramosissimi
1916 2101 1924 2114 ⁸

272 2173 444 2220 laureis
477 2179 635 2235 postes
665 2171 1053 2234 praestruebant?
1098 2188 1229 2235 quam
1279 2173 1544 2221 elatissimis
1589 2182 1639 2222 et
1683 2172 1878 2221 clarissi
1915 2207 1927 2230 1⁷

271 2243 356 2289 mis
396 2242 604 2289 lucernis
640 2241 867 2288 vestibula
909 2242 1237 2289 enubilabant?
1253 2243 1296 2300 ⁶)
1354 2259 1487 2307 quam
1535 2244 1802 2292 cultissimis
1841 2252 1892 2297 ej

272 2312 617 2376 'superbissimis
663 2313 779 2358 toris
834 2311 983 2358 forum
1037 2312 1124 2359 sibi
1172 2311 1473 2360 dividebant?
1542 2330 1634 2360 non
1681 2323 1730 2361 ut
1775 2330 1891 2379 gau

274 2382 349 2430 dia
394 2383 581 2447 publica
620 2382 939 2439 celebrarent,
996 2381 1078 2430 sed
1125 2391 1174 2429 ut
1217 2392 1327 2430 vota
1370 2385 1560 2447 propria
1607 2385 1696 2431 iam
1729 2384 1864 2433 edice

388 2606 432 2655 1)
463 2607 618 2645 Pamel.
651 2611 694 2646 et
722 2609 911 2647 Herald.:
953 2611 1287 2657 appararent,
1330 2609 1397 2646 Fr.
1428 2611 1572 2648 lunius
1603 2623 1626 2648 e
1653 2610 1744 2650 cod.
1773 2605 1888 2649 Put.
1926 2647 1929 2650 .

275 2666 549 2712 apparent,
585 2664 736 2701 ceteri:
772 2668 1096 2712 apparerent.
1143 2666 1271 2703 Porro
1295 2665 1454 2712 Gelen.,
1492 2667 1675 2716 Wouw.,
1708 2661 1896 2718 Ganga-se

275 2729 450 2765 scena3
486 2720 718 2757 Cod.Fuld.
749 2721 1015 2769 insculpta
1039 2724 1244 2768 pareret
1269 2733 1449 2759 novum
1481 2734 1537 2760 ac
1567 2725 1891 2761 novumCae'-
1931 2737 1934 2740 ⁴

275 2785 453 2810 narem.
516 2778 679 2814 scena
711 2778 989 2814 conceario
1023 2777 1309 2816 dividundo
1343 2779 1760 2828 praesidentem,
1796 2791 1830 2816 e.
1861 2779 1888 2817 i.

273 2830 315 2866 h.
345 2841 440 2876 quo
471 2831 738 2872 reclamat.
799 2833 996 2872 scriven:
1028 2838 1343 2881 apparerent
1371 2834 1464 2872 hac
1494 2835 1616 2873 novi
1648 2835 1888 2873 Caesaris

275 2895 444 2923 scena.
562 2888 606 2935 2)
639 2889 873 2927 Cod.Fuld.
904 2889 1325 2937 depopulatores.
1447 2889 1491 2943 3)
1524 2891 1593 2932 Sic
1618 2892 1780 2929 emend.
1798 2885 1890 2941 Rigl

274 2944 317 2979 et
332 2942 462 2989 Hav.;
494 2943 647 2990 reliqui
662 2956 827 2982 omnes:
861 2945 1076 2993 spirant.
1181 2948 1225 2991 4)
1257 2947 1386 2984 Rhen.
1403 2951 1445 2985 et
1459 2947 1611 2987 Aldus:
1644 2943 1890 2998 fascibus-f

276 2999 320 3046 5)
351 2998 453 3048 Get,
486 3000 660 3048 Gangn„
693 3001 881 3040 Herald.:
914 3002 1221 3050 Stephanis3
1271 3003 1385 3041 codd.
1419 3015 1451 3041 s.
1483 3004 1715 3042 omnibus
1746 3004 1890 3053 Sige-v

274 3054 392 3104 riis,
424 3066 458 3092 s.
492 3066 614 3092 omn.
646 3058 734 3094 tot.
768 3058 867 3105 Sig.
915 3059 975 3096 Cf.
993 3061 1116 3096 Mart.
1134 3060 1262 3108 epigr.
1280 3062 1318 3108 4,
1351 3061 1416 3097 78.
1450 3067 1469 3071 ⁴
1534 3060 1578 3108 6)
1607 3059 1714 3099 flav.
1745 3073 1766 3098 e
1797 3072 1863 3098 co·

274 3110 395 3148 Fuld.
430 3111 761 3160 nubilabant3
793 3114 884 3163 Rig.
919 3118 960 3152 et
977 3116 1063 3152 lun.
1093 3115 1330 3153 ecod.Put.
1360 3115 1689 3155 nebulabant.
1721 3115 1770 3156 In
1797 3112 1884 3155 cof

274 3167 405 3215 Lugd.
437 3167 589 3205 desunt
618 3181 681 3207 vv.
713 3181 857 3217 quam
889 3171 1005 3209 elat.
1036 3191 1094 3199 —-
1123 3173 1470 3212 enubilabant.
1863 3185 1894 3190 ’
