1942 3554
51 118 72 167 ξς

50 179 69 233 2.
451 198 537 237 DE
566 197 841 236 IEIUNus
873 196 1014 242 anv.
1043 195 1257 236 rsrcu.
1539 193 1672 240 193

13 338 20 342 ·
51 307 65 323 ³
103 330 130 364 ι·
156 314 206 362 ἰιι
236 311 403 361 ordine
432 312 611 360 fuerint
639 311 908 374 religionis,
949 323 1034 358 eos
1070 312 1390 368 revincamus,
1438 310 1515 374 qui
1552 309 1673 358 haec

28 324 102 456 z:
122 401 246 434 nova
273 391 525 443 accusant3
558 398 647 430 nec
679 399 848 430 novum
881 382 1028 439 enim,
1069 381 1195 446 quod
1225 397 1435 446 semper,
1474 397 1563 429 nec
1591 398 1676 430 va-

27 453 354 521 ·fiuum,‚quod
385 454 516 505 utile.
579 451 676 502 Sed
716 462 765 501 et
794 452 908 500 illud
947 454 994 500 in
1024 453 1180 501 medio
1213 462 1308 511 est,
1349 451 1577 517 quaedam
1615 469 1678 501 ex

23 522 114 593 ibis
143 525 312 576 officiis
341 541 370 573 a
401 523 492 589 deo
524 524 702 573 homini
732 525 964 588 imperata
994 525 1147 588 legem
1181 525 1498 582 constituisse,
1532 540 1678 588 quae·-

16 596 147 678 ,ξω
177 597 237 646 ab
275 597 465 645 homine
503 594 595 644 deo
635 596 795 644 oblata
845 604 1005 644 votum
1054 597 1352 661 expunxisse.
1412 595 1590 643 Tamen
1628 603 1679 643 et

0 661 216 732 simum,
248 685 353 716 cum
384 684 412 715 a
443 666 535 715 deo
566 675 866 732 acceptatum
898 676 986 725 est,
1019 667 1174 731 legem
1211 668 1258 715 in
1289 667 1680 731 posterumfaeit

0 735 31 806 ἠ
100 740 489 789 tauctoritatem
519 739 866 803 acceptatoris3
899 737 1070 786 exinde
1103 740 1225 787 enim
1256 737 1525 786 faciendum
1549 753 1679 786 man-

0 828 30 855 τι,
100 812 183 869 vit,
216 811 295 875 qui
325 810 500 864 factum
540 810 882 873 comprobavit.
947 809 1108 874 Itaque
1142 819 1192 857 et
1219 809 1329 856 hinc
1361 811 1409 857 in
1447 809 1542 856 alia
1571 825 1681 874 spe--

32 883 115 950 fuse
153 881 405 933 altercatio
447 879 663 929 diversae
702 882 851 944 partis
883 879 1159 938 obducitur,
1208 897 1312 931 cum
1352 879 1536 928 dicunt:
1598 889 1681 928 aut

21 984 29 994 «
67 951 473 1016 seudoprophetia
505 959 600 1008 est,
638 953 678 999 si
708 952 934 1016 spiritalis
963 969 1058 999 vox
1095 952 1343 1000 sollemnia
1381 953 1472 999 ista
1503 954 1680 1000 consti-

47 1024 52 1029 ’
95 1025 146 1083 ·t‚
178 1031 260 1072 aut
287 1022 524 1080 haeresis,
571 1022 612 1070 si
642 1022 843 1070 humana
881 1026 1206 1088 praesumptio
1245 1022 1503 1071 adinvenit.
1562 1021 1680 1071 Eam

32 1096 166 1166 'nim
196 1095 395 1142 formam
425 1093 848 1158 reprehendentes,
882 1110 973 1158 qua
1005 1103 1053 1142 et
1090 1103 1257 1142 vetera
1288 1093 1679 1150 decucurrerunt,

28 1163 93 1222 bt
121 1182 184 1215 ex
213 1181 272 1213 ea
301 1173 665 1229 retorquentem,
685 1181 803 1229 quae
837 1173 886 1212 et
918 1164 1180 1213 adversarii
1213 1174 1423 1219 veterum
1455 1163 1681 1214 adversus

28 1234 123 1302 v{illa
152 1244 376 1302 poterunt
406 1244 695 1294 retractare,
743 1244 824 1283 aut
854 1244 903 1283 et
940 1237 1021 1283 illa
1059 1253 1283 1285 recusare
1323 1235 1564 1286 debebunt
1600 1244 1682 1285 aut
1741 1285 1749 1290 ,

39 1316 232 1358 exserta
249 1309 294 1369 1)
334 1308 425 1357 ista
461 1307 703 1371 suscipere
743 1309 1038 1366 necessarie,
1085 1309 1284 1359 maxime
1331 1322 1436 1355 cum
1481 1315 1531 1355 et
1574 1309 1680 1365 ista,

37 1375 378 1444 a‘quocunque
409 1379 837 1435 institutoresunt,
871 1379 968 1426 sive
1001 1380 1200 1442 spiritali
1217 1380 1314 1426 sive
1340 1386 1518 1426 tantum
1535 1377 1680 1435 fideli,

28 1448 195 1505 ,cidem
226 1447 317 1497 deo
350 1457 564 1506 currant,
600 1450 675 1496 cui
706 1458 756 1496 et
784 1458 964 1497 vetera.
1026 1449 1294 1497 Indubitate
1333 1451 1456 1497 enim
1489 1458 1538 1497 et
1567 1450 1682 1498 hae-

27 1522 159 1584 ·jresis
197 1529 247 1568 et
274 1518 711 1584 pseudoprophetia
741 1519 999 1567 divinitatis
1032 1519 1310 1568 diversitate
1348 1520 1682 1568 iudicabuntur

119 1589 163 1640 'd
194 1596 283 1639 nos
313 1606 476 1639 omnes
508 1587 634 1638 unici
666 1589 744 1638 dei
776 1593 1011 1639 creatoris
1049 1600 1099 1640 et
1137 1591 1313 1643 Christi
1351 1593 1453 1640 eius
1476 1593 1682 1649 >antisti-

49 1714 55 1721 ξ
104 1658 137 1722 ⁹,
184 1657 400 1727 adeoque
439 1661 771 1711 indifferenter
800 1662 924 1710 hanc
955 1671 1139 1727 parumn
1172 1662 1403 1720 defendo,
1436 1663 1529 1711 ssfis
1561 1662 1681 1710 ofle-

96 1751 166 1793 ns,
197 1735 246 1782 in
276 1750 368 1798 quo
398 1734 546 1782 velint
576 1732 772 1796 gradum
807 1734 971 1796 figere.
1036 1732 1239 1797 Spiritus
1270 1733 1449 1781 diaboli
1481 1742 1576 1791 est,
1610 1732 1681 1780 di-

0 1839 5 1856 2
43 1805 126 1865 Vis,
161 1822 189 1852 o
220 1805 464 1870 psychice.
525 1803 588 1851 Et
618 1803 854 1867 quomodo
895 1804 973 1854 dei
1011 1806 1161 1852 nostri
1201 1804 1355 1852 officia
1394 1803 1562 1851 indicit
1592 1819 1682 1852 nee

35 1884 45 1943 J
70 1877 122 1926 lii
161 1874 408 1925 offerenda
452 1891 587 1939 quam
634 1874 724 1922 deo
770 1879 967 1923 nostro?
1030 1874 1129 1923 Aut
1168 1874 1403 1923 contende
1444 1874 1682 1928 diabolum

16 1942 146 1998 ¹'cum
194 1946 302 1995 deo·
332 1947 495 1994 facere
535 1954 722 2003 nostro,
770 1955 851 1993 aut
890 1955 1077 1994 satanas
1124 1947 1393 2010 paracletus
1431 1946 1679 1994 habeatur.

12 1975 142 2083 {Sed
171 2018 407 2066 hominem
437 2017 762 2064 antichristum
794 2017 1017 2077 affirmas3
1050 2018 1141 2065 hoc
1175 2019 1297 2065 enim
1321 2027 1551 2066 vocantur
1565 2017 1681 2066 hae-

10 2085 183 2151 §retici
211 2089 399 2136 nomine
430 2104 577 2152 penes
608 2087 832 2136 Ioannem
849 2090 914 2150 2).
975 2088 1038 2136 Et
1068 2088 1328 2153 quomodo,
1363 2090 1568 2153 quisquis
1599 2089 1680 2137 ille

23 2170 116 2223 „est
144 2162 192 2211 in
225 2159 413 2221 Chgisto
445 2167 633 2217 nostro,
682 2159 802 2207 haec
843 2176 959 2223 erga
1000 2159 1235 2208 dominum
1275 2169 1485 2207 nostrum
1526 2159 1681 2208 officia

34 2222 448 2306 ''sposuitsffum
488 2239 538 2278 et
567 2229 833 2277 antichristi
865 2248 982 2295 erga
1021 2231 1158 2279 deum
1190 2230 1438 2278 adversum
1469 2240 1680 2280 nostrum

2 2332 4 2334 v
73 2302 367 2360 rocaberint
405 2300 679 2349 Christum?
738 2301 839 2361 Qu'o
888 2304 1045 2367 itaque
1091 2311 1228 2367 putas
1267 2303 1464 2350 laterum
1505 2302 1679 2350 confir-

37 2382 214 2431 ‘4›tun1
258 2371 383 2438 apud
427 2388 514 2419 nos
558 2374 793 2437 sphiuun,
842 2390 945 2421 cuni
991 2375 1192 2438 hnperat
1235 2390 1295 2420 an
1342 2390 1444 2421 cuni
1490 2374 1678 2437 proban

37 2461 163 2497 uae
207 2443 324 2492 deus
367 2451 547 2491 noster>
576 2452 625 2491 et
669 2445 1143 2509 imperavitbsemper
1182 2453 1231 2492 et
1267 2444 1522 2508 probavit?
1582 2442 1681 2492 Sed

42 2540 45 2542 ·
80 2531 203 2563 rsus
232 2515 368 2579 palos
404 2515 676 2562 terminales
708 2515 854 2578 figitis
886 2514 1001 2573 deo,
1047 2516 1172 2563 sicut
1202 2514 1262 2562 de
1301 2516 1476 2578 gratia,
1522 2515 1588 2562 ita
1619 2513 1679 2563 de

39 2586 317 2651 'ciplina,
363 2585 486 2632 sicut
523 2584 582 2633 de
623 2585 1005 2643 charismatibus,
1053 2587 1120 2632 ita
1157 2584 1216 2632 de
1257 2584 1583 2642 sollemnibus,
1629 2595 1682 2633 ut

42 2655 243 2719 froinde
277 2654 432 2703 officia
463 2656 769 2714 cessaverint,
803 2655 1190 2720 quemadmodum
1222 2665 1272 2703 et
1301 2656 1535 2704 beneficia
1560 2657 1678 2714 eius,

106 2744 184 2777 ue
223 2729 288 2775 ita
326 2725 512 2789 negetis
542 2743 687 2790 usque
726 2725 879 2775 adhuc
926 2741 1031 2776 eum
1076 2728 1232 2774 munia
1270 2728 1536 2792 imponere,
1571 2729 1679 2792 quia

33 2812 68 2847 ⁴.»
124 2800 201 2847 hic
233 2799 312 2846 lex
349 2805 399 2845 et
435 2797 697 2861 prophetae
739 2814 881 2862 usque
922 2797 982 2846 ad
1022 2798 1260 2846 Ioannem.
1332 2796 1581 2863 Superest,
1631 2807 1679 2846 ut

32 2878 43 2934 ᾗ.
66 2879 193 2919 tum
220 2868 467 2927 auferatiS,
501 2876 718 2932 quantum
750 2870 796 2916 in
827 2869 962 2918 vobis
992 2878 1084 2917 tam
1118 2870 1333 2917 otiosum.

86 3031 88 3034 v
164 3052 212 3107 1)
243 3053 320 3093 Ed.
350 3053 478 3092 Fran.
512 3054 773 3093 debebunt
804 3058 1013 3103 exerte,
1046 3056 1138 3095 cod.
1173 3057 1343 3093 Wouw.
1377 3057 1419 3093 et
1448 3055 1539 3104 Rig.
1572 3054 1678 3093 deb,

96 3138 97 3141 η
119 3114 138 3151 t
168 3114 336 3158 certe,
366 3121 475 3158 quae
507 3114 740 3162 probarem,
774 3113 810 3152 si
840 3125 877 3151 v.
909 3113 1158 3160 maxime,
1198 3112 1603 3160 quoddaideratur
1633 3112 1677 3149 in

111 3185 140 3208 .
172 3169 357 3216 Wouw.‚
391 3167 613 3207 deleretur.
790 3168 832 3223 2)
855 3172 874 3207 1
895 3171 979 3208 loa.
999 3173 1035 3220 2,
1057 3171 1120 3208 18.
1148 3172 1213 3207 22.
1231 3171 1269 3218 4,
1290 3171 1328 3208 3.
1376 3171 1400 3207 2
1417 3171 1503 3208 loa.
1525 3178 1560 3206 v.
1579 3170 1617 3206 7.

47 3223 73 3290 3
109 3238 344 3279 Tun-rum..
379 3241 426 3280 11.
1259 3230 1320 3277 13
