1942 3554
72 0 117 309 ἔ
437 238 522 277 DE
550 236 924 278 VIRGINIBUS
954 232 1292 277 VELANDIS.
1549 232 1686 279 209

107 370 151 411 ‚n
181 351 423 402 adulteros
453 354 698 400 nominans
728 353 948 416 angelos,
981 350 1066 400 sed
1096 353 1304 409 maritos,
1338 349 1444 398 dum
1468 351 1686 416 innuptas

107 434 110 437 '
156 433 246 473 unt*
267 424 386 473 filias
417 424 674 482 hominum,
722 440 835 488 quas
866 432 1000 471 natas
1031 440 1172 488 supra
1209 422 1350 482 dixit3
1397 424 1466 470 sic
1499 438 1684 488 quoque

125 497 261 561 gines
305 495 591 559 significavit
641 511 781 560 supra
825 504 974 543 natas.
1055 495 1122 544 At
1165 494 1243 542 hie
1289 495 1471 558 angelis
1517 502 1685 559 nuptas

77 566 184 630 ¹iud-
208 567 507 625 eas-neseio,
542 583 676 633 quam
707 575 841 614 natas
873 575 922 615 et
952 565 1122 615 dehinc
1155 575 1336 630 nuptas.
1383 563 1541 626 Debet
1564 582 1682 629 ergo

144 637 319 689 mbrari
363 638 513 686 facies
558 646 651 685 tam
695 638 988 704 periculosa,
1037 653 1156 702 quae
1203 653 1349 702 usque
1388 636 1448 684 ad
1497 638 1682 685 coelum

32 707 272 766 *andala
303 709 508 758 iaculata
539 718 632 767 est,
678 718 730 756 ut
775 726 877 757 cum
923 708 1015 757 deo
1062 708 1319 767 adsistens,
1367 709 1442 756 eui
1480 723 1564 755 rea
1609 716 1683 756 est

34 772 326 845 &gelorum
357 782 797 838 exterminatorum,
847 781 1020 828 ceteris
1053 794 1235 844 quoque
1283 780 1466 843 angelis
1510 779 1681 827 erube-

32 842 173 911 ffiat,
220 861 270 902 et
296 853 466 913 mal-am
497 853 624 900 illam
655 850 909 916 aliquando
939 851 1206 899 libertatem
1240 852 1408 915 capitis
1446 850 1517 897 sui
1550 867 1679 898 com-

59 915 67 927 *
106 923 218 971 'mat
247 924 338 975 iam
369 939 459 972 nec
490 922 726 971 hominum
758 923 908 970 oeulis
941 921 1248 970 offerendam.
1312 920 1409 969 Sed
1441 921 1530 969 etsi
1563 937 1678 968 con-

142 995 294 1043 inatas
323 995 415 1042 iam
445 995 642 1042 feminas
680 994 838 1057 angeli
876 993 944 1040 illi
989 993 1302 1057 appetissent,
1349 1001 1480 1040 tanto
1527 995 1678 1057 magis

104 1074 243 1131 opter
285 1066 484 1130 angelos
526 1066 736 1129 virgines
781 1064 932 1113 velari
968 1061 1271 1123 debuissent,
1320 1072 1494 1129 quanto
1527 1066 1676 1129 magis

27 1138 33 1140 ”
105 1141 243 1202 apter
269 1138 480 1201 virgines
511 1137 669 1200 angeli
701 1134 954 1200 deliquisse
986 1137 1265 1200 potuissent.
1343 1134 1396 1182 Si
1439 1143 1596 1182 autem
1627 1145 1678 1183 et

105 1217 240 1256 turae
271 1207 614 1272 praeiudicium
645 1206 810 1254 adiicit
840 1208 1106 1272 apostolus,
1146 1205 1271 1271 quod
1302 1207 1457 1254 honor
1486 1207 1546 1253 sit
1575 1223 1675 1254 mu-

36 1278 176 1328 '’eris
206 1278 524 1329 redundantia
558 1279 858 1343 capillorum,
907 1280 1016 1343 quia
1062 1295 1198 1326 coma
1241 1294 1329 1342 pro
1377 1279 1673 1342 operimento

11 1357 119 1398 :west
133 1351 205 1410 ¹),
236 1351 398 1415 utique
429 1350 522 1398 hoe
559 1351 759 1398 maxime
797 1351 970 1414 virgini
1012 1351 1199 1413 insigne
1246 1358 1339 1407 est,
1389 1366 1580 1413 quarum
1627 1358 1677 1397 et

0 1415 238 1486 {rprnatus
267 1422 369 1486 ipse
399 1422 592 1486 proprie
624 1423 693 1469 sic
725 1430 820 1480 est,
853 1430 904 1469 ut
935 1422 1169 1469 cumulata
1199 1422 1246 1468 in
1272 1421 1501 1469 verticem
1526 1422 1674 1485 ipsam

99 1492 211 1557 pitis
241 1509 400 1540 arcem
431 1492 606 1540 ambitu
638 1494 833 1541 crinium
866 1501 1106 1556 contegat.

58 1619 61 1622 Δ
128 1570 132 1574 ’
181 1567 230 1614 8.
293 1562 468 1611 Horum
501 1573 632 1612 certe
679 1566 881 1612 omnium
928 1564 1170 1611 contraria
1215 1561 1449 1620 efficiunt,
1496 1578 1554 1611 ne
1599 1565 1674 1611 vir

0 1631 3 1633 ’
45 1635 47 1640 ’
99 1642 184 1699 put
209 1635 359 1694 velet,
392 1635 579 1686 scilicet
609 1636 716 1700 quia
746 1653 839 1683 non
871 1637 932 1683 sit
962 1635 1242 1683 naturaliter
1267 1642 1548 1682 consecutus
1573 1651 1672 1682 am-

0 1711 18 1737 “·
73 1706 265 1753 'tionem
298 1699 598 1770 capillorum,
646 1708 753 1772 quia
797 1706 901 1755 radi
946 1707 1043 1755 sive
1089 1705 1280 1753 tonderi
1317 1722 1412 1753 non
1443 1706 1504 1754 sit
1535 1714 1669 1770 turpe

0 1779 15 1794 ⁶
75 1777 130 1835 li,
164 1778 273 1841 quia
302 1794 396 1824 non
425 1786 626 1842 propter
654 1779 780 1825 illum
813 1778 972 1841 angeli
1004 1778 1341 1835 exorbitarint,
1377 1778 1485 1840 quia
1514 1777 1671 1840 gloria

0 1843 16 1896 f·
59 1847 90 1896 't
117 1849 275 1912 imago
307 1847 385 1895 dei
415 1842 506 1906 sit,
531 1850 638 1913 quia
671 1858 812 1913 eaput
842 1851 943 1897 eius
983 1848 1196 1896 Christus
1212 1849 1277 1908 2).
1353 1847 1516 1911 Itaque
1565 1864 1670 1895 cum

38 1917 45 1985 J
71 1934 99 1967 e
126 1917 245 1967 viro'
265 1927 315 1966 et
343 1919 540 1967 muliere
571 1921 813 1984 apostolus
844 1929 1033 1978 tractet,
1068 1937 1153 1968 cur
1176 1919 1303 1966 illam
1335 1927 1558 1982 oporteat
1584 1934 1668 1967 ve-

14 1989 150 2048 )Iari‚
182 1989 309 2057 illum
338 2005 454 2038 vero
486 2007 602 2049 non,
635 1999 854 2055 apparet,
904 2008 989 2039 cur
1026 2000 1076 2039 et
1103 1991 1300 2054 virginis
1330 1990 1564 2037 silentium
1593 1990 1668 2038 fe-

13 2050 26 2126 1³
38 2061 182 2119 cerit,
215 2059 381 2108 eadem
411 2063 596 2110 ratione
628 2063 814 2110 scilicet
842 2063 1072 2126 virginem
1103 2063 1151 2109 in
1174 2062 1369 2112 muliere
1395 2061 1666 2125 intelligen-

18 2136 24 2138 ’
48 2147 141 2180 am
173 2131 369 2195 sinens„
387 2149 478 2196 qua
507 2142 556 2180 et
585 2150 778 2197 puerum
810 2142 861 2180 ut
890 2135 937 2180 in
967 2135 1069 2183 viro
1103 2131 1416 2197 deputandum
1454 2149 1549 2181 non
1580 2150 1666 2180 no-

0 2218 7 2257 ἦ
30 2196 251 2261 inavit,
284 2212 433 2261 totum
466 2203 677 2256 ordinem
708 2206 949 2269 utriusque
996 2221 1134 2252 sexus
1179 2205 1383 2268 propriis
1419 2203 1664 2251 vocabulis

0 2283 2 2286 ’
44 2274 332 2339 omplexus,
364 2274 572 2323 mulieris
604 2285 653 2324 et
680 2277 784 2323 viri.
848 2275 930 2324 Sic
962 2277 1103 2324 etiam
1147 2274 1301 2323 Adam
1347 2273 1500 2323 adhuc
1540 2276 1662 2323 inte-

6 2346 11 2348 ’
69 2361 145 2404 ot,
175 2346 249 2398 vir
277 2346 325 2392 in
359 2344 533 2394 Genesi
564 2356 638 2394 est
668 2348 1040 2411 cognominat-us,
1071 2347 1334 2405 vocabitur,
1367 2347 1531 2410 inquit,
1563 2364 1663 2394 mu-

69 2431 147 2474 er,
195 2417 302 2481 quia
331 2415 391 2465 de
419 2419 524 2464 viro
555 2435 640 2465 suo
671 2427 854 2482 sumpta
884 2421 1035 2479 est3).
1113 2417 1194 2466 Sic
1238 2419 1312 2466 vir
1353 2416 1506 2464 Adam
1552 2427 1661 2465 ante

39 2487 299 2551 uptiarum
330 2502 657 2551 congressum,
691 2488 1077 2552 quemadmodum
1110 2497 1160 2536 et
1203 2487 1304 2535 Eva
1348 2488 1530 2555 mulier,
1590 2487 1661 2536 De

48 2566 233 2622 traque
276 2566 413 2622 parte
458 2561 571 2607 satis
616 2558 677 2606 ad
715 2560 980 2607 universam
1018 2560 1226 2623 speciem
1266 2559 1488 2622 cuiusque
1521 2573 1661 2608 sexus

60 2629 276 2677 'ostolus
320 2631 640 2693 pronuntiavit
682 2639 732 2677 et
773 2630 986 2678 breviter
1030 2638 1080 2677 et
1122 2630 1260 2692 plene
1299 2638 1393 2676 tam
1431 2630 1661 2677 instructa

3 2746 6 2749 Δ
45 2700 336 2759 olinitione3
371 2703 541 2759 omnis,
574 2701 746 2764 inquit,
778 2702 1025 2761 mulier4).
1089 2699 1210 2758 Quid
1249 2708 1322 2747 est
1353 2700 1524 2758 omnis,
1571 2701 1661 2748 nisi

81 2771 184 2819 nis
200 2771 406 2835 generis,
435 2773 584 2819 omnis
601 2770 794 2829 ordinis,
828 2772 975 2820 omnis
1001 2769 1300 2828 conditionis,
1334 2772 1482 2818 omnis
1507 2769 1661 2834 digni-

44 2843 168 2901 tis,
201 2843 581 2890 omnisiaetatis?
637 2841 866 2907 siquidem
899 2858 1035 2890 omne
1066 2851 1213 2889 totum
1244 2850 1318 2889 est
1346 2850 1396 2889 et
1425 2842 1658 2906 integrum

42 2922 51 2979 ¹.
111 2913 239 2962 nulla
268 2914 503 2978 suiparte
536 2912 787 2962 defectum.
862 2912 978 2961 Pars
1023 2922 1178 2961 autem
1208 2913 1415 2960 mulier-is
1446 2922 1494 2961 et
1522 2915 1657 2977 virgo

68 2991 124 3031 tf,
182 2983 349 3049 Aeque
380 2979 430 3032 et
459 2983 518 3033 de
548 2985 652 3033 viro
683 3001 777 3033 non
800 2983 1026 3033 velando:
1061 2985 1210 3032 omnis
1226 2986 1290 3046 ⁵),
1322 2985 1486 3048 inquit.
1526 2983 1656 3033 Eece

37 3151 66 3209 “ji
148 3150 194 3204 1)
228 3155 252 3191 1
284 3155 378 3194 Cor.
411 3157 485 3206 11,
519 3158 586 3197 15.
716 3158 761 3205 2)
794 3158 817 3193 1
838 3158 931 3195 Cor.
964 3158 1037 3206 11,
1071 3157 1110 3195 2.
1139 3158 1202 3195 7,
1295 3157 1340 3208 3)
1365 3158 1515 3196 Genes.
1535 3158 1572 3208 2,
1590 3157 1657 3196 23.

51 3250 54 3251 γ
93 3211 118 3248 1
135 3211 229 3249 Cor.
247 3211 313 3262 11,
332 3214 370 3250 5.
487 3211 532 3267 5)
551 3215 574 3251 1
594 3216 688 3252 Cor.
706 3215 773 3264 11,
792 3215 831 3252 4.

91 3279 326 3334 Τεκτᾳιι.
349 3284 401 3321 11.
1239 3276 1304 3322 14
