1942 3554
343 200 563 237 CONTRA
591 196 898 236 eNos‘ricos
928 195 1242 235 scoat’mca.
1483 194 1603 243 245

21 339 186 398 uidae3
222 355 345 387 nunc
377 339 526 386 latens
557 355 722 387 manna
756 355 858 385 cum
891 337 1074 384 calculo
1107 333 1312 383 candido
1345 343 1394 382 et
1413 337 1601 383 nomine

0 419 158 468 vmoto,
190 425 313 456 nunc
346 410 534 456 ferreae
563 410 728 472 virgae
760 415 1040 471 potestatem
1073 415 1121 452 et
1151 405 1319 452 stellae
1350 406 1604 452 matutinae

24 482 238 529 aritatem
284 495 405 526 nunc
437 478 587 526 albam
627 479 790 526 vestiri
831 493 919 524 nec
961 475 1112 523 deleri
1153 475 1215 522 de
1249 475 1368 522 libro
1399 476 1525 522 vitae
1560 484 1608 522 et

8 551 238 598 olumnam
285 549 389 596 fieri
428 550 474 595 in
515 547 592 596 dei
637 548 811 611 templo
852 548 899 593 in
931 547 1119 593 nomine
1160 544 1238 592 dei
1272 554 1320 592 et
1352 544 1525 592 domini
1559 554 1608 592 et

10 619 273 668 sierusalem
305 619 530 666 coelestis
563 619 860 681 inscriptam,
910 632 1031 663 nunc
1065 615 1285 663 residere
1320 631 1423 662 cum
1457 614 1607 662 domi-

0 707 46 738 .‚-
66 691 126 740 in
147 688 317 735 throno
350 689 473 745 eius,
523 687 647 751 quod
686 685 934 751 aliquando
953 688 997 745 1)
1041 684 1286 733 Zebedaei
1319 685 1427 731 liliis
1459 701 1606 749 nega-

0 769 128 808 mur.
189 757 382 817 Quinam
415 759 492 805 isti
523 767 614 804 tam
645 757 774 804 beati
804 759 1034 813 victores,
1083 756 1170 802 nisi
1201 756 1397 819 proprie
1429 764 1607 819 marty-

14 832 91 890 θεῖ’1
141 828 329 876 Illorum
361 829 534 875 etenim
565 829 818 885 victoriae,
869 842 1063 890 quorum
1105 834 1153 872 et
1181 841 1393 889 pugnae,
1441 841 1605 873 eorum

11 916 95 950 em
124 914 324 964 pugnae,
359 915 554 962 quorum
587 907 630 945 e!
668 898 872 961 sanguis.
924 895 1022 943 Sed
1055 904 1104 943 et
1134 897 1322 942 interim
1353 895 1437 942 sub
1469 896 1605 942 altari

0 972 231 1036 aql-‘tyrum
277 969 458 1015 animae
503 967 736 1031 placidum
786 969 1054 1031 quiescunt,
1105 975 1153 1012 et
1198 964 1374 1013 fiducia
1413 966 1604 1012 ultionis

0 1036 221 1090 »ahdidam
253 1039 479 1086 claritatis
511 1047 736 1101 usurpant
750 1037 812 1102 2),
848 1036 1001 1084 donec
1034 1045 1082 1083 et
1112 1036 1192 1083 alii
1227 1038 1515 1083 consortium
1548 1036 1606 1082 il-

0 1125 124 1169 -rum
156 1109 336 1173 gloriae
368 1109 607 1172 impleant.
661 1108 779 1155 Nam
814 1117 862 1153 et
892 1123 1052 1153 rursus
1084 1108 1324 1154 innumera
1355 1105 1605 1154 multitudo

2 1179 126 1228 osbati
170 1188 220 1227 et
261 1179 424 1242 palmis
471 1179 699 1226 victoriae
739 1179 948 1239 insignes
987 1177 1278 1234 revelantur,
1326 1177 1516 1223 scilicet
1547 1176 1606 1223 de

11 1250 274 1297 *ntichristo
322 1249 679 1311 triumphantes,
727 1248 850 1294 sicut
894 1263 1010 1293 unus
1059 1262 1118 1293 ex
1162 1247 1482 1311 presbyteris:
1550 1247 1608 1294 Hi

0 1329 104 1380 >vint,
136 1320 203 1366 ait
217 1320 282 1378 3),
316 1319 392 1383 qui
422 1320 615 1366 veniunt
646 1333 707 1364 ex
736 1318 816 1364 illa
845 1326 1065 1380 pressura
1098 1333 1280 1380 magna,
1315 1326 1363 1363 et
1396 1318 1609 1364 laverunt

0 1390 309 1438 *estimentum
355 1405 507 1445 suum,
569 1397 616 1435 et
668 1386 1038 1435 candidaverunt
1091 1388 1238 1450 ipsum
1285 1388 1331 1433 in
1377 1388 1606 1451 sanguine

0 1460 109 1524 ggni.
168 1458 380 1506 Vestitus
420 1459 540 1505 enim
579 1459 760 1506 animae
802 1474 932 1504 caro.
1010 1456 1188 1504 Sordes
1230 1457 1415 1520 quidem
1454 1457 1607 1521 bapti-

0 1538 130 1579 mate
161 1527 426 1586 abluuntur,
458 1529 666 1576 maculae
699 1543 813 1575 vero
846 1528 1072 1591 martyrio
1107 1526 1429 1575 candidantur.
1488 1527 1609 1586 Quia

21 1609 46 1647 t²
72 1599 236 1648 Esaias
253 1600 298 1658 4)
341 1615 402 1647 ex
439 1599 543 1645 rufo
592 1607 640 1645 et
679 1598 877 1646 coccino
919 1599 1102 1645 niveum
1145 1606 1194 1645 et
1224 1598 1408 1645 laneum
1441 1614 1608 1661 repro-

4 1671 140 1718 {sinin
193 1669 366 1733 Magna
397 1670 536 1716 etiam
556 1668 767 1733 Babylon
801 1685 902 1715 cum
937 1667 1221 1715 describitur
1252 1668 1385 1715 ebria
1416 1677 1608 1716 sancto-

0 1755 312 1797 ffam-r-cruore,
358 1740 459 1786 sine
502 1738 641 1785 dubio
684 1739 890 1785 ebrietas
931 1740 1031 1785 eius
1063 1740 1391 1802 martyriorum
1422 1740 1608 1802 poculis

6 1810 288 1868 *ninistratun
322 1826 514 1873 quorum
547 1808 747 1855 formido
782 1807 891 1871 quid
923 1808 1128 1854 relatura
1159 1809 1234 1865 sit,
1267 1824 1417 1871 aeque
1445 1818 1607 1855 osten-

6 1882 127 1928 ³i1ur.
173 1880 303 1927 Inter
334 1895 495 1926 omnes
528 1880 649 1924 enim
681 1878 927 1940 reprobos,
960 1878 1054 1924 imo
1087 1887 1194 1925 ante
1228 1895 1389 1925 omnes
1423 1913 1536 1926 ......
1559 1881 1604 1936 5)

0 1949 160 1998 umidis
199 1959 375 2006 autem,
426 1950 593 2011 inquit,
642 1947 810 1995 dehinc
859 1949 1033 1995 ceteris
1080 1949 1308 2011 particula
1347 1951 1393 1995 in
1440 1957 1607 2012 stagno

0 2019 112 2083 ignis
150 2029 198 2066 et
235 2019 489 2082 sulphuris3
537 2020 604 2065 sic
643 2019 783 2065 timor
825 2019 945 2078 [eius
986 2019 1031 2063 in
1072 2018 1272 2081 epistola
1312 2020 1429 2081 eius]
1470 2036 1606 2082 quem

0 2089 186 2137 *ilectio
217 2089 344 2136 foras
376 2088 538 2136 abiicit
566 2088 707 2136 habet
737 2105 953 2151 poenam.

108 2163 187 2210 13.
226 2158 394 2206 Paulus
426 2175 540 2206 vero
570 2157 830 2222 Apostolus
864 2158 920 2206 de
953 2167 1279 2222 persecutore,
1322 2160 1399 2223 qui
1429 2161 1607 2223 primus

0 2229 228 2283 eclesiae
260 2230 531 2292 sanguinem
563 2228 703 2286 fudit,
752 2238 916 2292 postea
956 2228 1158 2293 gladium
1191 2230 1314 2293 stylo
1347 2238 1527 2277 mutans
1561 2239 1610 2277 et

0 2308 272 2349 mavei-tens
309 2300 600 2347 machaeram
633 2301 677 2346 in
718 2308 945 2357 aratrum,
987 2300 1118 2362 lupus
1158 2316 1303 2362 rapax
1343 2299 1606 2357 Beniamin,

0 2369 160 2423 vuluin‘c
190 2370 390 2418 afferens
422 2372 523 2434 ipse
556 2371 695 2417 etiam
729 2386 886 2417 escam
918 2368 1172 2417 secundum
1205 2370 1363 2427 Iacob,
1407 2371 1609 2433 qualiter

5 2441 212 2506 nial-tyria
250 2441 339 2487 iam
378 2450 426 2488 et
462 2441 551 2487 sibi
591 2440 813 2504 optabilia
853 2439 1148 2488 commendat
1179 2456 1282 2486 cum
1316 2439 1372 2486 de
1404 2440 1608 2486 Thessa-

0 2510 307 2559 =2miecnsib11s
339 2511 563 2574 gaudens,
605 2512 691 2567 uti,
740 2511 889 2573 inquit
905 2510 975 2567 6),
1025 2510 1286 2573 gloriemur
1317 2510 1363 2554 in
1395 2509 1529 2555 vobis
1562 2510 1607 2555 in

24 2579 208 2633 eclesiis
240 2580 316 2628 dei
346 2598 433 2644 pro
464 2581 716 2627 tolerantia
748 2589 906 2627 vestra
939 2588 986 2626 et
1018 2578 1134 2636 fide,
1177 2580 1223 2624 in
1256 2578 1467 2625 omnibus
1498 2595 1608 2642 per-

0 2650 309 2699 velationibus
342 2660 389 2698 et
421 2652 671 2715 pressuris,
706 2650 870 2714 quibus
902 2650 1142 2696 sustinetis
1169 2658 1462 2696 ostentamen
1496 2650 1606 2697 iusti

0 2710 151 2768 ulicii
181 2719 281 2778 dei,
325 2731 376 2768 ut
406 2721 534 2785 digni
566 2721 825 2767 habeamini
859 2735 1008 2783 regno
1043 2721 1165 2776 eius,
1206 2735 1291 2781 pro
1325 2735 1415 2782 quo
1449 2728 1496 2766 et
1525 2736 1607 2783 pa-

103 2932 148 2979 1)
180 2932 328 2969 Matth.
361 2935 425 2980 2⁰,
458 2935 575 2969 20-
584 2934 652 2970 23.
773 2931 816 2985 2)
851 2933 942 2980 Rig.
977 2945 998 2969 e
1030 2933 1120 2970 cod.
1151 2934 1279 2980 Agob.
1311 2935 1359 2969 et
1398 2932 1606 2970 fiducia

0 2985 212 3025 monis
240 2988 557 3035 patientiam
582 2993 806 3036 pascunt
829 2992 876 3025 et
908 2989 1127 3025 indutae
1154 2989 1309 3026 stolis
1334 2989 1607 3026 candidam

26 3041 270 3098 ῑέτὶῐαῑίε
313 3046 589 3092 usurpant.
693 3045 1030 3092 3)Ap0cal.7‚
1077 3046 1140 3081 14.
1265 3045 1491 3092 4)Es.1‚
1539 3046 1604 3082 18.

0 3094 148 3153 Vilio
187 3100 348 3146 aliquot
388 3101 591 3138 vocabula
623 3101 833 3138 excidisse
867 3101 1082 3148 videntur,
1125 3103 1251 3147 atque
1295 3113 1354 3138 vv.
1398 3102 1509 3138 eius
1555 3102 1606 3137 in

27 3146 221 3200 mfltola
252 3157 367 3194 eius
399 3159 448 3194 ab
482 3156 619 3194 aliena
640 3168 765 3194 manu
797 3157 915 3194 illata
946 3168 1050 3195 esse.
1142 3157 1183 3203 6)
1210 3159 1234 3193 2
1259 3157 1405 3194 Thess.
1427 3160 1464 3205 1,
1500 3159 1534 3194 3.
1568 3158 1605 3194 4.

1150 3241 1253 3292 16*
