1942 3554
60 0 95 164 ξ
531 38 556 72 0

56 193 90 275 3
429 218 512 256 nn
542 215 920 257 vmmmnus
949 216 1288 256 VELANms.
1547 210 1678 256 2⁰5

109 418 138 451 a
166 419 260 450 non
291 404 542 468 separavit.
603 402 787 451 Novum
827 411 900 450 est
937 419 1059 450 nunc
1099 417 1215 466 ergo
1255 401 1504 466 principali
1533 415 1678 448 voca-

109 474 155 523 lo
185 474 254 521 uti
285 482 335 522 et
365 482 528 522 cetera
566 475 907 522 nihilominus
893 491 941 522 ιιι
973 490 1031 521 eo
1062 472 1296 521 vocabulo
1328 472 1551 535 intelligi,
1598 471 1678 519 ubi

25 544 174 665 {luna
202 553 279 592 est
316 547 576 594 necessitas
615 546 885 610 singillatim
927 543 1288 608 distinguendae
1326 544 1678 591 universitatis?

40 544 342 665 {laturaliter
373 616 699 681 compendium
731 618 961 665 sermonis
992 625 1041 664 et
1070 625 1253 680 gratnm
1286 623 1335 662 et
1357 616 1674 662 necessarium

24 680 145 747 sest,
177 689 396 752 q‘uoniam
443 704 597 736 sermo
643 689 897 736 laciniosus
943 697 990 736 et
1037 704 1266 735 onerosus
1312 695 1361 734 et
1395 703 1541 734 vanus
1586 695 1673 734 est.

0 748 125 827 ζμΒίο
171 767 221 806 et
264 760 566 822 generalibus
610 760 853 807 vocabulis
894 760 1104 807 contenti
1143 774 1321 815 sumus,
1364 758 1676 821 comprehen—

0 840 2 842 ’
23 823 262 884 flentibus
293 831 340 877 in
371 847 422 878 se
455 831 728 894 specialium
762 829 1069 877 intellectum.
1131 829 1261 892 Ergo
1303 830 1393 876 iam
1434 828 1494 876 de
1530 845 1674 876 voca-

23 898 150 1023 gulo
182 901 302 966 ipso.
362 900 592 949 Naturale
622 902 901 949 vocabulum
934 909 1007 948 est
1036 902 1232 958 femina,
1273 900 1500 952 naturalis
1528 916 1675 948 voca-

32 1023 38 1040 ]
70 973 135 1020 uli
165 972 390 1035 generale
420 973 601 1030 mulier,
634 972 872 1035 generalis
904 974 1044 1019 etiam
1076 972 1284 1036 speciale
1315 972 1451 1034 virgo
1482 971 1558 1018 vel
1590 988 1673 1019 nu-

73 1051 120 1091 ta
162 1043 239 1091 vel
282 1042 424 1091 vidua
474 1044 551 1092 vel
605 1052 718 1108 quot
769 1044 911 1091 etiam
965 1045 1134 1092 aetatis
1179 1043 1368 1091 nomina
1419 1041 1670 1091 accedunt.

26 1044 312 1195 §abiectum
345 1115 490 1178 igitur
518 1123 593 1162 est
623 1115 839 1178 generali
871 1116 1104 1179 speciale,
1140 1116 1247 1178 quia
1286 1115 1512 1177 generale
1543 1116 1673 1179 prius

26 1183 131 1250 fist,
179 1194 229 1233 et
266 1185 574 1234 subiectivum
592 1187 637 1246 1)
678 1187 976 1234 antecessivo
1018 1195 1066 1233 et
1095 1187 1362 1250 portionale
1400 1187 1671 1244 universali,

28 1257 84 1306 ἰιι
122 1257 224 1321 ipso
263 1258 567 1320 intelligitur,
615 1258 691 1304 cui
728 1258 998 1315 subiicitur,
1047 1266 1096 1305 et
1133 1258 1180 1304 in
1219 1259 1320 1321 ipso
1360 1257 1670 1321 significatur,

37 1329 146 1393 qnia
175 1328 356 1392 in'ipso
390 1330 674 1376 continetur.
738 1327 818 1376 Sic
852 1345 940 1380 nec
973 1345 1134 1377 manus
1164 1345 1253 1376 nec
1293 1345 1377 1393 pes
1410 1345 1498 1376 nec
1529 1329 1672 1376 ullum

16 1398 348 1457 *unembrorum
389 1397 632 1447 desiderat
668 1400 928 1463 significari
969 1415 1172 1466 corpore
1211 1401 1470 1447 nominato.
1541 1399 1604 1447 Et
1633 1402 1671 1448 si

19 1468 265 1536 *nundum
285 1469 487 1529 dixeris,
519 1471 616 1518 illic
649 1468 743 1518 erit
773 1481 822 1519 et
853 1472 1061 1530 coelum,
1094 1480 1144 1519 ct
1173 1487 1292 1536 quae
1325 1473 1371 1518 in
1404 1488 1487 1530 eo,
1519 1473 1592 1519 sol
1624 1481 1673 1520 et

30 1589 34 1597 ,
83 1557 146 1589 na
182 1550 233 1589 et
268 1540 426 1590 sidera
468 1550 520 1590 et
563 1551 693 1590 astra
737 1551 788 1590 et
826 1551 955 1590 terra
994 1552 1042 1591 et
1077 1543 1201 1591 freta
1233 1551 1282 1590 et
1313 1545 1462 1590 omnis
1502 1559 1670 1590 census

65 1612 391 1660 lementorum.
467 1613 635 1661 Omnia
679 1611 881 1672 dixeris,
930 1613 1056 1678 quod
1099 1630 1162 1662 ex
1207 1613 1419 1662 omnibus
1466 1624 1666 1662 constat.

73 1685 118 1732 ic
164 1693 215 1732 ct
257 1685 502 1733 mulierem
546 1684 864 1744 nominando,
912 1684 1134 1751 quicquid
1180 1694 1253 1733 est
1296 1686 1535 1745 mulieris,
1583 1703 1669 1733 no-

35 1808 40 1810 ,
80 1755 242 1803 inavit.

6 1845 41 1894 ζ’
98 1839 101 1843 ’
176 1830 224 1878 5.
289 1825 387 1874 Sed
419 1829 636 1891 quoniam
669 1829 735 1875 ita
764 1827 974 1876 mulieris
1004 1844 1175 1876 nomen
1204 1837 1452 1894 usurpant,
1492 1837 1545 1877 ut
1573 1845 1666 1875 non

6 1894 199 1963 }³=putent
229 1906 501 1962 competere
532 1897 669 1957 illud,
718 1901 806 1946 nisi
838 1902 883 1947 ei
914 1901 1026 1958 soli,
1076 1915 1194 1964 quae
1232 1901 1383 1948 virum
1420 1916 1559 1964 passa
1590 1901 1664 1958 sil,

3 1962 226 2032 ³'pr0bari
256 1984 285 2015 a
314 1969 450 2016 nobis
482 1979 695 2034 oportet,
735 1972 1076 2035 proprietatem
1107 1972 1209 2018 eius
1246 1971 1468 2019 vocabuli
1497 1970 1558 2018 ad
1590 1988 1666 2019 se-

30 2055 140 2086 xum
171 2040 336 2103 i'psum,
370 2057 463 2087 non
494 2040 554 2087 ad
586 2040 781 2104 gradum
814 2059 955 2091 sexus
986 2044 1247 2108 pertinere,
1283 2059 1374 2106 quo
1407 2044 1665 2092 communi-

0 2103 109 2166 fater
137 2111 277 2158 etiam
307 2112 517 2175 virgines
549 2122 845 2161 censeantur.
903 2114 1018 2161 Cum
1047 2114 1140 2162 hoc
1174 2131 1320 2177 genus
1352 2113 1548 2162 secundi
1578 2114 1665 2162 ho—

8 2181 168 2230 minis
205 2198 235 2230 a
264 2181 354 2230 deo
400 2183 574 2231 factum
619 2194 693 2232 est
736 2187 783 2232 in
829 2184 1109 2234 adiutorium
1156 2186 1356 2233 hominis
1373 2186 1443 2247 2),
1489 2187 1665 2234 femina

32 2314 37 2318 .
50 2253 128 2311 lla,
160 2254 314 2301 statim
345 2255 514 2302 mulier
543 2264 615 2303 est
647 2259 997 2320 cognominata,
1032 2256 1183 2305 adhuc
1223 2258 1362 2315 felix,
1403 2256 1558 2305 adhuc
1592 2256 1664 2305 di-

77 2339 125 2372 a
167 2318 411 2389 paradise,
458 2324 610 2374 adhuc
654 2329 808 2392 virgo.
867 2328 1156 2386 Vocabitur,
1203 2330 1374 2393 inquit,
1414 2330 1660 2390 mulier3).

27 2394 190 2443 {labes
219 2397 378 2460 ita'que
409 2414 602 2456 nomen,
649 2416 743 2446 non
776 2397 929 2447 dico'
915 2418 1006 2449 iam
1043 2402 1218 2463 virgini
1260 2415 1529 2458 commune,
1577 2399 1661 2448 sed

13 2463 302 2530 [strom-ihm,
351 2467 476 2531 quod
508 2480 549 2516 'a
578 2470 814 2534 principio
844 2472 980 2534 virgo
1022 2472 1189 2518 sortita
1228 2480 1314 2518 est.
1393 2469 1490 2518 Sed
1527 2472 1663 2534 inge-

29 2537 166 2584 iose
204 2536 388 2602 quidam
434 2535 493 2587 de
531 2540 690 2587 futuro
727 2540 891 2588 volunt
936 2541 1136 2589 dictum:
1182 2541 1432 2589 vocabitur
1475 2542 1659 2600 mulier,

45 2630 50 2650 ι
76 2609 166 2656 asi
196 2624 317 2673 quae
346 2608 450 2656 hoc·
470 2610 626 2658 futura
657 2620 806 2669 esset,
855 2628 957 2659 cum
995 2613 1314 2675 virginitatem
1352 2612 1659 2675 resignasset,

23 2679 28 2683 ”
76 2680 249 2727 oniam
288 2687 338 2727 et
375 2678 573 2728 adiecit:
635 2681 900 2746 Propterea
935 2683 1171 2747 relinquet
1213 2683 1353 2730 homo
1391 2692 1574 2747 patrem
1612 2694 1662 2732 et

10 2758 249 2808 ·trem,
295 2759 346 2799 et
383 2752 783 2814 conglutinabitur
819 2755 1003 2802 mulieri
1041 2770 1176 2812 suae,
1224 2763 1274 2802 et
1304 2764 1442 2802 erunt
1481 2754 1572 2803 duo
1611 2757 1660 2803 in

20 2819 49 2882 gl·
76 2837 124 2868 a
153 2837 298 2870 carne
313 2822 378 2883 4).
413 2821 674 2871 Ostendant
703 2825 847 2888 igitur
874 2827 1050 2890 primo,
1090 2826 1168 2877 ubi
1199 2827 1260 2873 sit
1288 2826 1521 2874 subtilitas
1550 2828 1657 2885 ista,

18 2891 70 2958 μ’
102 2889 162 2940 de
191 2893 350 2940 futuro
381 2895 550 2942 mulier
581 2897 913 2959 cognominata
944 2905 1030 2954 est,
1064 2895 1189 2962 quod
1226 2897 1412 2945 interea
1449 2898 1658 2946 vocabu-

24 2963 127 3011 ''um
155 2965 430 3028 acceperit?
486 2964 594 3014 Non
626 2975 784 3031 potest
822 2969 945 3017 enim
984 2969 1084 3016 sine
1121 2968 1357 3017 vocabulo
1392 2970 1657 3034 praesentis

28 281 303 539 &muliere
333 348 428 379 non
458 332 720 396 separavit,
761 340 811 380 et
841 348 935 378 non
966 328 1230 396 separando
1264 330 1509 377 coniunxit
1536 330 1603 387 ei,
1650 343 1678 376 a

16 3146 35 3201 ζ’
60 3133 190 3243 >GU
218 3133 717 3232 {afflamboenivum’
862 3138 905 3191 2)
930 3142 1032 3181 Gen.
1057 3143 1186 3192 2,18.
1330 3143 1376 3193 3)
1396 3143 1498 3182 Gen.
1525 3144 1563 3194 2,
1590 3143 1655 3180 23.

134 3201 199 3229 en.
244 3216 256 3240 ‚
278 3195 288 3207 ⁸
332 3222 341 3233 .
