1942 3554
282 204 402 250 182
695 208 778 246 DF.
806 207 1075 247 IEIUNIIS
1104 207 1241 244 Anv.
1270 206 1482 247 PsYcH.

284 322 412 366 mus?
471 317 550 364 Sic
583 326 631 363 et
661 334 761 364 cum
796 317 971 364 Galatis
1002 335 1086 364 nos
1126 335 1306 381 quoque
1338 321 1519 382 percuti
1545 321 1695 379 aiunt,
1727 322 1889 371 obser-

282 398 468 435 vatores
500 386 676 433 dierum
707 395 755 433 et
784 389 1005 437 mensium
1051 397 1098 435 et
1134 405 1357 436 annorum
1374 392 1436 450 1).
1512 390 1778 439 Iaculantur
1819 395 1890 440 in-

282 468 416 504 terea
455 466 503 504 et
545 457 729 504 Esaiam
761 459 1110 520 pronuntiasse,
1159 476 1251 505 non
1296 459 1648 508 taleieiunium
1680 461 1890 510 dominus

283 528 448 590 elegit,
497 525 544 572 id
575 536 668 584 est,
716 544 808 573 non
839 529 1162 574 abstinentiam
1209 530 1324 587 cibi,
1371 529 1454 577 sed
1498 546 1644 594 opera
1683 533 1891 580 ‘iustitiae

284 614 401 661 quae
433 597 722 655 subtexit2);
757 606 805 644 et
833 598 980 661 ipsum
1013 598 1242 651 dominum
1275 601 1321 645 in
1355 601 1599 663 evangelio
1626 601 1684 649 ad
1711 617 1892 650 omnem

283 669 413 714 circa
455 669 605 714 victus
650 669 1055 731 scrupulositatem
1103 669 1379 733 compendio
1424 670 1744 735 respondisse,
1799 690 1913 720 non·

281 738 353 784 his
386 739 737 801 coinquinari3)
771 739 1026 796 hominem,
1061 756 1177 802 quae
1209 741 1255 786 in
1283 757 1334 787 os
1359 741 1634 800 inferantur,
1666 742 1749 790 sed
1774 759 1892 807 quae

283 825 342 855 ex
373 825 455 855 ore
486 810 785 871 proferantur
800 811 870 868 4),
919 826 1020 856 cum
1067 819 1116 856 et
1158 811 1256 873 ipse
1296 809 1602 871 manducaret
1630 822 1679 860 et
1706 813 1895 861 biberet

281 895 426 942 usque
459 879 504 924 in
537 880 846 926 notationem:
881 896 996 927 ecce
1028 880 1390 928 homo-vorator
1428 891 1475 929 et
1504 891 1693 945 potator
1707 883 1778 944 5);
1826 884 1915 931 sicv

283 957 332 996 et
361 950 620 1012 apostolum
654 948 851 1007 docere,
899 949 1020 1012 quod
1059 966 1167 997 esca
1205 967 1289 997 nos
1329 950 1417 998 deo
1458 967 1550 998 non
1582 952 1891 1012 commendet,

283 1035 434 1082 neque
480 1018 789 1076 abundantes,
830 1021 869 1066 si
914 1019 1124 1078 edamus,
1178 1037 1327 1084 neque
1375 1020 1671 1080 deficientes,
1717 1024 1756 1070 si
1800 1040 1902 1074 non,

284 1089 473 1137 edamus
489 1091 552 1148 ⁰).
616 1090 696 1135 His
729 1099 776 1135 et
807 1089 1064 1136 huiusmodi
1096 1092 1306 1137 sensibus
1332 1107 1389 1138 6ο
1414 1093 1503 1139 iam
1529 1093 1762 1140 subtiliter
1790 1102 1896 1140 ten-

286 1159 420 1216 dunt,
467 1167 517 1204 ut
561 1161 870 1221 unusquisque
903 1161 1094 1222 pronior
1124 1162 1276 1207 ventri
1306 1163 1457 1224 possit
1487 1179 1775 1225 supervacua
1803 1179 1892 1213 nec

284 1228 402 1275 adeo
437 1230 704 1275 necessaria
736 1230 1002 1276 existimare
1035 1230 1282 1289 sublati'l)v
1311 1232 1387 1278 vel
1433 1231 1655 1280 deminuti
1697 1234 1772 1280 vel
1814 1231 1895 1280 (16-

284 1299 451 1345 morati
483 1299 577 1345 cibi
609 1299 787 1356 officia,
821 1310 1140 1362 praeponente
1173 1301 1359 1349 scilicet
1389 1300 1478 1348 deo
1510 1303 1715 1351 iustitiae
1747 1313 1795 1350 et
1825 1305 1897 1350 in-

285 1370 533 1416 nocentiae
567 1385 725 1432 opera.
786 1370 847 1416 Et
877 1371 1067 1427 scimus,
1102 1372 1260 1433 quales
1291 1373 1383 1417 sint
1413 1373 1665 1420 carnalium
1692 1390 1898 1432 commo-

286 1439 448 1486 dorum
480 1441 742 1496 suasoriae,
790 1457 921 1503 quam
966 1441 1106 1487 facile
1153 1440 1358 1488 dicatur:
1406 1459 1520 1505 opus
1566 1452 1638 1491 est
1681 1443 1739 1503 de
1785 1445 1903 1491 totis.

285 1509 578 1574 praecordiis
625 1509 835 1567 credam,
884 1510 1071 1583 diligam
1118 1509 1252 1558 deum
1299 1521 1347 1558 et
1383 1514 1643 1576 proximum
1680 1523 1898 1578 tanquam

282 1597 375 1627 me.
437 1580 487 1627 In
519 1581 589 1627 his
620 1582 738 1627 enim
773 1580 952 1627 duobus
983 1583 1247 1644 praeceptis
1278 1591 1378 1628 tota
1407 1584 1486 1630 lex
1514 1582 1692 1647 pendet
1716 1594 1764 1631 et
1787 1601 1898 1648 pro-

287 1651 481 1715 phetae,
515 1667 606 1696 non
639 1652 685 1696 in
711 1652 971 1713 pulmonum
998 1661 1045 1698 et
1070 1653 1393 1699 intestinorum
1420 1655 1896 1702 meorumsinanitate.

427 1725 477 1771 3.
542 1721 702 1783 Itaque
748 1738 832 1768 nos
877 1723 967 1768 hoc
1013 1723 1140 1784 prius
1185 1723 1418 1769 affirmare
1473 1722 1718 1783 debemus,
1775 1724 1900 1789 quod

287 1791 473 1838 occulte
506 1791 664 1838 subrui
694 1792 1011 1854 periclitatur,
1046 1802 1262 1855 quantum
1291 1795 1451 1840 valeat
1480 1793 1601 1857 apud
1631 1792 1766 1842 deum
1798 1797 1898 1842 ina-

287 1863 408 1908 nitas
438 1863 550 1919 ista,
599 1870 647 1908 et
676 1871 783 1908 ante
817 1863 991 1921 onmia,
1039 1862 1160 1910 unde
1199 1864 1319 1910 ratio
1359 1864 1460 1927 ipsa
1488 1867 1778 1928 processerit
1806 1866 1897 1912 hoc

287 1931 425 1979 modo
456 1931 753 1996 promerendi
786 1931 935 1979 deum.
1009 1933 1138 1981 Tunc
1185 1935 1305 1980 enim
1350 1943 1635 1998 agnoscetur
1680 1935 1901 1984 observa-

287 2003 427 2050 tionis
458 2004 738 2061 necessitas,
773 2019 872 2050 cum
907 2004 1109 2050 eluxerit
1138 2005 1334 2052 rationis
1365 2006 1622 2053 auctoritas
1646 2022 1675 2053 a
1702 2007 1915 2070 primor--

290 2071 366 2119 dio
397 2072 734 2120 recensendae.
794 2072 1066 2138 Acceperat
1093 2073 1244 2122 Adam
1290 2091 1318 2122 a
1356 2074 1640 2142 deollegem
1685 2093 1778 2123 non
1817 2093 1902 2140 gu-

290 2142 441 2190 standi
494 2142 551 2190 (le
604 2143 775 2190 arbore
827 2145 1078 2206 agnitionis
1129 2145 1241 2192 boni
1286 2154 1334 2193 et
1377 2147 1507 2204 mali,
1567 2148 1818 2194 moriturus
1863 2148 1902 2194 si

291 2221 546 2275 gustasset,
592 2227 753 2260 verum
783 2222 832 2260 et
861 2215 961 2277 ipse
995 2223 1104 2261 tunc
1132 2215 1179 2261 in
1217 2216 1488 2279 psychicum
1535 2231 1751 2264 reversus
1796 2225 1904 2281 post

291 2283 495 2330 ecstasin
526 2283 802 2346 spiritalem,
849 2285 895 2329 in
941 2300 1030 2347 qua
1073 2300 1286 2346 magnum
1331 2283 1445 2332 illud
1484 2295 1823 2334 sacramentum
1854 2289 1902 2333 in

292 2352 526 2399 Christum
558 2361 606 2400 et
637 2354 888 2400 ecclesiam
918 2354 1304 2417 prophetaverat,
1338 2370 1425 2402 nec
1450 2355 1540 2402 iam
1566 2356 1756 2419 capiens
1783 2373 1900 2420 quae

292 2431 428 2471 erant
458 2423 667 2486 spiritus,
714 2424 896 2470 facilius
925 2425 1077 2471 ventri
1108 2441 1242 2487 quam
1274 2423 1364 2472 deo
1397 2425 1562 2483 cessit,
1607 2425 1776 2488 pabulo
1817 2443 1902 2490 po·-

290 2494 383 2540 tius
416 2510 548 2556 quam
583 2502 836 2557 praecepto
868 2494 1048 2551 annuit,
1082 2495 1276 2542 salutem
1308 2495 1414 2558 gula
1444 2494 1678 2554 vendidit,
1710 2496 1903 2544 mandu-

294 2565 417 2611 cavit
447 2563 647 2626 denique
679 2573 728 2611 et
756 2565 919 2627 periit,
965 2565 1115 2611 salvus
1160 2566 1386 2628 alioquin,
1433 2566 1471 2613 si
1519 2567 1595 2614 uni
1625 2566 1904 2616 arbusculae

293 2635 503 2681 ieiunare
535 2635 795 2693 maluisset3
840 2643 891 2682 ut
933 2635 1021 2681 iam
1059 2635 1166 2682 hinc
1198 2636 1407 2701 animalis
1438 2634 1555 2683 fides
1585 2652 1742 2685 semen
1773 2654 1903 2685 suum

293 2712 632 2768 recognoscat,
679 2703 849 2752 exinde
895 2703 1131 2752 deducens
1178 2706 1431 2753 carnalium
1477 2708 1821 2770 appetitionem
1854 2716 1906 2758 et.

296 2775 600 2838 spiritualium
631 2776 998 2822 recusationem.
1059 2775 1219 2823 Teneo
1251 2777 1394 2839 igitur
1422 2793 1450 2824 a
1472 2776 1729 2841 primordio
1752 2777 1903 2826 homi-

298 2844 449 2892 cidam
481 2846 633 2908 gulam
663 2845 907 2893 tormentis
937 2854 1075 2910 atque
1106 2847 1347 2910 suppliciis
1383 2845 1569 2895 inediae
1606 2847 1911 2911 puniendam,

411 3012 703 3076 1)Ga1.4‚1'o.
817 3030 1163 3081 2)1es.58,4sq.
1280 3031 1324 3077 3)
1347 3029 1422 3068 Ed.
1445 3031 1568 3071 Fran.
1586 3031 1898 3081 etRig.com-

298 3095 337 3121 m
349 3083 565 3121 unicui.
679 3082 727 3135 4)
744 3086 875 3124 Marc.
893 3087 931 3134 7,
952 3088 1016 3126 15.
1119 3088 1163 3136 5)
1178 3087 1327 3125 Matth.
1343 3088 1409 3140 11,
1427 3089 1492 3127 19.
1593 3086 1638 3137 6)
1656 3089 1678 3125 1
1697 3089 1790 3126 Cor.
1807 3087 1845 3135 8,
1858 3087 1898 3124 8.

301 3138 348 3192 7)
367 3140 436 3179 Sic
452 3139 514 3178 ed.
530 3139 652 3177 Fran.
669 3142 711 3177 et
725 3140 837 3191 Rig.;
871 3144 1022 3181 ceteri:
1055 3142 1219 3182 dilati.
