1942 3554
1372 5 1393 13 ,
1593 0 1676 53 ,η’
1729 4 1773 38 ,ἱ
1822 19 1832 26 ἓ
1887 0 1942 77 Ξ

375 156 486 207 144
821 158 905 196 AD
949 157 1322 195 NArloNEs
1366 157 1487 193 ΜΒ.
1516 159 1548 194 ι.
1797 151 1804 154 “

374 301 473 346 sine
508 296 791 344 contumelia
823 295 1042 344 deorum:
1074 296 1226 358 primo
1260 294 1468 358 quidem,
1502 295 1750 359 quod4non
1784 279 1942 349 decue}

374 369 494 417 alios
535 369 604 414 eis
644 365 963 423 adnumerari,
1019 365 1183 429 quibus
1222 363 1377 411 datum
1417 366 1478 411 sit
1515 374 1623 429 post
1654 375 1857 413 mortem.
1881 362 1942 422 disi,

373 439 502 495 fieri3
546 435 824 493 secundum,
873 434 999 499 quod
1034 444 1125 481 tam
1167 434 1315 482 libere
1362 443 1500 498 atque
1547 436 1790 483 manifeste
1839 435 1942 492 cori

372 508 547 572 populo
580 507 823 570 peieraret
853 505 1197 568 contemplator
1227 504 1455 552 Proculus
1494 506 1540 551 in
1581 506 1763 554 coelum
1797 512 1942 576 recep.

371 579 463 626 nisi
490 584 818 624 contemneret
841 591 956 638 quos
982 573 1237 632 deieraret,
1273 591 1405 638 quam
1431 577 1557 638 ipse,
1591 591 1726 639 quam
1751 577 1812 633 ii,
1848 577 1937 639 qui}

372 649 593 713 peierare
625 646 920 710 permittant3
965 645 1265 692 consentiunt
1296 646 1416 692 enim
1456 646 1545 708 ipsi
1577 646 1689 692 nihil
1729 661 1834 693 esse
1873 639 1942 710 qm

374 718 605 773 deierant‚
638 717 730 763 imo
756 718 947 779 insuper
972 724 1020 763 et
1042 716 1252 778 praemio
1279 714 1507 773 afficiunt,
1540 716 1647 779 quia
1668 715 1857 779 publice
1884 721 1939 770 cof

374 789 620 851 tempserit
651 787 846 850 periurii
877 784 1116 844 vindices3
1154 801 1425 849 quamquam
1457 787 1652 848 periurii
1684 784 1805 849 apud
1836 802 1936 835 vos,-v

372 859 691 921 unusquisque
709 873 850 919 purus
870 865 955 903 est.
1003 855 1100 903 Imo
1125 856 1213 903 iam
1232 871 1318 918 per
1335 854 1450 903 deos
1476 854 1718 903 deierandi
1740 856 1942 920 periculn

374 929 578 984 evanuit,
598 928 783 989 potiore
803 926 958 973 habita
975 926 1208 989 religione
1227 942 1313 988 per
1327 925 1577 974 Caesarem
1596 925 1855 983 deierandi,
1875 924 1942 990 qu]

375 1008 425 1046 et
455 1000 601 1061 ipsum
634 996 692 1044 ad
726 996 1084 1043 offuscationem
1115 997 1323 1058 pertinet
1363 995 1556 1042 deorum
1595 1005 1887 1055 vestrorum3
1923 997 1942 1046 ἱ

376 1069 510 1115 cilius
542 1068 663 1115 enim
696 1083 781 1130 per
814 1066 1064 1114 Caesarem
1103 1067 1373 1128 peierantes
1405 1067 1705 1129 punirentur,
1744 1082 1878 1130 quam
1909 1079 1942 1130 p

374 1139 514 1185 ullum
549 1136 705 1184 lovem
745 1139 803 1198 2).
899 1135 995 1183 Sed
1042 1144 1335 1200 contemptus
1382 1136 1628 1183 honestior
1674 1145 1768 1193 est,
1825 1136 1942 1185 habe

374 1206 604 1271 quandam
650 1206 898 1270 superbiae
947 1206 1172 1269 gloriam3
1228 1207 1358 1253 venit
1397 1206 1517 1253 enim
1563 1204 1811 1269 aliquando
1861 1207 1942 1255 etia

376 1278 433 1325 de
466 1276 637 1323 fiducia
678 1277 750 1324 vel
792 1277 1118 1323 conscientiae
1159 1277 1416 1323 securitate
1454 1276 1531 1323 vel
1563 1276 1760 1323 naturali
1793 1275 1942 1325 sublin

372 1357 470 1395 tate
504 1348 658 1398 animi.
720 1346 913 1393 Derisus
945 1361 1060 1394 vero
1095 1355 1266 1410 quanto
1292 1346 1535 1404 lascivior,
1568 1354 1698 1393 tanto
1732 1345 1940 1398 denotati

373 1418 433 1465 ad
465 1418 777 1465 contumeliae
810 1433 1029 1463 morsum.
1106 1416 1458 1480 Recognoscite
1498 1417 1663 1480 igitur,
1707 1433 1840 1481 quam
1874 1415 1942 1464 def·

373 1504 507 1537 sores
538 1488 837 1535 inveniamini
869 1488 1100 1534 numinum
1125 1495 1410 1543 vestrorum,
1444 1503 1536 1532 non
1561 1485 1668 1534 dico
1704 1487 1866 1551 quales
1897 1487 1937 1534 si

372 1561 420 1607 in
452 1557 789 1615 sacrificando,
832 1557 956 1621 quod
996 1565 1165 1605 enecta
1209 1566 1256 1604 et
1293 1556 1449 1603 tabida
1498 1572 1711 1621 quaeque
1757 1561 1936 1605 mactati

375 1628 432 1677 de
466 1630 633 1692 opimis
673 1637 826 1675 autem
859 1637 906 1675 et
936 1628 1134 1691 integris
1166 1643 1457 1691 supervacua
1492 1628 1538 1686 3)
1575 1629 1677 1674 esui
1718 1627 1925 1691 capitula

373 1700 568 1762 ungulas
602 1708 650 1746 et
672 1698 927 1762 plumarum
953 1707 1248 1762 setarumque
1279 1698 1549 1762 praevulsa,
1583 1706 1632 1745 et
1661 1699 1701 1745 si
1733 1697 1843 1762 quid
1875 1695 1933 1746 do

374 1786 559 1833 quoque
592 1768 793 1816 habituri
825 1785 917 1815 non
949 1769 1176 1816 fuissetis.
1257 1767 1430 1815 Omitto
1463 1783 1581 1832 quae
1612 1768 1783 1831 vulgae
1815 1777 1894 1816 aut
1922 1785 1933 1814 ι

374 1840 585 1902 crilegae
619 1839 756 1903 gulae
795 1837 1080 1885 videbuntur
1117 1839 1344 1885 maiorum
1383 1853 1536 1902 prope
1571 1838 1854 1901 religionem
1886 1839 1934 1886 c(-

371 1910 556 1968 venire3
586 1910 745 1972 atquin
773 1908 1034 1956 doctissimi
1059 1910 1345 1972 gravissimi,
1371 1917 1599 1973 quatenus
1625 1909 1831 1972 gravitas
1856 1917 1942 1973 atq.

370 1979 621 2044 prudentia
654 1979 710 2026 de
743 1979 958 2026 doctrina
990 1980 1223 2043 proficere
1257 1978 1476 2038 credunt,
1511 1987 1558 2027 et
1582 1979 1942 2028 irreverentissi-

373 2066 488 2112 crga
517 2049 631 2096 deos
655 2058 839 2096 vestros
865 2066 1051 2112 semper
1075 2051 1302 2107 existunt,
1337 2067 1424 2098 nec
1452 2051 1520 2098 eis
1546 2050 1691 2098 cessit
1715 2050 1923 2098 litterata

374 2136 508 2183 quam
539 2129 591 2165 ut
607 2128 685 2166 aut
709 2120 863 2182 turpia
886 2129 966 2165 aut
988 2137 1106 2166 vana
1124 2129 1204 2166 aut
1227 2121 1343 2166 falsa
1361 2119 1418 2168 de
1438 2120 1538 2167 deis
1555 2121 1745 2168 inferat.
1794 2118 1869 2167 Ab
1894 2119 1927 2183 i}

374 2188 597 2237 exordiar
629 2189 835 2236 Homero
867 2198 1048 2247 vestro,
1090 2191 1189 2236 eius
1222 2189 1343 2236 unda
1375 2192 1522 2237 omnis
1555 2199 1604 2238 et
1634 2206 1770 2237 omne
1802 2205 1931 2254 aequ-

374 2261 450 2306 cui
476 2268 692 2322 quantum
717 2259 946 2306 honorem
972 2259 1166 2316 additis,
1193 2268 1368 2308 tantum
1395 2259 1495 2307 deis
1519 2262 1690 2307 vestris
1715 2259 1925 2323 derogas·

373 2329 715 2393 magnificando
748 2331 825 2392 qui
857 2329 915 2377 de
949 2331 1016 2376 eis
1051 2330 1172 2377 lusit.
1246 2328 1415 2377 Adhuc
1455 2331 1746 2378 meminimus
1780 2330 1925 2379 Home

371 2399 452 2447 ille
486 2401 654 2464 opinor
685 2409 777 2458 est,
825 2400 901 2464 qui
935 2398 1135 2447 divinam
1170 2401 1458 2446 maiestatem
1497 2401 1693 2447 humana
1724 2399 1923 2447 conditi(

373 2471 614 2528 tractavit,
649 2470 834 2518 casibus
868 2479 916 2518 et
939 2471 1234 2534 passionibus
1269 2470 1476 2517 humanis
1510 2469 1625 2518 deo's
1657 2470 1884 2528 imbuens,
1918 2495 1922 2510 ·

375 2539 432 2588 de
465 2541 558 2587 illis
589 2541 751 2589 favore
785 2538 984 2588 diversis
1019 2539 1300 2603 gladiatoria
1333 2539 1674 2604 quodammodo
1705 2542 1836 2604 paria
1869 2555 1922 2587 co

372 2612 519 2659 misit:
559 2611 797 2659 Venerem
835 2612 1016 2659 sauciat
1052 2611 1223 2674 sagitta
1263 2611 1480 2669 humana,
1518 2611 1717 2658 Martem
1766 2609 1920 2659 tredet

371 2681 608 2729 mensibus
639 2683 686 2728 in
717 2682 915 2729 vinculis
949 2680 1130 2728 detinet
1166 2682 1369 2728 fortasse
1409 2682 1688 2744 periturum,
1723 2679 1887 2729 eadem

371 2767 477 2798 vem
509 2768 658 2815 paene
691 2768 966 2817 perpessum
997 2767 1026 2798 a
1057 2751 1277 2798 coelitum
1308 2750 1447 2814 plebe
1479 2749 1704 2809 traducit,
1745 2759 1824 2798 aut
1854 2751 1918 2798 lac

489 2933 533 2982 1)
565 2934 663 2972 Cod.
684 2946 763 2972 ms.
787 2947 1089 2983 quamquam
1119 2934 1348 2983 periurii
1379 2934 1511 2982 apud
1542 2946 1650 2984 von,
1684 2933 1815 2982 quod
1845 2945 1915 2972 un.

373 2991 466 3026 ent.
525 2990 629 3027 Hav.
661 2992 712 3028 ad
741 2992 861 3039 Apol.
893 2994 960 3029 25.
994 2994 1235 3038 tanquam
1277 2991 1518 3039 periuria
1556 2990 1690 3039 apud
1715 3001 1827 3038 vos,
1861 2995 1916 3037 qu

375 3057 449 3082 un.
489 3057 527 3093 p.
565 3048 653 3083 est.
738 3048 783 3094 2)
810 3048 914 3085 Hav.
950 3060 1058 3086 corr.
1084 3059 1176 3095 per
1204 3047 1479 3095 parvulum
1511 3049 1692 3086 lovem.
1765 3046 1809 3094 3)
1834 3045 1942 3094 Rig=

372 3102 714 3150 supervacui5
748 3105 800 3139 cf.
832 3105 951 3151 Apol.
981 3106 1045 3141 14.
