1942 3554
1835 103 1839 106 .
1867 0 1925 128 ἒ

352 207 473 251 152
924 205 1007 242 DE
1033 204 1369 241 PUDICITIA.

353 324 497 368 minus
533 317 735 365 Sidoniis
767 325 815 363 et
843 316 996 379 Tyriis
1026 316 1333 378 praesumpsit
1375 314 1729 378 poenitentiam,
1775 316 1813 361 si
1853 316 1932 363 vir-

354 400 495 437 tutum
527 387 805 434 documenta
832 385 1057 432 vidissent
1073 386 1135 444 1).
1187 383 1362 448 Atquin
1393 400 1482 447 ego
1513 385 1634 432 illam
1666 386 1935 454 naturalibus

352 461 496 521 magis
526 457 855 537 peccatoribus
888 463 1154 518 competere
1181 454 1473 511 contendam,
1506 470 1639 517 quam
1661 456 1942 519 voluntarii&

348 529 500 590 Magis
532 528 651 574 enim
682 526 937 573 merebitur
973 526 1171 572 fructum
1211 527 1363 582 eius,
1379 525 1454 588 qui
1497 523 1695 571 nondum
1741 540 1797 570 eo
1841 540 1942 591 usq»

349 607 440 655 est,
475 614 605 660 quam
639 598 713 660 qui
743 598 832 642 iam
865 605 912 643 et
941 596 1108 642 abusus
1139 604 1231 652 est,
1264 597 1499 658 magisque
1530 595 1712 657 sapient
1741 592 1942 665 remed&

348 669 517 731 prima,
552 684 684 731 quam
716 667 917 714 exoleta.
992 665 1218 712 Nimirum
1250 664 1459 712 dominus
1489 665 1684 727 ingratis
1706 661 1939 733 benignus

348 739 516 799 magis,
550 754 682 800 quam
714 738 911 800 ignaris,
952 744 1000 782 et
1030 737 1163 782 citius
1194 733 1456 798 reprobatis
1484 735 1774 790 misericors,
1814 748 1942 802 quam

348 806 547 854 nondum
578 807 809 871 probatis,
856 816 906 853 ut
950 822 1040 852 non
1085 806 1230 867 magis
1268 806 1497 852 irascatur
1529 805 1819 852 contumeliis
1850 805 1934 865 cle-

347 879 546 924 mentiae
578 893 710 934 suae,
758 893 890 939 quam
919 875 1204 931 blandiatur,
1251 884 1299 922 et
1334 892 1425 921 non
1464 876 1702 922 libentius
1711 875 1942 929 extraneis

347 963 448 994 eam
481 948 737 1010 impertiat,
772 963 902 1009 quam
935 948 980 991 in
1011 946 1115 991 filiis
1146 944 1372 1008 perdidit,
1407 962 1508 992 cum
1536 953 1703 1008 gentes
1733 946 1799 992 sic
1831 943 1934 990 ado'-

345 1019 565 1080 ptaverit,
601 1016 705 1063 dum
737 1016 895 1063 Iudaei
926 1015 983 1061 de
1014 1017 1235 1078 patientia
1268 1015 1440 1061 ludunt.
1515 1011 1611 1063 Sed
1654 1014 1743 1060 hoc
1785 1015 1930 1060 volun·

345 1088 579 1151 psychici,
625 1096 676 1133 ut
706 1085 818 1132 deus
849 1088 992 1131 iustus
1024 1085 1163 1131 iudex
1193 1085 1290 1131 eius
1319 1087 1583 1148 peccatoris
1612 1085 1942 1147 poenitentiam

345 1158 475 1202 malit
505 1173 638 1218 quam
668 1164 886 1211 mortem,
934 1156 1009 1216 qui
1040 1163 1233 1200 mortem
1262 1156 1550 1217 poenitentia
1579 1155 1751 1206 maluit.
1812 1155 1942 1212 Qum:

345 1228 383 1271 si
413 1228 479 1272 ita
509 1235 602 1281 est,
634 1224 875 1287 peccando
907 1239 1239 1287 promeremur.
1305 1223 1409 1289 Age
1442 1233 1489 1270 tu
1519 1224 1780 1270 funambule
1803 1223 1930 1286 pudi·

346 1296 484 1342 citiae
517 1304 565 1341 et
596 1295 820 1340 castitatis
853 1302 900 1340 et
929 1295 1075 1340 omnis
1107 1294 1235 1340 circa
1264 1310 1422 1340 sexum
1452 1294 1730 1349 sanctitatis,
1772 1295 1846 1356 qui
1875 1302 1931 1341 te⁶

344 1366 607 1412 nuissimum
654 1365 777 1410 filum
816 1362 1060 1426 disciplina
1090 1362 1315 1409 eiusmodi
1344 1364 1445 1418 veri
1473 1364 1575 1410 avia
1605 1362 1836 1426 pendente
1865 1379 1932 1411 ves

345 1436 485 1497 stigio
539 1433 830 1496 ingrederis,
893 1449 1079 1480 carnem
1132 1434 1294 1495 spiritu
1334 1433 1548 1490 «librans,
1608 1434 1802 1479 animam
1854 1428 1942 1479 fidu

343 1504 613 1561 moderans,
648 1504 830 1550 oculum
861 1513 984 1550 metu
1013 1512 1291 1566 temperans.
1368 1501 1486 1561 Quid
1530 1503 1684 1565 itaque
1723 1504 1777 1548 in-
1799 1500 1942 1564 gradis

343 1584 467 1622 totus
513 1577 593 1621 es?
663 1573 814 1635 Perge
859 1589 994 1630 sane,
1039 1574 1078 1619 si
1120 1573 1348 1636 potueris,
1394 1574 1434 1620 si
1461 1572 1686 1630 volueris,
1718 1570 1823 1618 dum
1852 1580 1941 1619 tam

343 1661 535 1692 securus
566 1653 614 1690 et
645 1645 772 1707 quasi
803 1645 849 1689 in
879 1641 1028 1690 solido
1061 1659 1126 1689 es.
1191 1641 1311 1689 Nam
1341 1642 1380 1689 si
1410 1658 1496 1706 qua
1526 1651 1573 1689 te
1619 1644 1771 1690 carnis
1799 1642 1928 1689 vacil-

343 1716 479 1772 latio,
527 1715 664 1760 animi
695 1714 931 1770 avocatio,
979 1714 1102 1759 oculi
1133 1714 1345 1774 evagatio
1377 1710 1435 1759 de
1465 1721 1629 1763 tenore
1669 1711 1928 1759 decusserit

343 1785 457 1831 deus
486 1784 633 1831 bonus
665 1793 750 1830 est.
814 1782 939 1840 Suis,
973 1799 1064 1829 non
1089 1784 1299 1839 ethnicis,
1332 1783 1477 1830 sinum
1500 1782 1707 1841 subiicit,
1739 1779 1927 1829 secund}

343 1864 390 1902 te
422 1855 709 1918 poenitentia
741 1854 965 1915 excipiet,
1000 1855 1091 1899 eris
1123 1855 1288 1905 iterum
1321 1851 1377 1901 de.
1409 1849 1604 1900 moecho
1639 1854 1923 1901 Christianus

344 1925 473 1972 Haec
506 1934 554 1971 tu
585 1924 694 1970 mihi
726 1923 1057 1985 benignissime
1090 1922 1164 1969 dei
1195 1925 1440 1986 interpres.
1482 1922 1576 1970 Sed
1602 1922 1815 1970 cederem
1840 1921 1932 1970 tihi}

343 1997 382 2042 si
414 1996 645 2057 scriptura
674 1994 903 2049 Pastoris,
952 2009 1067 2056 quae
1107 1994 1206 2039 sola
1245 1994 1464 2039 moechos
1495 2003 1658 2050 amat,
1685 1993 1839 2040 divino
1870 1991 1928 2038 in·

343 2074 597 2111 strumento
630 2065 873 2110 meruisset
902 2062 1065 2120 incidi,
1113 2065 1150 2110 si
1189 2077 1280 2109 non
1311 2064 1367 2110 ab
1401 2066 1522 2112 omni
1553 2066 1753 2112 concilio
1785 2066 1926 2115 eccle·

343 2137 512 2182 siarum
544 2135 694 2194 etiam.
710 2142 966 2182 vestrarum
995 2135 1117 2180 inter
1140 2135 1408 2196 apocrypha
1431 2143 1479 2181 et
1500 2136 1618 2183 falsa
1640 2135 1925 2183 iudicaretur¹

343 2204 555 2250 adultera
585 2212 633 2249 ct
662 2204 761 2266 ipsa
791 2212 839 2249 et
867 2202 974 2248 inde
1005 2212 1202 2265 patrona
1231 2205 1478 2250 sociorum.
1550 2203 1603 2251 Α.
1632 2221 1720 2268 qua
1749 2214 1797 2252 et
1825 2206 1927 2252 alias

342 2275 561 2328 initiaris,
597 2274 669 2318 cui
700 2273 776 2318 ille
809 2274 846 2318 si
878 2273 999 2318 forte
1030 2274 1397 2334 patrocinabitur
1416 2282 1600 2335 pastor,
1631 2291 1769 2340 ,quem
1788 2277 1834 2320 in
1861 2291 1926 2321 ca-

343 2344 433 2390 lice
467 2342 699 2406 depingiS,
732 2343 1081 2405 prostitutorem
1112 2351 1160 2388 et
1190 2344 1332 2404 ipsum
1365 2342 1614 2390 Christiani
1645 2346 1925 2391 sacramenti.

343 2415 508 2461 merito
542 2422 589 2459 et
619 2412 857 2458 ebrietatis
889 2410 1058 2458 idolum
1091 2420 1138 2458 et
1174 2413 1414 2459 moechiae
1459 2414 1634 2476 asylum
1668 2423 1784 2479 ‘post
1826 2415 1924 2462 cali·

345 2499 446 2531 cem
477 2483 830 2539 subsecuturae,
864 2480 921 2528 de
954 2499 1041 2545 quo
1073 2482 1184 2527 nihil
1216 2483 1429 2529 libentius
1458 2483 1610 2540 bibas,
1643 2500 1774 2547 quam
1807 2501 1925 2536 oven

343 2553 659 2617 poenitentiae
692 2551 939 2598 secundae.
985 2553 1050 2598 At
1075 2568 1163 2613 ego
1190 2553 1287 2599 eius
1317 2555 1515 2616 pastoris
1545 2555 1795 2617 scripturas
1823 2555 1925 2602 hau·

343 2625 439 2680 rio,
474 2624 548 2686 qui
579 2639 670 2668 non
701 2631 857 2685 potest
886 2623 1053 2684 frangi.
1103 2622 1233 2669 Hunc
1265 2623 1372 2669 mihi
1403 2626 1555 2671 statim
1579 2624 1776 2671 Ioannes
1801 2626 1924 2678 offer·

346 2710 445 2739 cum
477 2693 792 2756 poenitentiae
824 2693 1010 2739 lavacro
1043 2700 1090 2738 et
1120 2692 1276 2739 officio
1309 2691 1561 2740 dicentem:
1594 2684 1750 2742 Facite
1774 2694 1942 2758 digno:-

343 2764 659 2825 poenitentiae
691 2763 890 2818 fructus,
922 2771 971 2808 et
1002 2778 1059 2808 ne
1085 2761 1315 2819 dixeritis,
1346 2772 1523 2826 patrem
1547 2764 1765 2812 hahemus
1786 2765 1924 2815 Abra-

343 2833 469 2889 ham,
516 2849 572 2879 ne
619 2833 801 2878 scilicet
837 2848 1014 2878 rursum
1050 2832 1363 2879 blandimenta
1399 2832 1737 2898 delinquentiae
1770 2834 1826 2882 de
1857 2850 1928 2899 pa»

346 2910 463 2947 trum
494 2911 783 2948 resumerent
812 2903 984 2964 gratia,
1016 2910 1171 2964 potest
1201 2904 1320 2948 enim
1351 2901 1462 2966 deus
1493 2904 1550 2951 de
1581 2903 1808 2968 lapidibus
1837 2906 1924 2959 istit

346 2971 465 3017 filios
496 2973 719 3018 suscitare
751 2971 969 3020 Abrahae
988 2973 1048 3031 2).
1126 2971 1204 3018 Sic
1251 2981 1299 3018 et
1342 2990 1448 3031 nos,
1494 2976 1721 3039 sequitur,
1758 2983 1808 3021 ut
1835 2991 1923 3022 eos,

458 3110 502 3152 1)
522 3111 669 3147 Matth.
687 3113 751 3159 11,
772 3115 835 3148 21.
951 3114 993 3157 2)
1011 3114 1156 3151 Matth.
1176 3115 1212 3164 3,
1231 3117 1253 3150 8
1271 3126 1329 3161 sq.
