1942 3554
1898 139 1920 170 ‚g

324 207 453 253 18ss
738 208 821 246 DE
850 208 1117 247 1E111N11s
1145 207 1281 247 ADV.
1313 208 1524 253 Psycn,
1576 232 1640 287 23
1713 200 1716 207 ’

331 337 416 384 que
455 321 553 366 eius
589 320 772 365 numine
810 321 1066 381 saginatam
1105 328 1386 374 constanter
1410 315 1713 384 contemplati
1747 323 1938 373 valeret*

326 390 546 453 pinguior
576 389 783 451 populus.
843 388 1014 439 Merito
1046 391 1189 452 igitur
1219 391 1356 438 etiam
1387 391 1433 437 in
1464 407 1606 438 carne
1637 407 1688 440 se
1719 390 1942 443 dominus*

327 460 370 506 ei
403 457 608 505 ostendit
639 459 851 520 collegae
883 460 1159 506 ieiuniorum
1190 476 1399 518 suorum,
1438 477 1530 508 non
1567 461 1722 509 minus*
1752 471 1800 509 et
1835 462 1930 518 He,—

326 529 497 587 liae1).
572 527 691 574 Nam
737 537 784 574 et
814 528 972 575 Helias
1002 529 1091 575 hoc
1136 531 1352 592 primum,
1399 530 1522 593 quod
1566 528 1732 580 famem
1777 533 1942 588 fuera&

325 600 629 661 imprecatus,
662 599 773 644 satis
804 599 893 644 iam
925 615 973 645 se
1006 600 1189 646 ieiuniis
1217 609 1427 647 voverat.
1465 600 1616 659 Vivit,
1649 603 1811 665 inquit,
1844 599 1942 655 do&-

325 669 495 724 minus,
530 670 603 715 cui
635 667 809 714 adsisto
842 670 888 714 in
921 678 1175 732 conspectu
1206 670 1327 727 eius,
1362 672 1405 717 si
1444 673 1534 718 erit
1562 687 1641 718 ros
1670 673 1771 719 ist-is
1801 667 1942 728 annin

325 746 375 784 et
404 738 553 784 imber
568 740 630 797 2).
692 737 872 785 Dehinc
905 740 1152 786 minantem
1186 740 1371 805 Iezabel
1401 741 1584 807 fugiens
1613 751 1720 805 post
1748 743 1942 791 unicum

325 808 539 872 pabulum
571 817 619 854 et
649 817 828 871 potum,
869 825 1002 871 quem
1041 811 1097 856 ab
1137 811 1305 873 angelo
1346 810 1706 874 expergefactus
1743 814 1942 866 invene»-=

326 886 421 935 rat,
455 887 504 925 et
532 879 654 941 ipse,
689 878 993 941 quadraginta
1033 879 1195 927 diebus
1233 890 1280 927 et
1317 881 1533 929 noctibus
1569 896 1717 929 vacuo
1751 891 1942 941 ventre„

326 947 459 995 arido
493 964 574 995 ore
606 949 819 1012 pervenit
849 950 894 994 in
926 958 1125 997 montem
1159 951 1369 1008 Choreb,
1401 952 1479 998 ubi
1511 968 1612 999 cum
1643 953 1690 998 in
1713 955 1942 1016 spelunca·

327 1017 606 1065 devertisset
636 1035 769 1081 quam
800 1019 1014 1065 familiari
1047 1037 1303 1083 congressu
1333 1020 1410 1068 dei
1441 1031 1664 1085 exceptus
1689 1024 1782 1069 est!
1817 1022 1942 1082 Quid}

325 1097 376 1135 tu
406 1088 543 1135 Helia
573 1089 743 1147 hic³)?
788 1090 929 1134 multa
959 1091 1154 1136 amicior
1183 1093 1272 1137 ista
1306 1107 1420 1149 vox,
1469 1108 1626 1155 quam:
1669 1090 1820 1141 Adam
1857 1093 1929 1141 uhi

327 1174 378 1205 es
392 1160 472 1218 4)?
529 1158 608 1204 illa
640 1159 760 1204 enim
792 1167 925 1220 pasto
957 1160 1131 1205 homini
1158 1161 1446 1218 minabatur,
1491 1163 1582 1208 ista
1617 1163 1773 1210 ieiuno
1803 1163 1928 1211 blan-

327 1227 558 1282 diebatur.
618 1227 869 1283 Tanta‘est
914 1229 1254 1293 circumscripti
1297 1232 1448 1278 victus
1491 1234 1842 1298 praerogativa,
1886 1242 1942 1281 ut:

331 1297 467 1344 deum
498 1306 707 1362 praestet
737 1298 909 1344 homini
949 1299 1353 1358 contubernalem,
1403 1295 1565 1364 parem
1609 1317 1777 1350 revera
1818 1304 1930 1367 pari„

329 1366 382 1414 Si
413 1369 533 1415 enini
566 1367 679 1415 deus
703 1377 921 1416 aeternus
946 1386 1039 1416 non
1064 1371 1254 1428 esuriet,
1286 1380 1337 1417 ut
1359 1379 1557 1419 testatur
1577 1386 1665 1436 per
1678 1369 1942 1434 Esaiam-¹⁵)...

326 1438 418 1486 hoc
451 1440 542 1486 erit
571 1448 774 1502 tempus,
807 1455 896 1502 quo
929 1439 1067 1487 homo
1099 1440 1190 1488 deo
1222 1440 1532 1505 adaequetur,
1579 1458 1683 1490 cum
1717 1444 1819 1491 sine
1855 1459 1928 1507 pa-

326 1509 436 1556 bulo
467 1510 595 1556 vivit.

469 1583 517 1630 7.
578 1578 895 1627 Processimus
939 1581 1095 1644 itaque
1139 1582 1229 1628 iam
1260 1580 1319 1629 ad
1357 1583 1592 1646 exempla,
1631 1585 1699 1631 uti
1727 1583 1942 1633 revolve-⁴

327 1666 426 1696 mus
456 1650 667 1696 utilitatis
699 1651 915 1698 efficacia
945 1660 1203 1714 potestates
1241 1653 1371 1699 istius
1417 1653 1586 1711 officii,
1632 1653 1756 1717 quod
1799 1655 1927 1702 etiau

329 1721 497 1767 iratum
529 1719 664 1767 deum
696 1721 869 1767 homini
899 1722 1193 1768 reconciliat.
1242 1721 1516 1786 Deliquerat
1545 1715 1701 1770 Israel'
1721 1725 1767 1771 in
1797 1739 1926 1788 aqua·

328 1791 457 1837 tione
490 1789 612 1854 apud
640 1790 837 1854 Maspha
869 1801 1183 1854 congregatus
1215 1808 1242 1838 a
1274 1791 1513 1850 Samuele,
1560 1792 1644 1841 sed
1682 1795 1749 1841 ita
1786 1795 1928 1841 statin·

330 1859 550 1907 delictum
581 1861 753 1907 ieiunio
787 1860 941 1918 diluit,
988 1871 1038 1908 ut
1082 1863 1336 1925 periculum
1374 1863 1544 1926 proelii
1581 1864 1714 1911 simul
1749 1864 1924 1927 fugerit

331 1930 444 1978 Cum
474 1932 671 1978 maxime
706 1931 891 1985 Samuel
924 1931 1154 1979 offerebat
1184 1933 1528 1991 holocaustum,
1560 1935 1607 1981 in
1638 1934 1763 1981 nullo
1794 1933 1942 1997 magii¹

329 2010 626 2065 procuratam
658 2001 865 2049 audimus
904 2001 979 2050 dei
1020 2003 1312 2051 clementiam
1358 2020 1489 2067 quam
1534 2003 1814 2052 abstinentia
1855 2019 1928 2067 po·

330 2072 439 2135 puli.
500 2070 563 2136 Et
592 2072 816 2135 allophyli
847 2074 1029 2136 proelio
1062 2072 1450 2131 admovebantss).
1491 2073 1563 2121 Ibi
1588 2073 1767 2122 demum
1782 2075 1830 2134 ⁷)
1856 2073 1926 2121 do-

329 2143 477 2188 minus
508 2143 708 2188 intonuit
736 2159 854 2189 voce
887 2159 1053 2204 magna
1079 2159 1219 2206 super
1242 2144 1527 2208 allophylos,
1560 2153 1609 2192 et
1631 2144 1813 2191 confusi
1837 2160 1942 2192 sum

331 2219 381 2258 et
425 2220 704 2258 corruerunt
748 2213 794 2257 in
841 2222 1095 2275 conspectu
1141 2213 1348 2270 Israelis,
1395 2223 1444 2261 et
1485 2209 1817 2277 processerunt
1852 2215 1927 2261 vir

331 2280 478 2327 Israffl
524 2297 583 2327 ex
625 2280 820 2343 Maspha
865 2291 913 2329 et
957 2284 1193 2345 persecuti
1239 2293 1344 2330 sunt
1387 2283 1651 2347 allophylos
1695 2293 1743 2332 et
1794 2300 1925 2347 usqu«

330 2350 511 2397 Bethor
542 2350 815 2398 ceciderunt
831 2353 877 2412 8>
909 2361 1066 2415 pastos
1097 2354 1301 2415 impasti,
1335 2362 1538 2400 armatos
1568 2355 1784 2402 inermes.
1839 2354 1925 2401 Hae

331 2429 469 2468 erunt
496 2422 621 2468 vires
651 2422 950 2469 ieiunantium
983 2422 1096 2480 deo3
1146 2424 1323 2470 coelum
1369 2440 1454 2487 pro
1494 2423 1720 2471 eiusmodi
1756 2425 1924 2480 militat

334 2491 491 2539 Habes
522 2492 715 2538 formam
761 2492 984 2555 praesidii
1032 2495 1169 2540 etiam
1216 2494 1498 2556 spiritalibus
1541 2494 1677 2541 bellis
1721 2510 1924 2542 necessa·

332 2564 463 2609 riam.
525 2561 728 2631 Proinde
762 2579 863 2609 cum
895 2579 980 2609 rex
1009 2562 1307 2626 Assyriorum
1341 2563 1661 2612 Sennacherib
1708 2581 1812 2612 cum
1838 2565 1926 2629 p'ffi

332 2632 460 2679 ribus
490 2633 581 2679 iam
614 2633 877 2679 civitatibus
909 2635 1056 2696 captis
1102 2634 1265 2680 Israe'li
1308 2650 1395 2698 per
1438 2634 1682 2698 Rapsacen
1723 2634 1924 2699 blasphe-

331 2704 447 2749 mias
479 2711 527 2750 et
556 2704 700 2749 minas
731 2704 1007 2760 intentaret,
1052 2705 1166 2750 nihil
1211 2704 1334 2751 aliud
1380 2705 1505 2752 illum
1550 2721 1579 2751 a
1619 2706 1863 2770 proposito
1893 2705 1933 2752 ir

332 2771 610 2836 Aethiopias
641 2775 825 2819 avertit.
899 2773 1079 2821 Dehinc
1113 2773 1219 2837 quid
1250 2773 1375 2822 aliud
1406 2783 1590 2822 centum
1621 2783 1670 2822 et
1699 2775 1942 2838 octoginta

447 2910 489 2960 1)
503 2914 651 2951 Matth.
671 2916 737 2964 17,
758 2917 780 2952 3
798 2926 885 2962 sqq.
1017 2916 1061 2964 2)
1092 2917 1115 2951 1
1140 2917 1239 2964 Reg.
1264 2918 1331 2964 17,
1361 2918 1399 2954 1.
1526 2914 1571 2964 3)
1605 2918 1629 2954 1
1659 2917 1759 2965 Reg.
1791 2917 1865 2964 19,
1898 2917 1933 2957 9¹

332 2966 380 3016 4)
399 2968 547 3006 Genea.
564 2971 602 3018 3,
622 2974 658 3008 9.
776 2970 820 3023 5)
838 2974 914 3008 les.
931 2972 997 3016 40,
1018 2974 1085 3011 28.
1216 2974 1258 3023 6)
1276 2973 1412 3012 Latin.
1429 2975 1471 3010 et
1484 2972 1551 3009 Fr.
1569 2973 1710 3010 lunius
1728 2971 1835 3009 coni.
1879 2970 1915 3008 U

335 3023 439 3062 allo
453 3025 597 3072 phyli
624 3028 882 3074 proelium
909 3028 1260 3066 admovebant.
1292 3029 1564 3068 scribendum
1579 3030 1776 3067 fortune:
1794 3037 1922 3074 proe-

333 3080 418 3173 izin5
440 3081 858 3121 admovebantur.
973 3083 1014 3133 7)
1029 3085 1104 3124 Ed.
1120 3084 1245 3123 Fran.
1265 3089 1306 3123 et
1321 3078 1630 3134 Rig.1bide‚m.
1730 3083 1923 3132 8)1Sam

365 3163 375 3184 ι
436 3147 521 3183 *qq-
