1942 3554
1831 0 1912 149 d

296 229 424 275 180
706 229 788 266 DE
816 228 1084 266 IEIUNIIS
1115 227 1256 266 ADv.
1285 228 1498 285 PSYCH·

378 427 597 496 DE
739 400 1911 519 IEIUersffJj

564 573 1040 628 ADVERSUS
1099 572 1627 628 PSYcfflcOS.

439 811 484 856 1.
545 805 749 853 Mirarer
778 805 1053 868 psychicos,
1086 805 1125 851 si
1156 805 1257 852 sola
1287 805 1470 853 luxuria
1492 808 1788 864 tenerentur,
1822 823 1909 871 qua

295 877 481 939 saepius
512 876 708 933 nubunt,
741 877 779 922 si
811 892 902 921 non
935 877 1073 922 etiam
1097 876 1300 937 ingluvie
1326 875 1611 924 ducerentur
1625 879 1698 937 2),
1731 894 1818 940 qua
1842 879 1911 929 ie-

294 948 420 994 iunia
451 945 673 1004 oderunt3
707 954 960 992 monstrum
991 946 1176 992 scilicet
1202 945 1460 993 haberetur
1489 946 1633 994 libido
1660 948 1758 994 sine
1785 948 1910 1010 gula,

297 1033 399 1064 cum
431 1016 521 1063 duo
553 1015 672 1063 haec
703 1025 795 1062 tam
826 1017 955 1062 unita
985 1025 1122 1078 atque
1156 1025 1381 1063 concreta
1411 1018 1523 1074 sint,
1563 1026 1614 1064 ut
1641 1018 1680 1067 si
1711 1015 1910 1080 disiungi

297 1088 484 1134 omnino
517 1088 801 1149 potuissent,
849 1087 937 1148 ipsi
974 1087 1100 1148 prius
1129 1088 1282 1132 ventri
1312 1086 1531 1150 pudenda
1560 1103 1653 1134 non
1683 1087 1909 1135 adhaere-

296 1165 417 1204 rent.
479 1153 654 1218 Specta
686 1171 856 1217 corpus
888 1164 938 1201 et
967 1171 1059 1202 una
1088 1157 1222 1217 regio
1255 1165 1350 1213 est3
1399 1155 1598 1219 denique
1637 1173 1722 1219 pro
1755 1157 1911 1239 dispo-

296 1227 465 1273 sitione
498 1225 809 1272 membrorum
842 1223 958 1271 ordo
996 1225 1237 1283 vitiorum,
1285 1227 1416 1288 prior
1456 1235 1624 1273 venter
1668 1236 1717 1274 et
1760 1226 1913 1275 statim

298 1305 459 1344 cetera
490 1297 681 1357 saginae
713 1295 992 1344 substructa
1010 1295 1202 1342 lascivia
1232 1304 1326 1355 est3
1358 1312 1446 1359 per
1475 1295 1755 1344 edacitatem
1794 1298 1914 1344 sala-

298 1368 417 1414 citas
448 1367 629 1413 transit.
676 1363 902 1428 Agnosco
935 1366 1078 1427 igitur
1107 1367 1351 1414 animalem
1378 1365 1531 1424 fidem,
1563 1365 1716 1414 studio
1743 1369 1914 1424 carnis,

299 1453 389 1500 qua
418 1445 518 1483 tota
557 1445 763 1493 constat,
811 1445 903 1482 tam
948 1436 1322 1484 multivorantiae
1362 1453 1496 1500 quam
1532 1437 1915 1485 multinubentiae

297 1523 513 1571 pronam,
546 1515 598 1554 ut
628 1507 794 1553 merito
828 1507 1082 1569 spiritalem
1115 1505 1405 1570 disciplinam
1435 1523 1522 1570 pro
1547 1507 1804 1555 substantia
1834 1524 1915 1556 ae-

298 1578 465 1624 mulam
496 1578 545 1624 in
575 1577 662 1624 hac
695 1593 877 1641 quoque
910 1578 1068 1640 specie
1102 1579 1418 1625 continentiae
1457 1587 1672 1635 accuset,
1717 1577 1916 1642 proinde

300 1649 437 1712 gulae
469 1648 659 1694 fraenos
690 1646 980 1704 induentem,
1013 1663 1099 1710 per
1129 1648 1276 1694 nullas
1307 1646 1538 1696 interdum
1576 1649 1652 1696 vel
1682 1664 1810 1696 seras
1839 1649 1917 1696 vel

299 1717 455 1765 aridas
487 1734 644 1775 escas,
678 1717 1062 1780 quemadmodum
1095 1727 1144 1764 et
1174 1717 1354 1765 libidini
1398 1734 1484 1781 per
1520 1719 1683 1766 unicas
1713 1719 1914 1782 nuptias.

298 1788 480 1852 Piget
468 1805 557 1834 iam
590 1805 692 1835 cum
723 1788 892 1835 talibus
924 1787 1174 1856 congredi,
1206 1787 1351 1851 pudet
1380 1790 1470 1836 iam
1501 1787 1559 1836 de
1586 1790 1654 1836 eis
1676 1789 1917 1847 altercari,

301 1875 493 1923 quorum
525 1874 612 1905 nec
645 1857 858 1906 defensio
889 1857 1158 1905 verecunda
1189 1868 1274 1905 est.
1353 1857 1595 1917 Quomodo
1641 1861 1766 1907 enim
1807 1876 1921 1942 pro·-

299 1939 455 1992 tegam
488 1930 749 1976 castitatem
796 1937 844 1976 et
880 1928 1182 1976 sobrietatem
1221 1930 1320 1976 sine
1352 1930 1591 1977 taxatione
1622 1916 1918 1977 adversario-

300 2003 431 2047 lum?
491 1999 685 2057 Quinam
717 2000 794 2046 isti
825 2000 938 2055 sint,
979 2000 1122 2046 semel
1154 1999 1427 2058 nominab03
1475 2001 1738 2047 exteriores
1770 2009 1818 2047 et
1846 2001 1918 2046 in-

300 2072 504 2117 teriores
548 2069 696 2116 botuli
739 2070 1086 2133 psychicorum.
1157 2069 1214 2116 Hi
1258 2071 1501 2134 paracleto
1549 2071 1917 2118 controversiam

302 2142 502 2196 faciunt,
535 2148 732 2202 propter
754 2139 844 2186 hoc
870 2156 1018 2186 novae
1044 2139 1322 2202 prophetiae
1347 2148 1639 2198 recusantur,
1672 2157 1764 2193 non
1790 2138 1914 2203 quod

303 2212 441 2257 alium
474 2209 609 2256 deum
640 2208 917 2271 praedicent
945 2209 1194 2255 Montanus
1226 2218 1274 2256 et
1310 2209 1524 2257 Priscilla
1556 2206 1618 2257 ‘et
1645 2203 1916 2267 Maximilla,

303 2296 391 2327 nec
424 2278 546 2342 quod
586 2278 736 2326 Iesum
769 2278 1001 2325 Christum
1039 2279 1242 2335 solvant,
1290 2296 1378 2336 nec
1410 2279 1532 2342 quod
1563 2281 1761 2342 aliquam
1806 2278 1917 2327 fidei

303 2358 383 2397 aut
413 2350 512 2412 spei
544 2349 752 2411 regulam
784 2357 1018 2403 evertant,
1053 2348 1135 2396 sed
1169 2347 1290 2411 quod
1322 2350 1459 2412 plane
1498 2348 1702 2396 doceant
1730 2346 1918 2412 saepius

302 2421 536 2476 ieiunare,
572 2435 703 2483 quam
736 2419 927 2467 nubere.
989 2418 1059 2466 De
1091 2418 1229 2465 modo
1263 2418 1446 2483 quidem
1478 2417 1716 2466 nubendi
1703 2434 1792 2466 lam
1816 2418 1917 2466 edi-

305 2490 452 2537 dimus
484 2490 807 2552 monogamiae
840 2488 1182 2569 defensionem,
1230 2505 1350 2537 nunc
1389 2488 1447 2537 de
1493 2490 1804 2552 castigatione
1847 2490 1918 2537 vi-

306 2570 407 2607 ctus
452 2547 684 2607 secundae
730 2560 805 2606 vel
849 2560 999 2640 magis
1040 2561 1215 2623 primae
1263 2560 1577 2606 continentiae
1629 2575 1785 2623 pugna
1829 2567 1916 2607 est.

260 2650 264 2653 ·
306 2630 524 2693 Arguunt
554 2646 661 2687 nos,
703 2628 868 2693 quod
856 2630 1032 2676 ieiunia
1061 2631 1253 2692 propria
1284 2628 1621 2686 custodiamus,
1668 2628 1793 2693 quod
1821 2638 1920 2677 sta-

308 2711 460 2747 tiones
490 2702 760 2763 plerumque
792 2701 839 2746 in
869 2715 1111 2762 vesperam
1141 2698 1475 2762 producamuS‚
1508 2698 1631 2764 quod
1663 2701 1802 2753 etiam
1830 2715 1921 2753 xe-,

308 2771 559 2834 rophagias
591 2770 912 2827 observemus,
959 2771 1192 2817 siccantes
1239 2769 1388 2816 cibum
1435 2769 1494 2816 ab
1541 2771 1666 2816 omni
1697 2785 1838 2817 carne
1870 2777 1920 2824 et

240 2838 253 2915 j
311 2842 435 2888 omni
464 2841 712 2888 iurulentia
743 2849 791 2887 et
828 2839 1113 2887 uvidioribus
1158 2840 1412 2904 quibusque
1456 2841 1630 2904 pomis,
1675 2855 1763 2887 nec
1809 2836 1919 2903 quid

424 2994 465 3042 1)
497 2996 567 3032 De
598 2996 798 3034 ieiunio
833 2995 938 3034 adv.
969 2995 1144 3044 psych.
1176 2995 1243 3033 hic
1266 2995 1374 3033 liber
1401 2995 1629 3042 inscriptu-
1661 2997 1726 3032 ent
1753 2993 1797 3030 in
1827 2993 1913 3031 edd.

313 3051 493 3101 Gelenii‚
525 3052 810 3099 Semleria11.;
836 3052 1060 3100 Rigaltius:
1091 3052 1147 3088 de
1177 3051 1406 3090 ieiuniis.
1523 3051 1566 3099 2)
1583 3051 1675 3099 Rig.
1702 3046 1917 3087 l'uxuria

312 3109 654 3147 tenderentur
683 3128 740 3135 --
768 3107 1566 3160 ingluvie·lacerarentur,3quod
1595 3106 1776 3145 alterum
1807 3103 1914 3152 legi-

312 3169 384 3203 tur
401 3164 526 3202 etiam
541 3164 583 3201 in
601 3163 689 3201 cod.
708 3164 939 3202 Wouweri.
