1942 3554
334 227 422 273 28
911 227 995 266 DE
1029 228 1391 266 PATIENTIA.
1569 199 1595 229 ’Ὦ

335 344 533 398 sultate,
595 339 733 398 dicit,
795 341 1012 403 quotiens
1055 356 1140 387 vos
1185 339 1470 388 maledicent
1511 350 1563 388 et
1604 341 1942 407 persequentia*

332 428 519 460 merces
551 413 673 459 enim
695 419 861 458 ‘vestra
890 411 1089 474 plurima
1120 412 1167 457 in
1192 412 1336 459 *coelo
1355 412 1425 472 1);
1454 412 1510 458 ·it
1551 413 1709 477 utique
1754 430 1847 460 non
1930 438 1942 465 ς

333 483 596 531 sultationis
636 482 955 545 impatientiae
1000 482 1274 546 pollicetur,
1329 483 1441 545 quia
1475 498 1615 530 nemo
1660 484 1707 531 in
1751 483 1868 533 adve
1937 505 1938 508 ¹

334 553 608 611 exsultabit,
655 553 745 600 nisi
789 561 898 600 ante
945 568 1004 600 ea
1049 554 1398 617 contempserit
1473 553 1626 602 Nemo
1673 556 1891 605 contemn
1938 572 1942 591 ἑ

328 626 420 672 nisi
449 623 723 689 patientiam
754 625 971 687 gesserit.
1419 645 1422 650 ·
1890 629 1915 682 ό

474 701 554 748 12.
619 693 755 754 Quod
799 695 931 759 pacis
978 695 1272 758 gratissimae
1318 694 1408 743 deo
1447 696 1618 745 attinet
1647 684 1942 762 disciplina*

328 768 430 830 quis
478 767 664 814 omnino
711 766 1032 830 impatientiae
1079 774 1214 813 natus
1256 766 1334 813 vel
1379 767 1524 814 semel
1561 767 1779 830 ignoscet
1821 768 1942 829 frafh

328 854 437 895 suo,
471 835 749 888 nonsdicam
781 838 981 901 septies,
1022 836 1106 885 sed
1137 838 1406 901 septuagies
1443 838 1651 902 septies?
1696 839 1796 902 quis
1834 834 1942 894 iu&

326 910 450 955 cium
472 910 519 969 2)
554 924 656 956 cum
688 907 962 955 adversario
995 925 1077 955 suo
1111 907 1345 971 dirigens,-
1390 909 1631 971 negotium
1670 910 1942 971 convenia:

321 980 392 1026 tia
423 979 595 1037 solvet,
643 979 733 1026 nisi
770 980 899 1043 prius
938 980 1078 1026 animi
1110 978 1348 1037 dolorem,
1395 977 1636 1036 duritiam,
1683 976 1942 1030 amarituffl

325 1065 454 1106 nem,
513 1065 697 1097 venena
749 1051 936 1097 scilicet
979 1051 1299 1114 impatientiae
1345 1051 1626 1114 amputarit?
1705 1048 1942 1109 Quomoda'i

323 1121 535 1167 remittes
567 1129 615 1167 et
644 1121 912 1167 remittetur
941 1120 1049 1177 tibi,
1097 1121 1135 1167 si
1173 1129 1317 1169 tenax
1346 1121 1546 1170 iniuriae
1576 1135 1664 1184 per
1693 1121 1942 1172 absentias!

322 1191 580 1254 patientiae
612 1191 790 1237 fueris?
833 1180 986 1238 Nemo
1013 1190 1265 1237 convulsus
1285 1191 1484 1237 animum
1509 1192 1559 1248 in
1586 1191 1779 1250 fratrem
1804 1198 1942 1244 suum

321 1277 486 1307 munus
518 1259 640 1326 apud
674 1261 822 1308 altare
854 1261 1095 1324 perficiet,
1142 1262 1232 1307 nisi
1270 1262 1398 1324 prius
1428 1259 1782 1310 reconciliando
1815 1262 1942 1315 frah!

323 1347 541 1379 reversus
573 1330 632 1378 ad
663 1332 938 1395 patientiam
970 1332 1127 1379 fuerit.
1205 1330 1289 1378 Sol
1335 1348 1477 1396 super
1511 1333 1628 1381 iram
1666 1340 1875 1381 nostram
1892 1347 1942 1392 μ

322 1401 577 1459 occiderit,
610 1403 948 1465 periclitamur.
1024 1401 1134 1450 Non
1180 1402 1295 1450 licet
1330 1399 1466 1450 nobis
1505 1406 1598 1451 una
1627 1401 1704 1450 die
1735 1404 1835 1451 sine
1865 1414 1942 1469 με

317 1474 486 1520 tientia
530 1489 736 1519 manere.
825 1472 891 1519 At
936 1474 1058 1520 enim
1105 1489 1207 1520 cum
1255 1489 1437 1523 omnem
1482 1475 1687 1538 speciem
1732 1472 1942 1536 salutati

319 1542 595 1606 disciplinae
628 1543 882 1605 gubernet,
925 1532 1036 1607 quid
1066 1545 1253 1602 mirum,
1300 1543 1425 1608 quod
1457 1546 1616 1592 etiam
1626 1540 1942 1609 poenitenti&-¹

317 1615 563 1668 ministrat,
592 1615 758 1660 solitae
786 1615 926 1678 lapsis
949 1615 1224 1670 subvenir3e
1253 1631 1355 1662 cum
1374 1614 1606 1662 disiuncto
1631 1616 1942 1668 matrimonii-4

316 1704 377 1735 ex
402 1703 459 1735 ea
482 1696 638 1734 tamen
664 1701 844 1745 caussa,
878 1702 967 1751 qua
992 1686 1106 1732 licet
1123 1701 1205 1732 seu
1222 1686 1325 1732 viro
1342 1700 1425 1733 seu
1442 1685 1642 1733 feminae
1669 1685 1726 1733 ad
1744 1677 1942 1752 viduittzq]

314 1761 374 1806 tis
405 1760 804 1822 perseverantiam
837 1757 1081 1816 sustineri,
1129 1756 1247 1806 haec
1281 1765 1548 1823 exspectat,
1581 1756 1700 1807 haec
1732 1748 1942 1827 exopta}¹

314 1830 433 1877 haec
453 1837 620 1876 exorat
643 1830 981 1892 poenitentiam
1008 1828 1290 1895 quandoque
1309 1831 1492 1878 inituris
1517 1831 1742 1882 salutem?
1787 1830 1942 1896 Qua'ni

314 1910 410 1947 tum
430 1900 543 1949 ‚boni
570 1901 755 1963 utrique
782 1901 982 1957 confert,
1016 1901 1212 1947 alterum
1236 1900 1622 1955 non'adulterum
1651 1902 1788 1960 facit,
1823 1903 1942 1956 aliea}

312 1988 413 2019 rum
433 1970 667 2019 emendat.
712 1969 792 2018 Sic
813 1980 860 2018 et
876 1972 967 2017 illis
986 1970 1322 2018 dominicarum
1339 1971 1688 2020 similitudinum
1713 1972 1942 2038 exemplid

313 2042 372 2090 de
404 2043 631 2105 patientia
660 2043 837 2089 sanctis
869 2041 1018 2089 adest.
1102 2041 1361 2090 Erroneam
1407 2059 1540 2090 ovem
1585 2045 1812 2107 patientia
1855 2046 1908 2109 [ἡ

312 2114 453 2160 storis
499 2113 701 2175 requirit
744 2122 793 2159 et
836 2114 1027 2159 invenit.
1117 2112 1236 2160 Nam
1281 2115 1571 2177 impatientia
1616 2131 1750 2162 unam
1795 2115 1915 2163 facil<

313 2191 660 2241 contemneret3
694 2182 778 2230 sed
811 2183 1021 2230 laborem
1052 2184 1362 2246 inquisitionis
1392 2186 1618 2248 patientia
1648 2187 1855 2250 suscipit,
1888 2201 1922 2234 ev

311 2254 516 2300 humeris
562 2254 754 2316 insuper
797 2252 987 2299 advehit
1022 2254 1204 2300 baiulus
1235 2256 1417 2317 patiens
1446 2257 1764 2318 peccatricem
1797 2255 1918 2305 dere>

309 2325 485 2371 lictam.
561 2322 693 2370 Illum
739 2339 921 2387 quoque
967 2322 1214 2386 prodigum
1259 2324 1401 2370 filium
1445 2326 1672 2387 patientia
1708 2327 1855 2390 patris
1885 2343 1906 2375 ε

309 2396 481 2458 recipit
525 2403 573 2441 et
608 2394 751 2441 vestit
780 2402 829 2441 et
857 2395 1020 2458 pascit·
1039 2402 1088 2440 et
1117 2392 1238 2457 apud
1269 2394 1603 2457 impatientiam
1634 2397 1742 2444 irati
1771 2397 1918 2446 fratri

310 2473 520 2513 excusat.
598 2463 762 2512 Salvus
794 2473 866 2511 est
895 2465 1039 2527 igitur
1070 2465 1145 2528 qui
1174 2465 1405 2528 perierat,
1453 2468 1571 2529 quia·
1595 2469 1923 2530 poenitentias·

309 2537 429 2584 iniit.
442 2566 447 2572 -‡
505 2535 803 2583 Poenitentia
834 2552 927 2582 non
957 2535 1104 2598 perit,
1139 2534 1244 2599 quia
1273 2537 1545 2598 patientiam
1568 2538 1760 2585 invenit.
1808 2537 1918 2587 Nauna

309 2607 503 2654 dilectio
534 2623 757 2653 summum
789 2605 900 2653 fidei
932 2615 1293 2663 sacramentum,
1328 2605 1580 2654 Christiani
1603 2610 1800 2656 nominis
1825 2609 1901 2660 the

308 2695 493 2735 saurus,
528 2694 661 2741 quam
693 2678 931 2741 apostolus
962 2678 1072 2724 totis
1101 2676 1275 2723 viribus
1306 2679 1455 2725 sancti
1480 2678 1667 2742 spirm‘s
1693 2683 1900 2737 commei:

309 2749 410 2806 dat,
444 2749 574 2796 cuius
605 2749 693 2794 nisi
724 2749 980 2811 patientiae
1013 2746 1270 2810 disciplinis
1302 2746 1543 2796 eruditur?
1599 2746 1820 2808 Dilectio,
1854 2752 1909 2799 in-

308 2821 426 2883 quit,
459 2820 763 2882 magnanimis
795 2828 887 2866 est:
928 2820 993 2865 ita
1029 2819 1299 2882 patientiam
1338 2820 1487 2866 sumit.
1562 2818 1784 2867 Benefica
1828 2829 1903 2869 est·

306 2891 473 2936 malum
503 2891 731 2954 patientia
761 2907 854 2936 non
885 2890 1014 2936 facit.
1089 2887 1198 2936 Non
1228 2890 1507 2937 aemulatur:
1547 2888 1596 2937 id
1627 2890 1809 2955 quidem
1839 2907 1898 2956 pa

306 2961 498 3007 tientiae
529 2962 768 3025 proprium
800 2969 884 3008 est.
958 2959 1063 3007 Nec
1093 2968 1359 3024 protervum
1390 2962 1533 3026 sapit:
1563 2959 1836 3011 modestiam
1861 2958 1897 3010 dr

418 3187 462 3236 1)
479 3187 626 3225 Matth.
646 3191 684 3234 5,
706 3189 768 3225 12.
866 3188 910 3236 2)
929 3188 1151 3227 Rhenanus
1170 3188 1344 3236 aliique:
1376 3184 1490 3237 qul-{s
1514 3189 1571 3227 ad
1594 3188 1815 3227 iudicem
1836 3195 1894 3227 cet
