1942 3554
333 137 424 175 DE
461 135 646 174 FUGA
683 135 756 173 IN
793 131 1385 174 PERSECUTIONE.
1572 132 1694 184 209

50 279 375 330 sanctissimus
414 286 593 342 martyr
631 293 733 325 cum
766 279 942 326 totiens
974 277 1175 339 fugisset
1206 274 1596 339 persecutionem
1630 273 1692 322 de

30 351 160 400 &loco
192 351 238 397 in
273 349 452 406 locum,
487 349 626 395 etiam
656 350 917 413 periculum
943 357 995 396 ut
1017 346 1211 410 putabat
1234 347 1432 394 nummis
1458 345 1691 394 redemis-

48 430 145 480 set,
178 429 286 484 post
314 429 458 467 totam
491 421 818 479 securitatem,
860 436 996 484 quam
1029 417 1119 464 sibi
1148 426 1490 482 prospexerat,
1526 433 1586 465 ex
1617 418 1690 464 in-

45 493 243 556 opinato
276 491 597 555 apprehensus
631 499 679 537 et
709 490 916 554 praesidi
952 490 1158 546 oblatus,
1209 489 1456 536 tormentis
1490 487 1691 553 dissipa-

48 572 148 621 tus,
205 561 352 610 credo
391 578 480 625 pro
519 561 660 624 fugae
701 563 1041 625 castigatione,
1093 558 1264 606 dehinc
1305 560 1493 623 ignibus
1533 559 1686 618 datus,

46 634 316 698 passionem
349 648 484 696 quam
508 631 680 678 vitarat
704 630 1063 679 misericordiae
1091 629 1165 676 dei
1192 631 1369 677 retulit.
1413 630 1534 689 Quid
1560 629 1690 678 aliud

31 703 196 751 ,voluit
240 701 453 750 dominus
500 701 635 750 nobis
682 702 1008 750 demonstrare
1055 701 1146 747 hoc
1188 700 1500 759 documento,
1551 718 1688 766 quam

28 771 318 838 =fugiendum
350 790 443 820 non
476 788 605 831 esse,
640 775 747 837 quia
778 773 891 820 nihil
922 773 1037 836 fuga
1067 772 1220 835 prosit
1251 773 1289 818 si
1322 770 1439 819 deus
1471 772 1621 819 nolit?

188 848 235 896 6.
311 844 432 902 lmo,
486 845 657 907 inquit,
706 845 814 909 quia
845 851 1152 908 praeceptum
1187 841 1463 906 adimplevit
1495 843 1686 906 fugiens

27 913 107 964 {de
139 916 329 963 civitate
371 915 416 961 in
456 915 711 962 civitatem.
790 914 870 962 Sic
904 916 1027 962 enim
1067 913 1216 961 voluit
1255 912 1468 977 quidam,
1520 912 1607 961 sed
1638 923 1688 960 et

24 987 146 1052 :ipse
194 986 440 1050 fugitivuS,
488 988 832 1050 argumentari,
883 995 931 1033 et
978 987 1054 1050 qui
1100 983 1302 1048 proinde
1342 985 1508 1032 nolunt
1545 984 1687 1033 intel-

26 1057 197 1122 *ligere
229 1072 417 1104 sensum
449 1055 623 1104 domini
657 1057 778 1104 illius
809 1057 1232 1122 pronuntiationis,
1280 1064 1331 1102 ut
1370 1072 1428 1103 ea
1467 1054 1527 1103 ad
1559 1055 1687 1103 vela·

23 1137 248 1177 amentum
280 1126 540 1175 timiditatis
572 1144 685 1175 suae
718 1137 929 1186 utantur,
979 1145 1081 1176 cum
1123 1135 1171 1174 et
1201 1143 1431 1190 personas
1464 1143 1570 1174 suas
1603 1127 1686 1173 ha-

24 1198 201 1247 ³÷buerit
234 1208 282 1247 et
312 1207 523 1262 tempora
557 1208 605 1246 et
637 1216 849 1247 caussas.
918 1199 1031 1246 Cum
1065 1199 1338 1261 coeperint,
1372 1198 1540 1260 inquit,
1575 1213 1685 1261 per-

46 1271 178 1334 sequi
211 1287 316 1328 vos,
364 1270 516 1334 fugite
551 1269 609 1317 de
644 1271 837 1318 civitate
871 1271 1208 1317 incivitatem.
1239 1270 1279 1327 ¹)
1360 1268 1464 1315 Hoc
1498 1269 1542 1314 in
1575 1284 1684 1331 per-

44 1357 185 1389 sonas
231 1342 423 1405 proprie
468 1339 808 1404 Apostolorum
857 1350 904 1389 et
949 1342 995 1387 in
1042 1350 1257 1403 tempora
1303 1348 1353 1386 et
1397 1340 1443 1385 in
1493 1355 1685 1386 caussas

23 1427 207 1460 eorum
252 1412 496 1476 pertinere
544 1411 872 1469 defendimus,
942 1413 1066 1458 sicut
1111 1409 1484 1475 [praecedentes
1532 1408 1610 1476 et]
1637 1410 1683 1468 2)

22 1482 386 1546 *subsequentes
423 1499 588 1530 sensus
627 1481 916 1545 probabunt,
967 1483 1045 1546 qui
1086 1499 1180 1528 non
1220 1482 1309 1528 nisi
1342 1482 1387 1527 in
1419 1478 1685 1544 Apostolos

43 1562 337 1617 eompetunt:
393 1553 445 1600 In
490 1554 611 1600 viam
652 1554 890 1600 nationum
928 1570 987 1600 ne
1027 1554 1202 1610 ieritis,
1252 1561 1301 1600 et
1346 1553 1391 1598 in
1442 1551 1684 1599 civitatem

26 1623 444 1673 ³Samaritanorum
476 1640 535 1671 ne
568 1625 874 1682 introieritis,
923 1623 1008 1671 sed
1047 1626 1111 1671 ite
1143 1624 1300 1687 potius
1332 1622 1390 1670 ad
1425 1639 1541 1670 oves
1572 1638 1683 1686 per-

22 1693 165 1743 :editas
197 1693 360 1743 domus
392 1695 601 1744 lsrae'lis.
626 1696 671 1755 3)
716 1695 869 1742 Nobis
902 1704 1056 1742 autem
1090 1703 1139 1742 et
1168 1695 1244 1741 via
1269 1695 1510 1741 nationum
1534 1702 1683 1756 patet,

20 1767 95 1814 ‘in
129 1783 219 1830 qua
260 1775 309 1814 et
348 1767 527 1814 inventi
566 1782 723 1813 sumus
765 1775 812 1813 et
851 1781 997 1830 usque
1039 1767 1084 1811 in
1123 1765 1262 1813 finem
1302 1763 1587 1821 incedimus,
1636 1773 1686 1811 et

33 1837 169 1884 -nulla
209 1838 374 1885 civitas
414 1845 614 1900 excepta
654 1846 747 1894 est,
796 1854 886 1900 quo
927 1850 1013 1899 per
1050 1845 1197 1883 totum
1237 1835 1401 1882 orbem
1433 1833 1684 1898 praedica-

24 1925 167 1966 *vmus3
204 1904 307 1955 ¹'sed
347 1923 435 1955 nec
476 1924 589 1954 cura
627 1907 764 1954 nobis
798 1907 990 1955 lsrae'lis
1031 1907 1241 1954 iniuncta
1281 1914 1354 1953 est
1386 1914 1520 1953 extra
1554 1903 1683 1951 ordi-

33 1995 174 2037 ·nem,
227 1979 318 2026 nisi
364 1995 454 2042 qua
502 1987 550 2026 et
596 1978 809 2025 omnibus
850 1977 1070 2042 gentibus
1112 1976 1395 2041 praedicare
1438 1976 1680 2023 debemus.
1740 2006 1743 2009 -

26 2048 197 2097 ‘Etiam
228 2051 268 2097 si
299 2048 728 2113 apprehendamur,
784 2066 876 2097 non
911 2052 955 2096 in
998 2049 1203 2096 concilia
1243 2063 1405 2094 eorum
1445 2046 1682 2110 perduce-

33 2136 167 2179 mur,
213 2136 302 2168 nec
332 2122 379 2167 in
412 2121 671 2184 synagogis
705 2120 888 2167 illorum
921 2119 1289 2183 flagellabimur,
1338 2116 1426 2165 sed
1457 2117 1681 2164 Romanis

34 2192 204 2256 vtique
249 2191 562 2256 potestatibus
610 2200 658 2238 et
697 2191 1005 2238 tribunalibus
1046 2190 1340 2237 obiiciemur.
1422 2187 1503 2235 Sic
1537 2190 1683 2251 igitur

21 2270 94 2309 fet
142 2262 285 2327 fugae
346 2271 652 2325 praeceptum
704 2261 1042 2325 Apostolorum
1100 2260 1311 2309 conditio
1361 2259 1678 2315 desiderabat,

20 2333 260 2399 'quoniam
290 2333 441 2397 primo
480 2331 848 2396 praedicandum
888 2343 990 2380 erat
1030 2332 1088 2381 ad
1128 2349 1241 2380 oves
1273 2330 1483 2395 perditas
1517 2329 1681 2376 domus

23 2402 252 2452 *Israelis
301 2403 358 2452 Ut
377 2420 494 2468 ergo
513 2404 830 2468 perficeretur
853 2404 1173 2468 praedicatio,
1207 2401 1331 2465 apud
1353 2417 1468 2465 quos
1494 2401 1681 2463 priores

45 2488 148 2523 eam
183 2475 347 2538 perfici
388 2474 638 2538 oportebat
654 2477 725 2534 4),
773 2477 837 2521 uti
879 2491 1046 2537 panem
1085 2483 1195 2520 ante
1236 2473 1319 2520 filii
1360 2488 1493 2534 quam
1538 2486 1681 2517 canes

28 2555 303 2604 ssumerent,
352 2543 462 2593 ideo
495 2546 586 2592 illis
618 2546 788 2607 fugere
820 2555 931 2591 tunc
964 2544 1023 2591 ad
1055 2554 1237 2607 tempus
1269 2542 1538 2605 praecepit,
1588 2558 1681 2587 non

22 2625 241 2680 ppropter
271 2615 551 2664 eludendum
585 2616 846 2679 periculum
879 2616 1073 2679 proprio
1099 2614 1285 2660 nomine
1311 2612 1680 2675 persecutionis,

24 2683 234 2752 (atquin
266 2688 628 2750 persecutiones
670 2703 754 2734 eos
786 2703 1009 2749 passuros
1052 2683 1358 2749 praedicabat
1390 2692 1439 2730 et
1472 2682 1682 2730 toleran-

165 2897 206 2947 1)
234 2899 383 2936 Matth.
402 2901 468 2949 10,
487 2901 555 2937 23.
644 2899 689 2948 2)
720 2900 796 2935 Vv.
813 2898 936 2936 uncis
963 2898 1128 2935 inclusa
1146 2897 1300 2935 Pamel.
1318 2896 1478 2934 addidit
1494 2896 1683 2944 recepit-

34 2967 131 3006 que
159 2955 311 3004 Rigalt.
440 2956 484 3005 3)
514 2955 663 2993 Matth.
686 2957 751 3004 10,
772 2957 808 2991 5.
833 2958 869 2992 6.
974 2954 1020 3002 4)
1052 2954 1208 2992 Rhen.:
1257 2955 1317 2991 Ut
1349 2965 1472 3002 ergo
1505 2953 1683 3001 perci-

27 3016 266 3062 .peretur
303 3010 497 3059 (Latin.:
538 3012 933 3060 perficeretur)
977 3011 1324 3059 praedicatio,
1368 3011 1506 3058 apud
1548 3020 1684 3057 quoe

52 3069 260 3118 priores
306 3080 412 3106 eam
453 3068 647 3116 perfici
687 3070 982 3116 oportebat.
1055 3068 1237 3116 Rigalt.:
1296 3069 1358 3106 Ut
1393 3079 1518 3115 ergo
1557 3077 1686 3114 per-

28 3123 352 3165 flectentur
382 3126 574 3176 praed„
608 3126 738 3174 apud
770 3136 862 3163 nos
896 3125 1102 3173 priores
1136 3124 1329 3173 perfici
1359 3123 1657 3173 oportebat.

107 3211 343 3250 Τεητυιι.
375 3213 403 3248 ι.
1260 3214 1322 3260 14
