1942 3554
276 259 368 306 50
795 259 879 297 DE
914 257 1362 296 ΡΟΕΝΙΤΕΝΤἈ
1936 270 1942 330 3

279 372 502 434 cognito,
560 370 685 416 ultro
735 370 925 431 spiritus
969 384 998 414 a
1036 384 1119 414 suo
1153 371 1319 415 autore
1350 374 1595 431 respectus
1625 368 1822 429 emergit
1852 331 1942 416 adl

280 441 496 488 notitiam
525 439 772 494 veritatiS,
826 445 874 484 et
918 436 1144 484 admissus
1190 435 1249 485 ad
1296 436 1530 483 dominica
1565 445 1825 500 praecepta
1852 430 1942 492 ex}

277 511 393 574 ipsis
423 509 578 555 statim
611 506 844 563 eruditur,
890 506 938 553 i‹l
982 494 1182 569 peccato
1233 504 1571 570 deputandum,
1618 522 1646 552 a
1677 519 1767 569 quo
1799 501 1942 573 deus}

285 587 469 626 arceat.
533 577 762 657 Quoniam
795 592 898 623 cum
931 574 1067 623 deum
1099 575 1278 638 grande
1312 572 1556 639 quidaeboni
1582 584 1768 623 constet
1792 575 1942 632 esse,}

279 649 443 711 utique
487 647 615 693 bono
662 647 751 692 nisi
790 647 957 692 malum
989 662 1083 692 non
1115 645 1411 708 displiceret,
1460 643 1586 708 quod
1630 645 1756 699 inter
1801 639 1942 699 con-f]

280 718 434 764 traria
465 717 565 766 sibi.
585 717 711 763 nulla
742 715 950 762 amicitia
982 724 1070 763 est.
1131 714 1461 776 Perstringere
1495 722 1663 762 ‘tamen
1707 730 1801 760 non
1824 714 1914 777 ›pi-

283 787 442 850 gebit,
476 785 758 833 delictorum
784 784 1011 847 quaedam
1038 799 1143 833 esse
1169 785 1402 841 carnalia,
1435 783 1482 831 id
1507 792 1601 840 est,
1629 783 1915 847 corporalia,
1940 835 1942 837 ,

284 855 513 936 quaedam
543 871 659 902 vero
693 855 939 918 spiritalia.
1009 854 1130 902 Nam
1175 869 1280 902 eum
1326 869 1386 901 ex
1429 853 1519 901 hae
1565 852 1764 917 duplicis
1809 853 1942 910 sub-¹

285 927 491 974 stantiae
524 925 898 987 congregatione
931 924 1178 972 confectus
1208 923 1348 970 homo
1380 923 1463 980 sit,
1495 939 1588 969 non
1615 921 1801 969 aliunde
1833 920 1920 969 de·

286 997 481 1059 linquit,
515 1011 650 1058 quam
680 993 802 1041 unde
836 1002 1036 1040 constat.
1100 992 1195 1040 Sed
1227 1009 1319 1039 non
1352 1009 1411 1040 eo
1441 993 1567 1039 inter
1597 1008 1647 1040 se
1679 991 1942 1049 differunt,‘

288 1064 415 1129 quod
448 1081 620 1127 corpus
652 1073 700 1111 et
730 1064 920 1126 spiritus
951 1062 1043 1110 duo
1075 1071 1202 1119 sunt,
1252 1062 1478 1125 (alioquin
1517 1070 1585 1108 eo'
1607 1062 1755 1124 magis
1785 1061 1928 1125 parim

286 1143 416 1191 sunt,
450 1135 558 1196 quia
589 1133 681 1179 duo
712 1149 851 1179 unum
883 1133 1146 1190 efficiunt,)
1179 1147 1242 1178 ne
1271 1132 1371 1194 quis
1401 1147 1487 1193 pro
1514 1130 1790 1178 diversitate
1822 1146 1916 1178 ma-

286 1205 513 1251 teriarum
544 1210 746 1265 peccata
778 1217 940 1248 eorum
973 1200 1241 1257 discernat,
1274 1209 1325 1246 ut
1356 1201 1554 1247 alterum
1586 1201 1743 1261 altero·
1773 1201 1926 1247 levius-

287 1281 370 1319 aut
401 1273 588 1334 gravius
620 1272 871 1318 existimet.
935 1269 1175 1333 Siquidem
1207 1278 1256 1317 et
1286 1285 1399 1316 caro
1425 1278 1473 1317 et
1497 1270 1687 1334 spiritus
1717 1269 1793 1317 dei
1823 1285 1918 1327 res,

287 1343 382 1389 alia
412 1357 549 1388 manu
581 1342 680 1387 cius
712 1356 961 1404 expressa,
995 1341 1088 1387 alia
1112 1341 1272 1386 afflatu
1298 1340 1398 1386 cius
1426 1348 1763 1388 consummata.
1805 1339 1928 1386 Cum.

288 1427 407 1473 ergo
441 1426 501 1458 ex
531 1412 634 1473 pari
672 1409 731 1456 ad
779 1410 1013 1456 dominum
1060 1411 1352 1474 pertincant,
1400 1408 1712 1474 quodcunque
1758 1424 1928 1456 eorumz

290 1480 565 1544 deliquerit,
621 1496 681 1527 ex
725 1481 828 1543 pari
875 1479 1110 1528 dominum
1157 1478 1370 1527 offendit.
1457 1477 1534 1526 An
1580 1487 1633 1525 tu
1678 1477 1929 1526 discernas-

290 1560 426 1598 aetus
459 1550 613 1597 carnis
646 1558 694 1596 et
724 1550 934 1612 spiritus,
983 1566 1177 1612 quorum
1223 1549 1367 1597 et'in
1402 1549 1502 1596 vita
1532 1557 1582 1596 et
1610 1549 1657 1595 in
1687 1557 1838 1596 morte
1872 1557 1919 1596 et

289 1621 339 1667 in
384 1620 737 1666 resurrectione
790 1628 966 1666 tantum
1015 1619 1352 1666 communionis
1397 1627 1536 1681 atque
1575 1618 1802 1665 consortii
1833 1627 1942 1676 est,-

289 1698 343 1736 ut
390 1690 576 1752 pariter
620 1697 731 1735 tunc
777 1697 858 1735 aut
902 1690 947 1734 in
992 1684 1135 1735 {sitam
1175 1697 1256 1735 aut
1291 1688 1339 1734 in
1368 1687 1588 1754 iudicium
1619 1688 1919 1746 suscitentur,

295 1760 404 1822 quia
435 1759 621 1805 seilicet
651 1759 832 1821 pariter
862 1767 943 1805 aut
975 1757 1260 1821 deliquerint
1290 1766 1372 1804 aut
1408 1758 1689 1804 innocenter
1719 1759 1920 1820 egerint.

294 1828 397 1875 Hoc
430 1844 488 1875 eo
520 1828 923 1890 praemiserimus,
970 1837 1022 1874 ut.
1067 1845 1160 1874 non
1205 1828 1431 1874 minorem
1471 1827 1608 1874 alteri
1641 1843 1774 1890 quam
1804 1828 1921 1874 utri-

295 1914 383 1961 que
415 1899 564 1961 parti,
598 1899 636 1944 si
669 1896 777 1960 quid
810 1896 1087 1961 deliquerit,
1134 1898 1456 1961 poenitentiae
1488 1898 1820 1950 necessitatem
1851 1898 1922 1944 in-

293 1968 561 2030 telligamus
615 1966 904 2030 impendere.
1004 1967 1270 2014 Communis
1303 1975 1483 2022 reatus
1536 1967 1776 2014 amborum
1831 1976 1921 2025 est,

298 2038 554 2085 communis
587 2046 635 2084 et
664 2036 827 2094 iudex,
861 2036 975 2084 deus
1006 2038 1212 2096 scilieet3
1261 2037 1514 2093 communis
1545 2037 1690 2099 igitur
1719 2045 1769 2084 ct
1805 2053 1921 2101 poe·

297 2108 522 2154 nitentiae
556 2106 758 2153 medela.
819 2106 1003 2154 Exinde
1036 2108 1266 2171 spiritalia
1302 2115 1351 2154 et
1381 2107 1650 2170 corpolalia
1679 2108 1921 2154 nominan—

297 2185 396 2233 tur,
431 2175 554 2238 quod
586 2175 830 2222 delictum
842 2193 976 2223 omne
1012 2186 1093 2225 aut
1123 2178 1279 2239 agitur
1307 2185 1388 2225 aut
1426 2177 1688 2248 cogitatur,
1732 2185 1784 2223 ut
1814 2178 1924 2224 cor·-

297 2246 463 2309 porale
497 2246 579 2302 sit,
615 2243 738 2325 quod
769 2246 815 2290 in
847 2247 975 2292 facto
1009 2255 1102 2302 est,
1142 2248 1257 2308 quia
1294 2248 1490 2303 factum,
1535 2255 1610 2292 ut
1632 2262 1826 2310 corpus,
1873 2255 1928 2294 et}

296 2314 449 2362 videri
481 2323 530 2361 et
562 2314 771 2376 contingi
804 2314 967 2370 habet,
1001 2315 1210 2377 spiritale
1241 2330 1380 2371 vero,
1414 2313 1541 2376 quod
1569 2315 1614 2360 in
1646 2316 1799 2362 animo
1832 2325 1918 2375 est,

300 2385 408 2447 quia
433 2385 621 2447 spiritus
648 2399 799 2447 neque
822 2383 1032 2441 videtur,
1065 2399 1215 2447 neque
1240 2391 1443 2430 tenetur.
1497 2382 1590 2430 Per
1613 2384 1736 2447 quod
1762 2394 1922 2433 osten·v

298 2453 448 2511 ditur,
481 2470 574 2499 non
604 2454 718 2500 facti
749 2454 920 2510 solum,
966 2469 1127 2501 verum
1164 2461 1215 2500 et
1241 2453 1495 2500 voluntatis
1527 2452 1701 2501 delicta
1719 2454 1921 2504 ‘vitanda

299 2532 350 2570 et
379 2524 673 2587 poenitentia
702 2522 946 2586 purganda
978 2539 1097 2570 esse.
1158 2522 1324 2586 Neque
1358 2524 1503 2580 enim,
1546 2523 1585 2570 si
1615 2523 1924 2573 mediocritas·

298 2593 501 2640 humana
532 2608 558 2640 e
589 2593 792 2652 fact1s1)
841 2594 987 2639 solum
1033 2592 1231 2649 iudicat,
1277 2593 1384 2656 quia
1426 2593 1681 2640 voluntatis
1726 2594 1919 2643 latebris

300 2679 388 2726 par
417 2679 511 2710 non
543 2671 637 2719 est,
685 2661 867 2710 idcirco
915 2663 1109 2710 crimina
1154 2663 1253 2709 eius
1292 2663 1431 2709 etiam
1469 2663 1551 2710 sub
1585 2661 1676 2710 deo
1706 2665 1920 2726 negliga-

302 2749 416 2780 mus.
478 2731 647 2779 Deus
635 2749 681 2778 1n
714 2733 868 2780 omnia
899 2733 1083 2780 sufficit.
1144 2732 1272 2779 Nihil
1304 2748 1332 2779 a
1357 2741 1614 2796 conspectu
1642 2733 1741 2781 eius
1764 2749 1919 2781 remo·-

306 2810 419 2860 tum,
451 2801 572 2849 unde
600 2803 786 2849 omnino
812 2801 1108 2866 delinquitur,
1142 2803 1248 2865 quia
1274 2819 1365 2848 non
1390 2803 1591 2864 ignorat,
1618 2819 1705 2850 nec
1730 2804 1917 2862 omittit,

305 2872 547 2934 quominus
578 2873 623 2917 in
656 2871 876 2919 iudicium
909 2871 1150 2920 decernat.
1225 2868 1557 2919 Dissimulator·
1595 2880 1644 2919 et
1679 2875 1919 2935 praevari-

306 2948 443 2987 cator
470 2942 795 3004 perspicaciae
828 2957 939 2989 suae
971 2958 1063 2989 non
1094 2950 1182 2989 est.
1244 2940 1386 3000 Quid,
1421 2940 1545 3006 quod
1567 2942 1781 2990 voluntas
1804 2942 1918 2999 facti

420 3109 464 3156 1)
497 3107 723 3145 Librimss.
742 3112 783 3147 et
799 3109 887 3147 edd.
914 3110 1096 3158 facti03
1134 3110 1270 3146 Latin.
1295 3112 1335 3147 et
1352 3111 1506 3160 Rigalt.
1530 3110 1676 3149 facti.
1733 3111 1917 3159 Praepo-

307 3163 502 3202 sitionem
521 3175 565 3213 e,
584 3175 690 3211 quae
708 3166 910 3203 facillime
928 3167 1105 3216 excidit,
1129 3165 1393 3204 inserendam
1413 3178 1505 3204 esse
1523 3167 1773 3214 putavimus.
