1942 3554
474 136 563 173 DE
603 136 884 174 coRoNA
926 137 1221 177 MlLl'rls.
1563 135 1675 186 199

36 280 222 345 *hique
255 278 458 343 polluta,
491 285 541 325 et
577 277 791 342 polluens
831 276 1006 334 omnia,
1047 291 1166 340 quae
1198 276 1287 323 iam
1328 274 1597 340 polluantur
1627 284 1678 324 et

37 352 251 417 caussiS.
325 348 456 396 Ecce
504 364 655 394 annua
700 356 915 394 votorum
963 342 1270 409 nuncupatio,
1312 345 1422 410 quid
1459 346 1676 394 videtur?

34 423 199 486 ,prima
229 420 276 466 in
307 418 566 483 principiis,
600 408 804 464 secunda
835 418 879 463 in
900 416 1162 479 Capitoliis.
1216 415 1398 480 Accipe
1431 425 1538 480 post
1570 417 1677 464 loca

53 500 104 540 et
130 489 301 538 verba·
346 489 479 536 Hune
519 487 625 544 tibi,
667 488 864 550 Iupiter,
903 486 1071 533 bovem
1114 487 1334 534 cornibus
1375 504 1489 534 auro
1531 485 1678 535 deco—

37 562 168 609 ratis
205 574 430 606 vovemus
475 573 580 604 esse
628 558 846 603 futurum.
938 556 1078 603 Cuius
1126 558 1389 603 sententiae
1435 573 1528 604 vox
1575 560 1678 605 est⁹

55 633 213 695 utique
243 629 526 692 negationis.
610 626 802 674 Etiamsi
837 634 963 672 tacet
994 627 1090 673 illic
1125 625 1413 674 Christianus
1447 644 1553 685 ore,
1597 644 1679 675 co-

38 709 248 749 ronatus
279 699 432 761 eapite
472 695 732 760 respondit.
807 695 984 742 Eadem
1032 697 1190 742 laurea
1236 697 1280 741 in
1324 696 1532 743 donativi
1584 698 1680 745 dis-

38 769 332 836 apensatione
385 766 698 815 denuntiatur.
807 765 948 813 Plane
1004 783 1095 812 non
1143 767 1346 828 gratuita
1391 765 1678 825 idololatria,

41 839 286 920 aliquibus
331 838 488 885 aureis
531 836 778 884 venditans
831 835 1087 893 Christum,
1142 845 1192 883 ut
1236 838 1478 899 argenteis
1529 837 1679 884 ludas.

58 910 160 959 Hoc
192 909 305 956 erit:
346 906 454 955 Non
486 909 687 971 potestis
719 906 809 953 deo
841 907 1020 954 servire
1056 915 1104 953 et
1134 923 1422 954 mammonae
1463 908 1505 968 1)
1538 924 1681 954 mam-

39 990 223 1032 ·monae
256 994 437 1027 manum
468 976 659 1027 tradere
693 986 766 1025 est
795 993 823 1024 a
855 976 944 1024 deo
978 977 1225 1024 absistere.
1289 976 1391 1024 Hoc
1425 986 1520 1025 est:
1556 977 1682 1025 Red-

40 1048 155 1115 dite
194 1065 313 1114 quae
352 1057 458 1096 sunt
496 1047 713 1095 Caesaris
754 1047 969 1104 Caesari,
1018 1056 1066 1093 et
1106 1063 1224 1111 quae
1266 1045 1343 1094 dei
1383 1046 1472 1095 deo
1512 1049 1557 1107 2)
1593 1064 1681 1095 nec

56 1121 293 1169 hominem
324 1118 415 1166 deo
447 1117 649 1166 reddere
683 1127 731 1164 et
769 1116 1009 1164 denarium
1051 1117 1247 1164 Caesari
1285 1119 1489 1164 auferre.
1580 1119 1684 1164 Tri-

55 1191 215 1254 umphi
247 1190 405 1237 laurea
439 1189 566 1236 foliis
598 1190 812 1245 struitur,
853 1204 910 1234 an
953 1187 1285 1245 cadaveribus,
1332 1189 1571 1235 lemniscis
1605 1205 1683 1234 or-

59 1270 199 1309 natur
236 1276 294 1307 an
333 1259 512 1306 bustis?
555 1260 807 1322 unguentis
848 1257 1102 1305 delibuitur
1145 1259 1191 1316 3)
1233 1275 1291 1305 an
1333 1259 1535 1305 lacrimis
1569 1275 1684 1305 con-

60 1333 219 1394 iugum
266 1338 315 1378 et
357 1331 582 1376 matrum?
619 1330 821 1376 fortasse
868 1327 1154 1392 quorundam
1195 1336 1243 1375 et
1283 1327 1679 1389 Christianorum,

53 1411 114 1450 ⁴-et
134 1399 257 1465 apud
287 1399 514 1446 barbaros
547 1400 668 1446 enim
702 1398 927 1446 Christus.
991 1398 1080 1457 Qui
1105 1399 1223 1445 hanc
1248 1400 1511 1462 portaverit
1535 1400 1580 1445 in
1608 1415 1686 1446 ca-

55 1473 158 1536 pite
191 1486 425 1527 caussam,
459 1480 613 1516 nonne
648 1478 697 1517 et
726 1469 826 1532 ipse
860 1469 1174 1532 oppugnavit?
1203 1468 1288 1516 Est
1320 1478 1369 1514 et
1399 1470 1490 1516 alia
1522 1470 1687 1518 militia

61 1542 300 1605 regiarum
332 1539 624 1587 familiarum.
701 1539 820 1586 Nam
862 1547 910 1586 et
942 1538 1220 1587 Castrenses
1261 1539 1557 1602 appellantur
1587 1555 1686 1586 mu-

55 1612 231 1660 nificae
278 1619 326 1659 et
370 1611 501 1674 ipsae
547 1610 839 1657 sollemnium
888 1609 1307 1656 Caesareanorum.
1400 1609 1494 1656 Sed
1546 1619 1594 1657 et
1638 1619 1688 1657 tu

57 1681 263 1748 ,proinde
295 1680 429 1728 miles
459 1696 515 1728 ac
547 1696 711 1728 servus
742 1680 936 1727 alterius
969 1695 1043 1736 es,
1092 1689 1140 1726 et
1170 1681 1208 1726 si
1249 1679 1473 1736 duorum,
1524 1679 1599 1727 dei
1640 1689 1689 1727 et

54 1753 308 1809 Caesaris,
343 1759 474 1798 certe
492 1759 602 1798 tunc
627 1766 719 1796 non
739 1749 978 1807 Caesaris,
1013 1766 1116 1796 cum
1147 1759 1193 1796 te
1220 1748 1309 1796 deo
1337 1748 1508 1808 debes,
1547 1752 1689 1797 etiam

51 1816 115 1870 'in
148 1820 466 1869 communibus
499 1819 643 1868 credo
675 1820 867 1884 potiori.

69 1953 73 1955 4
208 1895 288 1942 13.
364 1890 605 1937 Coronant
622 1898 671 1937 et
686 1889 899 1953 publicos
919 1888 1108 1936 ordines
1127 1890 1298 1936 laureis
1315 1890 1531 1952 publicae
1559 1907 1692 1938 caus-

67 1978 151 2010 sae
170 1961 471 2024 magistratus
494 1975 609 2008 vero
628 1960 820 2022 insuper
835 1961 992 2006 aureis
1016 1962 1087 2019 [ut
1102 1957 1325 2017 Athenis,
1346 1968 1395 2006 ut
1414 1959 1626 2024 Romae.]
1649 1962 1693 2023 4)

70 2032 410 2080 praeferuntur
455 2031 592 2077 etiam
639 2030 730 2076 illis
777 2029 1057 2076 Hetruscae.
1149 2029 1249 2076 Hoc
1295 2030 1574 2076 vocabulum
1622 2040 1697 2078 est

67 2117 379 2158 coronarum,
427 2116 539 2164 quas
584 2100 781 2164 gemmis
827 2107 877 2146 et
919 2099 1044 2146 foliis
1092 2115 1152 2146 ex
1195 2116 1310 2146 auro
1358 2102 1594 2163 quercinis
1635 2101 1693 2147 ob

71 2172 230 2221 Iovem
270 2171 479 2234 insignes
517 2169 577 2217 ad
616 2168 918 2217 deducendas
956 2169 1147 2217 thensas
1179 2186 1281 2217 cum
1323 2171 1536 2233 palmatis
1572 2172 1695 2234 togis

64 2249 272 2292 sumunt.
342 2240 460 2289 Sunt
500 2249 548 2287 et
583 2239 900 2304 provinciales
939 2255 1137 2297 aureae,
1186 2241 1435 2303 imaginum
1477 2242 1566 2288 iam
1604 2259 1696 2288 non

55 2312 304 2369 ‘vin-orum,
338 2311 491 2374 capita
521 2312 699 2358 maiora
730 2318 1027 2374 quaerentes·
1098 2309 1196 2357 Sed
1228 2313 1292 2357 tui
1326 2309 1517 2358 ordines
1551 2321 1598 2358 et
1630 2313 1695 2358 tui

74 2380 374 2446 magistratus
420 2389 470 2428 et
512 2382 659 2444 ipsum
684 2381 866 2427 curiae
914 2395 1083 2427 nomen
1130 2381 1339 2428 ecclesia
1379 2389 1451 2427 est
1491 2380 1692 2427 Christi:

72 2452 202 2501 illius
233 2468 307 2509 es,
347 2452 642 2514 conscriptus
687 2452 733 2497 in
780 2450 909 2497 libris
947 2452 1071 2497 vitae
1109 2451 1154 2510 ⁵)
1188 2451 1286 2497 illic
1326 2466 1558 2512 purpurae
1590 2459 1699 2498 tuae

198 2687 244 2734 1)
272 2688 485 2736 Mutus,
518 2690 586 2728 24.
676 2689 721 2736 2)
752 2689 988 2735 Matth.22‚
1022 2692 1090 2725 21.
1152 2691 1191 2727 3)
1223 2687 1297 2723 Ed.
1329 2687 1508 2727 Franelc.
1542 2689 1703 2726 strui-

78 2746 186 2781 tur.
230 2743 348 2782 hine
389 2745 630 2783 adverbis
661 2745 952 2791 lemniscis,
986 2745 1266 2781 inauratur
1295 2744 1580 2792 lamnulis,
1614 2757 1704 2782 un-

51 2805 59 2811 ·
83 2792 299 2848 guentis
329 2803 409 2840 etc.
440 2801 584 2838 Gelen.
616 2801 749 2849 hanc
784 2800 1029 2838 adverbis
1072 2799 1370 2848 lemniscis,
1417 2800 1705 2839 inauratur

87 2855 362 2903 tumninio,
395 2868 545 2905 ungu.
578 2857 867 2894 delibuitur
899 2869 922 2893 a
955 2857 1197 2893 lacrimis
1230 2859 1308 2894 etc.
1336 2857 1551 2894 Wouwer.
1584 2869 1606 2893 e
1629 2869 1706 2895 ms.

86 2911 237 2948 foliis
262 2912 514 2959 struitur,
538 2913 830 2950 adornatur
853 2913 1137 2950 lemniscis.
1168 2912 1431 2950 Retinuimus
1450 2914 1706 2961 scripturam

87 2966 271 3032 Rigaltii,
290 2968 494 3014 nisiquod
513 2968 785 3015 prolamnis
807 2968 1073 3015 reposuimus
1108 2968 1392 3008 lemniscis.
1418 2969 1528 3016 quod
1557 2973 1598 3007 et
1618 2970 1707 3018 ipse

68 3014 132 3060 ιἰιι
149 3034 226 3062 suo
244 3023 335 3061 cod.
359 3023 526 3071 reperit.
589 3024 634 3070 4)
659 3024 786 3060 Uncis
811 3024 976 3061 inclusa
1001 3024 1143 3062 omisit
1166 3025 1396 3074 Rigaltius,
1421 3037 1559 3072 neque
1585 3026 1708 3063 dubi-

87 3075 259 3117 tandum
286 3082 364 3128 ent,
388 3080 488 3127 quin
512 3082 562 3118 ab
586 3079 816 3127 interprete
840 3080 1019 3127 quodam
1043 3081 1206 3119 adiecta
1237 3083 1334 3119 sint.
1394 3082 1438 3131 5)
1471 3082 1575 3119 Phil.
1592 3084 1690 3130 4,3
1698 3105 1706 3110 -
