1942 3554
305 245 391 291 68
807 244 887 281 AD
933 242 1210 281 UXOREM
1248 240 1362 279 LIB.
1390 241 1422 278 1.

300 361 436 420 virgo
469 356 686 411 sortitur,
727 362 776 400 et
807 369 924 415 quae
956 352 1149 414 Delphis
1182 352 1438 409 insaniunt,
1478 351 1654 400 nubere
1694 356 1917 418 nesciunt.

305 429 524 474 Ceterum
546 423 709 471 viduas
732 421 988 469 Africanae
1016 422 1181 468 Cereri
1213 420 1440 469 adsistere
1466 423 1656 480 scimus,
1683 421 1942 477 durissimi.

275 494 489 559 'quidem
529 493 762 540 oblivione
803 508 830 538 a
867 493 1162 539 matrimonio
1202 492 1414 538 allectaS.
1462 491 1607 539 'Nam
1637 495 1942 555 manentibus-

303 568 351 612 in
382 565 687 622 aeternum1)
726 564 839 609 viris
871 578 964 609 non
995 560 1134 609 modo
1167 570 1272 608 toro
1306 558 1564 619 decedunt,
1605 562 1688 610 sed
1727 572 1776 611 et
1814 566 1942 629 alias:-

305 637 373 682 eis
421 635 577 696 utique
623 631 883 680 ridentibus
929 632 1037 678 loco
1091 642 1174 678 suo
1226 632 1483 688 insinuant,
1536 630 1753 696 adempto
1808 648 1942 690 oman

306 712 527 752 contactu
557 719 702 766 usque
735 702 794 750 ad
827 702 1035 749 osculum
1068 702 1289 758 filiorum,
1331 709 1380 748 et
1416 710 1574 748 tamen
1613 701 1810 751 durante
1847 708 1942 753 um

303 782 613 839 perseverant
642 775 688 820 in
719 772 803 821 tali
833 771 1071 819 viduitatis
1103 770 1372 834 disciplina,
1413 787 1532 834 quae
1571 774 1942 840 pietatis÷4etim

306 853 499 892 sanctae
531 843 701 891 solatia
731 841 954 890 excludit.
1031 841 1160 888 Haec
1194 839 1408 888 diabolus
1442 842 1591 903 [suis]
1623 837 1858 908 praecipit
1887 857 1942 893 cn

306 913 515 972 auditur,
563 921 794 977 provocat
831 913 1044 958 nimirum
1084 910 1160 958 dei
1199 927 1360 958 servos
1400 913 1693 960 continentia
1731 929 1942 963 suorum*-

308 985 440 1047 quasi
486 999 547 1030 ex
591 999 741 1046 aequo
784 982 1057 1029 contineant
1101 982 1240 1028 etiam
1286 981 1532 1043 gehennae
1578 982 1854 1031 sacerdotes
1870 984 1942 1046 3ὶὶ-

307 1053 428 1105 Nam
467 1054 667 1110 invenit,
716 1050 950 1115 quomodo
997 1052 1208 1098 homines
1248 1051 1388 1098 etiam
1425 1052 1561 1098 bonis
1599 1054 1942 1101 sectationibus*

308 1122 548 1188 perderet,
583 1132 631 1169 et
661 1123 776 1168 nihil
807 1120 929 1184 apud
961 1137 1065 1168 eum
1094 1121 1261 1178 refert,
1294 1121 1414 1167 alios
1445 1121 1643 1180 luxuria,
1675 1125 1794 1171 alios
1826 1139 1926 1171 con<

302 1194 506 1240 ‘tinentia
549 1191 789 1239 occidere.

450 1266 498 1312 7.
560 1260 712 1308 Nobis
745 1261 1032 1307 continentia
1065 1258 1124 1306 ad
1155 1258 1833 1312 instrumentumaeternitatis
1858 1262 1942 1311 de‹-

309 1339 569 1380 monstrata
608 1339 681 1378 est
717 1347 745 1377 a
783 1329 972 1377 domino
1013 1330 1198 1387 salutis,
1246 1328 1305 1378 ad
1344 1332 1673 1391 ,testimonium
1701 1331 1836 1390 fidei,
1883 1347 1942 1382 aec

313 1400 767 1449 commendationem
808 1401 964 1447 carnis
1004 1401 1135 1447 istius
1174 1399 1468 1448 exhibendae
1501 1411 1840 1465 superventuro
1872 1403 1933 1451 im

313 1471 533 1518 dumento
560 1471 1034 1533 incorruptibilitatis,
1069 1469 1127 1516 ad
1152 1469 1469 1523 sustinendam
1499 1473 1749 1521 novissime
1780 1472 1933 1521 volum

311 1551 456 1589 tatem
490 1540 582 1588 dei.
660 1539 813 1604 Super
850 1541 970 1586 haec
1012 1540 1132 1586 enim
1173 1541 1437 1601 recogites,
1478 1558 1672 1600 moneo,
1713 1543 1942 1591 neminen·

313 1628 407 1658 non
440 1627 499 1658 ex
531 1610 608 1657 dei
638 1611 878 1657 voluntate
912 1608 970 1656 de
1002 1609 1163 1655 seculo
1203 1608 1364 1670 educi,
1405 1611 1444 1656 si
1475 1627 1534 1658 ne
1565 1612 1727 1660 folium
1759 1611 1942 1675 quidem

314 1698 376 1728 ex
400 1681 571 1727 arbore
598 1681 697 1727 sine
725 1679 802 1727 dei
825 1680 1065 1726 voluntate
1093 1678 1341 1725 delabitur.
1403 1679 1532 1727 Idem
1557 1683 1634 1744 qui
1665 1698 1750 1728 nos
1774 1681 1939 1732 mund«-

314 1752 481 1807 infert,
528 1750 652 1797 idem
699 1759 747 1797 et
791 1749 963 1800 educat
1008 1764 1204 1795 necesse
1252 1757 1338 1795 est.
1414 1748 1564 1812 Igitur
1601 1750 1823 1799 defuncto
1861 1767 1920 1816 pe

316 1820 393 1868 dei
423 1820 711 1867 voluntatem
741 1820 867 1876 viro,
909 1819 1048 1865 etiam
1088 1817 1430 1865 matrimonium
1470 1818 1547 1867 dei
1581 1821 1821 1869 voluntate
1863 1820 1922 1871 de

313 1891 538 1952 fungitur.
618 1887 737 1948 Quid
776 1897 825 1935 tu
864 1897 1122 1945 restaureS,
1165 1889 1240 1935 cui
1278 1888 1416 1935 finem
1456 1887 1570 1937 deus
1610 1891 1793 1954 posuit?
1838 1892 1942 1955 qui«

315 1961 583 2009 libertatem
617 1959 821 2012 oblatam
853 1959 936 2005 tibi
967 1960 1137 2005 iterata
1169 1959 1462 2006 matrimonii
1481 1961 1706 2008 servitute
1737 1961 1920 2012 fastidis

319 2030 563 2092 Obligatus
596 2046 670 2092 est,
703 2030 874 2092 inquit,
908 2030 1229 2086 matrimonio,
1262 2044 1320 2075 ne
1354 2030 1611 2092 quaesieris
1642 2031 1922 2081 solutionem

317 2101 497 2147 solutus
513 2102 558 2161 3)
594 2116 644 2147 es
675 2100 997 2156 matrimonio,
1031 2114 1088 2145 ne
1122 2099 1380 2161 quaesieris
1413 2099 1766 2162 obligationem.
1825 2100 1942 2149 Nan*-

318 2171 406 2216 etsi
439 2187 531 2216 non
564 2169 806 2231 delinquas
837 2167 1136 2225 renubendo,
1173 2170 1327 2215 carnis
1360 2177 1515 2216 tamen
1546 2186 1810 2233 pressuram
1841 2171 1934 2218 sub·

318 2241 450 2302 sequi
477 2238 592 2285 dicit
606 2241 670 2298 4).
735 2239 888 2295 Quare
920 2239 1190 2284 facultatem
1224 2239 1558 2296 continentiae,
1591 2249 1808 2302 quantum
1839 2257 1937 2304 pos

319 2325 496 2365 sumus,
537 2324 630 2354 non
663 2306 930 2369 diligamus3
972 2323 1106 2369 quam
1146 2307 1340 2370 primum
1373 2308 1619 2355 obvenerit
1655 2310 1931 2358 imbibamus

318 2388 369 2425 ut
401 2377 524 2441 quod
555 2380 602 2424 in
634 2378 931 2423 matrimonio
964 2393 1057 2426 non
1087 2377 1328 2432 valuimus,
1362 2377 1408 2422 in
1437 2377 1664 2425 viduitate
1696 2389 1932 2426 sectemur

318 2446 666 2511 Amplectenda
699 2448 890 2494 occasio
924 2455 1017 2502 est,
1060 2462 1177 2508 quae
1210 2445 1373 2513 adimit
1404 2445 1528 2509 quod
1566 2450 1826 2496 necessitas
1864 2450 1935 2505 im-

319 2518 532 2582 perabat.
618 2517 847 2575 Quantum
901 2515 1011 2562 fidei
1065 2515 1338 2572 detrahant,
1399 2526 1615 2579 quantum
1675 2518 1938 2582 obstrepan-

321 2588 562 2641 sanctitati
607 2587 799 2650 nuptiae
844 2584 1104 2643 secundae,
1153 2585 1400 2649 disciplina
1430 2587 1674 2635 ‘ecclesiae
1721 2597 1769 2636 et
1810 2592 1934 2652 prae·

438 2714 482 2763 1)
514 2713 605 2762 Rig.
637 2713 688 2750 in
720 2713 828 2750 vita
857 2712 988 2750 viris
1018 2724 1058 2749 n.
1083 2724 1136 2748 m.
1169 2713 1438 2752 decedunt.
1496 2714 1710 2753 Latinius:
1739 2714 1935 2753 intel-in

323 2770 450 2808 viris
483 2773 563 2807 etc.
680 2769 724 2817 2)
755 2765 909 2807 Rhea:
950 2768 1101 2816 quasi
1141 2779 1200 2805 ex
1240 2780 1402 2816 aequo
1435 2771 1824 2814 continentium
1862 2781 1933 2819 ge·

320 2827 520 2863 hennae
551 2826 899 2862 sacerdotum.
959 2824 1124 2862 Gelen.:
1157 2836 1232 2871 qu.
1263 2836 1329 2863 ex
1365 2836 1548 2872 aequo,>
1603 2827 1641 2863 Ο
1671 2827 1934 2864 continen-

320 2883 446 2919 tiam
485 2882 753 2930 gehennae
793 2881 1134 2918 sacerdotem.
1195 2881 1361 2919 lunius:
1410 2893 1485 2928 qu.
1524 2893 1587 2920 ex
1623 2893 1786 2929 aequo
1824 2893 1935 2921 con·-

321 2939 493 2975 tineat
537 2937 635 2974 iam
671 2937 943 2984 gehennae
989 2936 1330 2974 sacerdotem.
1388 2937 1502 2986 Rig.:
1549 2949 1625 2984 qu.
1665 2949 1728 2975 ex
1771 2949 1936 2985 aequo

323 2993 612 3031 Continent
656 2993 810 3030 etiam
855 2993 1122 3041 gehennae
1169 2993 1490 3031 sacerdotes.
1561 2993 1708 3033 Sem1.:
1765 3006 1840 3041 qu.
1887 3005 1936 3032 ω

323 3058 451 3087 aevo
483 3048 557 3095 (ut
575 3048 706 3085 Rhen.
723 3048 785 3085 ed.
802 3048 858 3095 1.)
891 3048 1170 3086 continent
1201 3048 1354 3086 etiam
1392 3049 1659 3097 gehennae
1697 3049 1935 3088 sacerdo·

323 3107 416 3142 tes.
533 3103 577 3151 3)
616 3103 766 3143 Rhen.:
812 3100 1222 3149 absolutionem,
1269 3105 1544 3142 absolutus
1588 3106 1670 3144 etc.
1729 3105 1855 3145 seml.
1886 3116 1936 3144 vv

326 3160 532 3198 solutus
564 3179 622 3188 —
650 3159 807 3209 oblig.
839 3159 1006 3201 delevit.
1122 3159 1168 3208 4)
1201 3160 1668 3211 1.Cor.7‚1onqq.28.

1500 3264 1509 3270 —
1521 3245 1574 3267 “fi-2<
