<?xml version="1.0" encoding="UTF-8"?>
<!DOCTYPE html PUBLIC "-//W3C//DTD XHTML 1.0 Transitional//EN"
    "http://www.w3.org/TR/xhtml1/DTD/xhtml1-transitional.dtd">
<html xmlns="http://www.w3.org/1999/xhtml" xml:lang="en" lang="en">
 <head>
  <title>
</title>
<meta http-equiv="Content-Type" content="text/html;charset=utf-8" />
  <meta name='ocr-system' content='tesseract 3.04.00' />
  <meta name='ocr-capabilities' content='ocr_page ocr_carea ocr_par ocr_line ocrx_word'/>
</head>
<body>
  <div class='ocr_page' id='page_1' title='image "./operatert12tertuoft_0400.png"; bbox 0 0 1942 3554; ppageno 0'>
   <div class='ocr_carea' id='block_1_1' title="bbox 1790 0 1892 160">
    <p class='ocr_par' dir='ltr' id='par_1_1' title="bbox 1790 0 1892 160">
     <span class='ocr_line' id='line_1_1' title="bbox 1827 0 1892 109; baseline 0.2 -13"><span class='ocrx_word' id='word_1_1' title='bbox 1827 0 1892 109; x_wconf 89' lang='grc' dir='ltr'>Ἦ</span> 
     </span>
     <span class='ocr_line' id='line_1_2' title="bbox 1790 134 1889 160; baseline -0.01 0"><span class='ocrx_word' id='word_1_2' title='bbox 1790 134 1800 142; x_wconf 80' lang='grc'><em>’</em></span> <span class='ocrx_word' id='word_1_3' title='bbox 1864 138 1889 160; x_wconf 69' lang='lat' dir='ltr'><strong>a</strong></span> 
     </span>
    </p>
   </div>
   <div class='ocr_carea' id='block_1_2' title="bbox 1910 0 1942 1065">
    <p class='ocr_par' dir='ltr' id='par_1_2' title="bbox 1910 0 1942 1065">
     <span class='ocr_line' id='line_1_3' title="bbox 1913 0 1942 598; baseline 0 -101"><span class='ocrx_word' id='word_1_4' title='bbox 1913 0 1942 598; x_wconf 95' lang='lat' dir='ltr'><strong>       </strong></span> 
     </span>
     <span class='ocr_line' id='line_1_4' title="bbox 1910 653 1942 1065; baseline 0 0"><span class='ocrx_word' id='word_1_5' title='bbox 1910 653 1942 1065; x_wconf 95' lang='lat' dir='ltr'><strong>   </strong></span> 
     </span>
    </p>
   </div>
   <div class='ocr_carea' id='block_1_3' title="bbox 339 215 1402 261">
    <p class='ocr_par' dir='ltr' id='par_1_3' title="bbox 339 215 1402 261">
     <span class='ocr_line' id='line_1_5' title="bbox 339 215 1402 261; baseline 0.001 -8"><span class='ocrx_word' id='word_1_6' title='bbox 339 217 460 261; x_wconf 69' lang='lat'><strong>128</strong></span> <span class='ocrx_word' id='word_1_7' title='bbox 889 215 972 253; x_wconf 85' lang='lat' dir='ltr'><strong>DE</strong></span> <span class='ocrx_word' id='word_1_8' title='bbox 1000 216 1402 254; x_wconf 76' lang='lat' dir='ltr'><strong>MONOGAMIA.</strong></span> 
     </span>
    </p>
   </div>
   <div class='ocr_carea' id='block_1_4' title="bbox 332 325 1942 2787">
    <p class='ocr_par' dir='ltr' id='par_1_4' title="bbox 332 325 1942 2787">
     <span class='ocr_line' id='line_1_6' title="bbox 338 325 1922 394; baseline 0.001 -16"><span class='ocrx_word' id='word_1_9' title='bbox 338 334 386 378; x_wconf 89' lang='lat' dir='ltr'><strong>in</strong></span> <span class='ocrx_word' id='word_1_10' title='bbox 419 347 475 378; x_wconf 90' lang='lat' dir='ltr'><strong>ea</strong></span> <span class='ocrx_word' id='word_1_11' title='bbox 506 342 778 391; x_wconf 88' lang='lat' dir='ltr'><strong>permanere</strong></span> <span class='ocrx_word' id='word_1_12' title='bbox 805 325 995 384; x_wconf 91' lang='lat' dir='ltr'><strong>debere,</strong></span> <span class='ocrx_word' id='word_1_13' title='bbox 1022 325 1273 373; x_wconf 90' lang='lat' dir='ltr'><strong>adiiciens:</strong></span> <span class='ocrx_word' id='word_1_14' title='bbox 1305 327 1471 374; x_wconf 85' lang='lat' dir='ltr'><strong>mulier</strong></span> <span class='ocrx_word' id='word_1_15' title='bbox 1491 327 1648 375; x_wconf 88' lang='lat' dir='ltr'><strong>vincta</strong></span> <span class='ocrx_word' id='word_1_16' title='bbox 1672 337 1757 386; x_wconf 90' lang='lat' dir='ltr'><strong>est,</strong></span> <span class='ocrx_word' id='word_1_17' title='bbox 1790 346 1922 394; x_wconf 57' lang='lat' dir='ltr'><strong>quam</strong></span> 
     </span>
     <span class='ocr_line' id='line_1_7' title="bbox 339 383 1913 461; baseline 0 -14"><span class='ocrx_word' id='word_1_18' title='bbox 339 401 417 447; x_wconf 90' lang='lat' dir='ltr'><strong>diu</strong></span> <span class='ocrx_word' id='word_1_19' title='bbox 447 400 561 445; x_wconf 88' lang='lat' dir='ltr'><strong>vivit</strong></span> <span class='ocrx_word' id='word_1_20' title='bbox 590 400 662 445; x_wconf 88' lang='lat' dir='ltr'><strong>vir</strong></span> <span class='ocrx_word' id='word_1_21' title='bbox 693 399 813 454; x_wconf 89' lang='lat' dir='ltr'><strong>eius,</strong></span> <span class='ocrx_word' id='word_1_22' title='bbox 847 397 885 442; x_wconf 92' lang='lat' dir='ltr'><strong>si</strong></span> <span class='ocrx_word' id='word_1_23' title='bbox 916 405 1069 444; x_wconf 90' lang='lat' dir='ltr'><strong>autem</strong></span> <span class='ocrx_word' id='word_1_24' title='bbox 1102 396 1366 454; x_wconf 90' lang='lat' dir='ltr'><strong>dormierit,</strong></span> <span class='ocrx_word' id='word_1_25' title='bbox 1390 396 1554 444; x_wconf 84' lang='lat' dir='ltr'><strong>&#39;libera</strong></span> <span class='ocrx_word' id='word_1_26' title='bbox 1584 407 1676 456; x_wconf 86' lang='lat' dir='ltr'><strong>est,</strong></span> <span class='ocrx_word' id='word_1_27' title='bbox 1717 401 1791 446; x_wconf 90' lang='lat' dir='ltr'><strong>cui</strong></span> <span class='ocrx_word' id='word_1_28' title='bbox 1819 383 1913 461; x_wconf 50' lang='lat' dir='ltr'><strong>vd&amp;</strong></span> 
     </span>
     <span class='ocr_line' id='line_1_8' title="bbox 337 460 1908 549; baseline 0.002 -33"><span class='ocrx_word' id='word_1_29' title='bbox 337 471 500 525; x_wconf 90' lang='lat' dir='ltr'><strong>nubat,</strong></span> <span class='ocrx_word' id='word_1_30' title='bbox 534 477 708 514; x_wconf 86' lang='lat' dir='ltr'><strong>tantum</strong></span> <span class='ocrx_word' id='word_1_31' title='bbox 739 469 786 513; x_wconf 91' lang='lat' dir='ltr'><strong>in</strong></span> <span class='ocrx_word' id='word_1_32' title='bbox 818 465 1027 524; x_wconf 90' lang='lat' dir='ltr'><strong>domino,</strong></span> <span class='ocrx_word' id='word_1_33' title='bbox 1074 467 1182 514; x_wconf 92' lang='lat' dir='ltr'><strong>hinc</strong></span> <span class='ocrx_word' id='word_1_34' title='bbox 1215 483 1396 531; x_wconf 85' lang='lat' dir='ltr'><strong>quoque</strong></span> <span class='ocrx_word' id='word_1_35' title='bbox 1428 483 1530 523; x_wconf 87' lang='lat' dir='ltr'><strong>eam</strong></span> <span class='ocrx_word' id='word_1_36' title='bbox 1561 466 1848 519; x_wconf 84' lang='lat' dir='ltr'><strong>demonstrat</strong></span> <span class='ocrx_word' id='word_1_37' title='bbox 1862 460 1908 549; x_wconf 53' lang='grc' dir='ltr'><strong>ᾖ</strong></span> 
     </span>
     <span class='ocr_line' id='line_1_9' title="bbox 336 533 1913 610; baseline 0.001 -24"><span class='ocrx_word' id='word_1_38' title='bbox 336 537 661 601; x_wconf 81' lang='lat' dir='ltr'><strong>telligendam,</strong></span> <span class='ocrx_word' id='word_1_39' title='bbox 696 552 813 600; x_wconf 86' lang='lat' dir='ltr'><strong>quae</strong></span> <span class='ocrx_word' id='word_1_40' title='bbox 846 546 894 583; x_wconf 89' lang='lat' dir='ltr'><strong>et</strong></span> <span class='ocrx_word' id='word_1_41' title='bbox 923 538 1024 601; x_wconf 90' lang='lat' dir='ltr'><strong>ipsa</strong></span> <span class='ocrx_word' id='word_1_42' title='bbox 1056 539 1122 585; x_wconf 88' lang='lat' dir='ltr'><strong>sic</strong></span> <span class='ocrx_word' id='word_1_43' title='bbox 1154 536 1297 585; x_wconf 85' lang='lat' dir='ltr'><strong>fuerit</strong></span> <span class='ocrx_word' id='word_1_44' title='bbox 1325 539 1536 596; x_wconf 77' lang='lat' dir='ltr'><strong>inventa,</strong></span> <span class='ocrx_word' id='word_1_45' title='bbox 1581 539 1734 589; x_wconf 82' lang='lat' dir='ltr'><strong>soluta</strong></span> <span class='ocrx_word' id='word_1_46' title='bbox 1771 557 1799 587; x_wconf 85' lang='lat' dir='ltr'><strong>a</strong></span> <span class='ocrx_word' id='word_1_47' title='bbox 1825 533 1913 610; x_wconf 47' lang='lat' dir='ltr'><strong>vij&amp;</strong></span> 
     </span>
     <span class='ocr_line' id='line_1_10' title="bbox 338 607 1917 674; baseline 0.001 -18"><span class='ocrx_word' id='word_1_48' title='bbox 338 607 570 673; x_wconf 88' lang='lat' dir='ltr'><strong>quomodo</strong></span> <span class='ocrx_word' id='word_1_49' title='bbox 604 617 653 655; x_wconf 93' lang='lat' dir='ltr'><strong>et</strong></span> <span class='ocrx_word' id='word_1_50' title='bbox 682 608 759 655; x_wconf 42' lang='lat' dir='ltr'><strong>vir*</strong></span> <span class='ocrx_word' id='word_1_51' title='bbox 784 607 959 655; x_wconf 71' lang='lat' dir='ltr'><strong>sozlutus</strong></span> <span class='ocrx_word' id='word_1_52' title='bbox 991 608 1048 655; x_wconf 86' lang='lat' dir='ltr'><strong>ab</strong></span> <span class='ocrx_word' id='word_1_53' title='bbox 1080 624 1252 665; x_wconf 87' lang='lat' dir='ltr'><strong>uxore,</strong></span> <span class='ocrx_word' id='word_1_54' title='bbox 1295 610 1608 672; x_wconf 72' lang='lat' dir='ltr'><strong>&#39;permortem</strong></span> <span class='ocrx_word' id='word_1_55' title='bbox 1653 611 1809 674; x_wconf 87' lang='lat' dir='ltr'><strong>utique</strong></span> <span class='ocrx_word' id='word_1_56' title='bbox 1854 611 1917 666; x_wconf 63' lang='lat' dir='ltr'><strong>m</strong></span> 
     </span>
     <span class='ocr_line' id='line_1_11' title="bbox 333 670 1924 764; baseline -0.001 -37"><span class='ocrx_word' id='word_1_57' title='bbox 333 695 421 744; x_wconf 90' lang='lat' dir='ltr'><strong>per</strong></span> <span class='ocrx_word' id='word_1_58' title='bbox 450 678 850 742; x_wconf 79' lang='lat' dir='ltr'><strong>repudium&#39;facta</strong></span> <span class='ocrx_word' id='word_1_59' title='bbox 881 679 1135 735; x_wconf 85' lang='lat' dir='ltr'><strong>solutione,</strong></span> <span class='ocrx_word' id='word_1_60' title='bbox 1170 678 1277 743; x_wconf 87' lang='lat' dir='ltr'><strong>quia</strong></span> <span class='ocrx_word' id='word_1_61' title='bbox 1306 678 1563 743; x_wconf 79' lang='lat' dir='ltr'><strong>repudiatis</strong></span> <span class='ocrx_word' id='word_1_62' title='bbox 1593 696 1689 727; x_wconf 76' lang='lat' dir='ltr'><strong>non:</strong></span> <span class='ocrx_word' id='word_1_63' title='bbox 1709 670 1924 764; x_wconf 43' lang='lat' dir='ltr'><strong>permit}-</strong></span> 
     </span>
     <span class='ocr_line' id='line_1_12' title="bbox 335 747 1887 814; baseline 0.001 -17"><span class='ocrx_word' id='word_1_64' title='bbox 335 759 411 798; x_wconf 89' lang='lat' dir='ltr'><strong>ret</strong></span> <span class='ocrx_word' id='word_1_65' title='bbox 440 750 615 797; x_wconf 89' lang='lat' dir='ltr'><strong>nubere</strong></span> <span class='ocrx_word' id='word_1_66' title='bbox 648 747 869 796; x_wconf 90' lang='lat' dir='ltr'><strong>adversus</strong></span> <span class='ocrx_word' id='word_1_67' title='bbox 900 750 1142 812; x_wconf 88' lang='lat' dir='ltr'><strong>pristinum</strong></span> <span class='ocrx_word' id='word_1_68' title='bbox 1186 753 1505 814; x_wconf 84' lang='lat' dir='ltr'><strong>praeceptum.</strong></span> <span class='ocrx_word' id='word_1_69' title='bbox 1579 749 1740 814; x_wconf 84' lang='lat' dir='ltr'><strong>Itaque</strong></span> <span class='ocrx_word' id='word_1_70' title='bbox 1785 751 1887 810; x_wconf 50' lang='lat' dir='ltr'><strong>mul¹</strong></span> 
     </span>
     <span class='ocr_line' id='line_1_13' title="bbox 336 813 1909 884; baseline 0.002 -17"><span class='ocrx_word' id='word_1_71' title='bbox 336 822 375 868; x_wconf 91' lang='lat' dir='ltr'><strong>si</strong></span> <span class='ocrx_word' id='word_1_72' title='bbox 406 821 638 884; x_wconf 81' lang='lat' dir='ltr'>nupserit,</span> <span class='ocrx_word' id='word_1_73' title='bbox 672 835 764 866; x_wconf 88' lang='lat' dir='ltr'><strong>non</strong></span> <span class='ocrx_word' id='word_1_74' title='bbox 796 818 1057 883; x_wconf 82' lang='lat' dir='ltr'><strong>delinquet:</strong></span> <span class='ocrx_word' id='word_1_75' title='bbox 1106 821 1213 883; x_wconf 89' lang='lat' dir='ltr'><strong>quia</strong></span> <span class='ocrx_word' id='word_1_76' title='bbox 1257 835 1344 868; x_wconf 87' lang='lat' dir='ltr'><strong>nec</strong></span> <span class='ocrx_word' id='word_1_77' title='bbox 1389 820 1467 867; x_wconf 91' lang='lat' dir='ltr'><strong>hic</strong></span> <span class='ocrx_word' id='word_1_78' title='bbox 1498 819 1729 868; x_wconf 84' lang='lat' dir='ltr'><strong>secundus</strong></span> <span class='ocrx_word' id='word_1_79' title='bbox 1759 813 1909 883; x_wconf 70' lang='lat' dir='ltr'><strong>mariti</strong></span> 
     </span>
     <span class='ocr_line' id='line_1_14' title="bbox 337 889 1922 955; baseline -0.001 -17"><span class='ocrx_word' id='word_1_80' title='bbox 337 891 658 955; x_wconf 71' lang='lat' dir='ltr'>deputabitur,</span> <span class='ocrx_word' id='word_1_81' title='bbox 694 891 769 952; x_wconf 92' lang='lat' dir='ltr'><strong>qui</strong></span> <span class='ocrx_word' id='word_1_82' title='bbox 801 898 872 936; x_wconf 90' lang='lat' dir='ltr'><strong>est</strong></span> <span class='ocrx_word' id='word_1_83' title='bbox 901 906 929 936; x_wconf 92' lang='lat' dir='ltr'><strong>a</strong></span> <span class='ocrx_word' id='word_1_84' title='bbox 960 889 1050 936; x_wconf 91' lang='lat' dir='ltr'><strong>fide</strong></span> <span class='ocrx_word' id='word_1_85' title='bbox 1082 891 1278 953; x_wconf 89' lang='lat' dir='ltr'><strong>primus,</strong></span> <span class='ocrx_word' id='word_1_86' title='bbox 1307 889 1510 938; x_wconf 31' lang='lat' dir='ltr'><strong>vet-tadeo</strong></span> <span class='ocrx_word' id='word_1_87' title='bbox 1541 891 1609 938; x_wconf 87' lang='lat' dir='ltr'><strong>sic</strong></span> <span class='ocrx_word' id='word_1_88' title='bbox 1635 900 1731 949; x_wconf 87' lang='lat' dir='ltr'><strong>est,</strong></span> <span class='ocrx_word' id='word_1_89' title='bbox 1761 901 1811 939; x_wconf 90' lang='lat' dir='ltr'><strong>ut</strong></span> <span class='ocrx_word' id='word_1_90' title='bbox 1839 906 1922 955; x_wconf 65' lang='lat' dir='ltr'><strong>pre·</strong></span> 
     </span>
     <span class='ocr_line' id='line_1_15' title="bbox 335 959 1918 1026; baseline 0.001 -18"><span class='ocrx_word' id='word_1_91' title='bbox 335 971 503 1026; x_wconf 83' lang='lat' dir='ltr'><strong>pterea</strong></span> <span class='ocrx_word' id='word_1_92' title='bbox 533 961 784 1008; x_wconf 86' lang='lat' dir='ltr'><strong>adiecerit:</strong></span> <span class='ocrx_word' id='word_1_93' title='bbox 817 969 992 1006; x_wconf 86' lang='lat' dir='ltr'><strong>tantum</strong></span> <span class='ocrx_word' id='word_1_94' title='bbox 1024 961 1071 1006; x_wconf 92' lang='lat' dir='ltr'><strong>in</strong></span> <span class='ocrx_word' id='word_1_95' title='bbox 1103 959 1313 1019; x_wconf 71' lang='lat' dir='ltr'><strong>domino,</strong></span> <span class='ocrx_word' id='word_1_96' title='bbox 1363 962 1469 1024; x_wconf 88' lang='lat' dir='ltr'><strong>quia</strong></span> <span class='ocrx_word' id='word_1_97' title='bbox 1514 959 1572 1007; x_wconf 88' lang='lat' dir='ltr'><strong>de</strong></span> <span class='ocrx_word' id='word_1_98' title='bbox 1596 972 1675 1009; x_wconf 68' lang='lat' dir='ltr'><strong>&#39;ea</strong></span> <span class='ocrx_word' id='word_1_99' title='bbox 1705 963 1918 1025; x_wconf 71' lang='lat' dir='ltr'><strong>agebatur</strong></span> 
     </span>
     <span class='ocr_line' id='line_1_16' title="bbox 337 1030 1908 1097; baseline 0.001 -18"><span class='ocrx_word' id='word_1_100' title='bbox 337 1048 456 1097; x_wconf 87' lang='lat' dir='ltr'><strong>quae</strong></span> <span class='ocrx_word' id='word_1_101' title='bbox 489 1032 723 1079; x_wconf 89' lang='lat' dir='ltr'><strong>ethnicum</strong></span> <span class='ocrx_word' id='word_1_102' title='bbox 754 1030 984 1077; x_wconf 86' lang='lat' dir='ltr'>habuerat</span> <span class='ocrx_word' id='word_1_103' title='bbox 1014 1039 1063 1077; x_wconf 90' lang='lat' dir='ltr'><strong>et</strong></span> <span class='ocrx_word' id='word_1_104' title='bbox 1092 1032 1260 1078; x_wconf 89' lang='lat' dir='ltr'><strong>amisso</strong></span> <span class='ocrx_word' id='word_1_105' title='bbox 1292 1047 1351 1078; x_wconf 89' lang='lat' dir='ltr'><strong>eo</strong></span> <span class='ocrx_word' id='word_1_106' title='bbox 1384 1030 1694 1093; x_wconf 59' lang='lat' dir='ltr'><strong>crediderat„</strong></span> <span class='ocrx_word' id='word_1_107' title='bbox 1721 1049 1778 1080; x_wconf 92' lang='lat' dir='ltr'><strong>ne</strong></span> <span class='ocrx_word' id='word_1_108' title='bbox 1825 1034 1908 1080; x_wconf 82' lang='lat' dir='ltr'><strong>scil</strong></span> 
     </span>
     <span class='ocr_line' id='line_1_17' title="bbox 337 1099 1902 1166; baseline 0 -16"><span class='ocrx_word' id='word_1_109' title='bbox 337 1111 415 1150; x_wconf 86' lang='lat' dir='ltr'><strong>cet</strong></span> <span class='ocrx_word' id='word_1_110' title='bbox 445 1104 584 1149; x_wconf 87' lang='lat' dir='ltr'><strong>etiam</strong></span> <span class='ocrx_word' id='word_1_111' title='bbox 617 1109 724 1164; x_wconf 90' lang='lat' dir='ltr'><strong>post</strong></span> <span class='ocrx_word' id='word_1_112' title='bbox 755 1099 891 1147; x_wconf 88' lang='lat' dir='ltr'><strong>fidem</strong></span> <span class='ocrx_word' id='word_1_113' title='bbox 923 1101 1112 1148; x_wconf 89' lang='lat' dir='ltr'><strong>ethnico</strong></span> <span class='ocrx_word' id='word_1_114' title='bbox 1144 1117 1194 1147; x_wconf 86' lang='lat' dir='ltr'><strong>se</strong></span> <span class='ocrx_word' id='word_1_115' title='bbox 1226 1101 1402 1147; x_wconf 91' lang='lat' dir='ltr'><strong>nubere</strong></span> <span class='ocrx_word' id='word_1_116' title='bbox 1433 1117 1572 1165; x_wconf 90' lang='lat' dir='ltr'><strong>posse</strong></span> <span class='ocrx_word' id='word_1_117' title='bbox 1603 1119 1902 1166; x_wconf 84' lang='lat' dir='ltr'><strong>praesumere</strong></span> 
     </span>
     <span class='ocr_line' id='line_1_18' title="bbox 336 1168 1942 1235; baseline 0.001 -15"><span class='ocrx_word' id='word_1_118' title='bbox 336 1174 450 1220; x_wconf 88' lang='lat' dir='ltr'><strong>licet</strong></span> <span class='ocrx_word' id='word_1_119' title='bbox 480 1172 567 1218; x_wconf 90' lang='lat' dir='ltr'><strong>nec</strong></span> <span class='ocrx_word' id='word_1_120' title='bbox 599 1172 689 1217; x_wconf 88' lang='lat' dir='ltr'><strong>hoc</strong></span> <span class='ocrx_word' id='word_1_121' title='bbox 722 1171 934 1233; x_wconf 86' lang='lat' dir='ltr'><strong>psychici</strong></span> <span class='ocrx_word' id='word_1_122' title='bbox 967 1179 1148 1217; x_wconf 89' lang='lat' dir='ltr'><strong>curent.</strong></span> <span class='ocrx_word' id='word_1_123' title='bbox 1204 1168 1415 1217; x_wconf 88' lang='lat' dir='ltr'><strong>Sciamus</strong></span> <span class='ocrx_word' id='word_1_124' title='bbox 1445 1172 1607 1235; x_wconf 86' lang='lat' dir='ltr'><strong>plane,</strong></span> <span class='ocrx_word' id='word_1_125' title='bbox 1640 1170 1732 1220; x_wconf 79' lang='lat' dir='ltr'><strong>no&#39;n</strong></span> <span class='ocrx_word' id='word_1_126' title='bbox 1756 1175 1823 1220; x_wconf 92' lang='lat' dir='ltr'><strong>sic</strong></span> <span class='ocrx_word' id='word_1_127' title='bbox 1848 1173 1942 1232; x_wconf 60' lang='lat' dir='ltr'><strong>essai</strong></span> 
     </span>
     <span class='ocr_line' id='line_1_19' title="bbox 335 1239 1942 1306; baseline 0.001 -17"><span class='ocrx_word' id='word_1_128' title='bbox 335 1245 383 1289; x_wconf 90' lang='lat' dir='ltr'><strong>in</strong></span> <span class='ocrx_word' id='word_1_129' title='bbox 415 1258 590 1304; x_wconf 87' lang='lat' dir='ltr'><strong>graeco</strong></span> <span class='ocrx_word' id='word_1_130' title='bbox 623 1240 918 1297; x_wconf 89' lang='lat' dir='ltr'><strong>authentico,</strong></span> <span class='ocrx_word' id='word_1_131' title='bbox 966 1239 1198 1303; x_wconf 91' lang='lat' dir='ltr'><strong>quomodo</strong></span> <span class='ocrx_word' id='word_1_132' title='bbox 1243 1242 1290 1287; x_wconf 92' lang='lat' dir='ltr'><strong>in</strong></span> <span class='ocrx_word' id='word_1_133' title='bbox 1335 1258 1470 1289; x_wconf 90' lang='lat' dir='ltr'><strong>usum·</strong></span> <span class='ocrx_word' id='word_1_134' title='bbox 1502 1243 1618 1289; x_wconf 81' lang='lat' dir='ltr'><strong>exiit</strong></span> <span class='ocrx_word' id='word_1_135' title='bbox 1646 1259 1733 1306; x_wconf 92' lang='lat' dir='ltr'><strong>per</strong></span> <span class='ocrx_word' id='word_1_136' title='bbox 1762 1242 1942 1296; x_wconf 50' lang='lat' dir='ltr'><strong>duaruied</strong></span> 
     </span>
     <span class='ocr_line' id='line_1_20' title="bbox 337 1309 1942 1383; baseline 0.002 -24"><span class='ocrx_word' id='word_1_137' title='bbox 337 1313 618 1376; x_wconf 81' lang='lat' dir='ltr'><strong>syllaba-rum</strong></span> <span class='ocrx_word' id='word_1_138' title='bbox 650 1317 729 1356; x_wconf 85' lang='lat' dir='ltr'><strong>a&#39;ut</strong></span> <span class='ocrx_word' id='word_1_139' title='bbox 760 1309 975 1357; x_wconf 82' lang='lat' dir='ltr'><strong>callidam</strong></span> <span class='ocrx_word' id='word_1_140' title='bbox 1007 1319 1086 1357; x_wconf 88' lang='lat' dir='ltr'><strong>aut</strong></span> <span class='ocrx_word' id='word_1_141' title='bbox 1109 1312 1365 1374; x_wconf 85' lang='lat' dir='ltr'><strong>simplicem</strong></span> <span class='ocrx_word' id='word_1_142' title='bbox 1391 1313 1706 1360; x_wconf 87' lang='lat' dir='ltr'><strong>eversionem:</strong></span> <span class='ocrx_word' id='word_1_143' title='bbox 1736 1315 1777 1383; x_wconf 76' lang='lat' dir='ltr'><strong>si</strong></span> <span class='ocrx_word' id='word_1_144' title='bbox 1801 1315 1942 1377; x_wconf 41' lang='lat' dir='ltr'><strong>aute&amp;¹</strong></span> 
     </span>
     <span class='ocr_line' id='line_1_21' title="bbox 338 1380 1942 1448; baseline 0.002 -19"><span class='ocrx_word' id='word_1_145' title='bbox 338 1382 583 1430; x_wconf 91' lang='lat' dir='ltr'><strong>dormierit</strong></span> <span class='ocrx_word' id='word_1_146' title='bbox 610 1382 682 1427; x_wconf 91' lang='lat' dir='ltr'><strong>vir</strong></span> <span class='ocrx_word' id='word_1_147' title='bbox 713 1382 812 1428; x_wconf 89' lang='lat' dir='ltr'><strong>eius</strong></span> <span class='ocrx_word' id='word_1_148' title='bbox 831 1382 899 1440; x_wconf 90' lang='lat'><strong>1),</strong></span> <span class='ocrx_word' id='word_1_149' title='bbox 950 1383 1079 1444; x_wconf 90' lang='lat' dir='ltr'><strong>quasi</strong></span> <span class='ocrx_word' id='word_1_150' title='bbox 1119 1380 1176 1428; x_wconf 91' lang='lat' dir='ltr'><strong>de</strong></span> <span class='ocrx_word' id='word_1_151' title='bbox 1208 1381 1364 1428; x_wconf 88' lang='lat' dir='ltr'><strong>futuro</strong></span> <span class='ocrx_word' id='word_1_152' title='bbox 1395 1387 1532 1429; x_wconf 89' lang='lat' dir='ltr'><strong>sonet</strong></span> <span class='ocrx_word' id='word_1_153' title='bbox 1562 1399 1618 1430; x_wconf 89' lang='lat' dir='ltr'><strong>ac</strong></span> <span class='ocrx_word' id='word_1_154' title='bbox 1649 1399 1736 1448; x_wconf 86' lang='lat' dir='ltr'><strong>per</strong></span> <span class='ocrx_word' id='word_1_155' title='bbox 1765 1384 1856 1431; x_wconf 85' lang='lat' dir='ltr'><strong>hoc</strong></span> <span class='ocrx_word' id='word_1_156' title='bbox 1883 1386 1942 1433; x_wconf 71' lang='lat' dir='ltr'><strong>vi</strong></span> 
     </span>
     <span class='ocr_line' id='line_1_22' title="bbox 337 1451 1942 1517; baseline 0.001 -16"><span class='ocrx_word' id='word_1_157' title='bbox 337 1453 505 1501; x_wconf 89' lang='lat' dir='ltr'><strong>deatur</strong></span> <span class='ocrx_word' id='word_1_158' title='bbox 534 1451 592 1500; x_wconf 89' lang='lat' dir='ltr'><strong>ad</strong></span> <span class='ocrx_word' id='word_1_159' title='bbox 625 1467 726 1499; x_wconf 87' lang='lat' dir='ltr'><strong>eam</strong></span> <span class='ocrx_word' id='word_1_160' title='bbox 758 1453 1020 1515; x_wconf 87' lang='lat' dir='ltr'><strong>pertinere,</strong></span> <span class='ocrx_word' id='word_1_161' title='bbox 1066 1467 1186 1515; x_wconf 86' lang='lat' dir='ltr'><strong>quae</strong></span> <span class='ocrx_word' id='word_1_162' title='bbox 1223 1453 1313 1500; x_wconf 90' lang='lat' dir='ltr'><strong>iam</strong></span> <span class='ocrx_word' id='word_1_163' title='bbox 1352 1454 1398 1499; x_wconf 92' lang='lat' dir='ltr'><strong>in</strong></span> <span class='ocrx_word' id='word_1_164' title='bbox 1431 1452 1522 1500; x_wconf 83' lang='lat' dir='ltr'><strong>fide</strong></span> <span class='ocrx_word' id='word_1_165' title='bbox 1551 1455 1699 1502; x_wconf 85' lang='lat' dir='ltr'><strong>virum</strong></span> <span class='ocrx_word' id='word_1_166' title='bbox 1716 1455 1942 1517; x_wconf 61' lang='lat' dir='ltr'><strong>‚amiserit</strong></span> 
     </span>
     <span class='ocr_line' id='line_1_23' title="bbox 337 1522 1942 1588; baseline 0.001 -16"><span class='ocrx_word' id='word_1_167' title='bbox 337 1524 438 1572; x_wconf 90' lang='lat' dir='ltr'><strong>Hoc</strong></span> <span class='ocrx_word' id='word_1_168' title='bbox 472 1522 656 1588; x_wconf 90' lang='lat' dir='ltr'><strong>quidem</strong></span> <span class='ocrx_word' id='word_1_169' title='bbox 688 1523 726 1569; x_wconf 92' lang='lat' dir='ltr'><strong>si</strong></span> <span class='ocrx_word' id='word_1_170' title='bbox 758 1523 824 1569; x_wconf 89' lang='lat' dir='ltr'><strong>ita</strong></span> <span class='ocrx_word' id='word_1_171' title='bbox 855 1531 1002 1579; x_wconf 68' lang='lat' dir='ltr'><strong>essct,</strong></span> <span class='ocrx_word' id='word_1_172' title='bbox 1035 1524 1081 1569; x_wconf 90' lang='lat' dir='ltr'><strong>in</strong></span> <span class='ocrx_word' id='word_1_173' title='bbox 1113 1522 1336 1570; x_wconf 89' lang='lat' dir='ltr'><strong>infinitum</strong></span> <span class='ocrx_word' id='word_1_174' title='bbox 1370 1524 1537 1570; x_wconf 82' lang='lat' dir='ltr'><strong>ei&#39;nissa</strong></span> <span class='ocrx_word' id='word_1_175' title='bbox 1565 1524 1758 1572; x_wconf 85' lang='lat' dir='ltr'><strong>licentia</strong></span> <span class='ocrx_word' id='word_1_176' title='bbox 1781 1526 1942 1576; x_wconf 61' lang='lat' dir='ltr'><strong>totiena</strong></span> 
     </span>
     <span class='ocr_line' id='line_1_24' title="bbox 334 1592 1942 1660; baseline -0.001 -18"><span class='ocrx_word' id='word_1_177' title='bbox 334 1596 480 1642; x_wconf 91' lang='lat' dir='ltr'><strong>virum</strong></span> <span class='ocrx_word' id='word_1_178' title='bbox 521 1592 750 1650; x_wconf 82' lang='lat' dir='ltr'><strong>dedisset,</strong></span> <span class='ocrx_word' id='word_1_179' title='bbox 799 1593 1014 1656; x_wconf 88' lang='lat' dir='ltr'><strong>quotiens</strong></span> <span class='ocrx_word' id='word_1_180' title='bbox 1059 1594 1251 1640; x_wconf 84' lang='lat' dir='ltr'><strong>amissus</strong></span> <span class='ocrx_word' id='word_1_181' title='bbox 1297 1602 1444 1651; x_wconf 85' lang='lat' dir='ltr'><strong>esset,</strong></span> <span class='ocrx_word' id='word_1_182' title='bbox 1490 1595 1589 1642; x_wconf 87' lang='lat' dir='ltr'><strong>sine</strong></span> <span class='ocrx_word' id='word_1_183' title='bbox 1635 1595 1730 1643; x_wconf 87' lang='lat' dir='ltr'><strong>ullo</strong></span> <span class='ocrx_word' id='word_1_184' title='bbox 1773 1594 1942 1660; x_wconf 59' lang='lat' dir='ltr'><strong>puden}</strong></span> 
     </span>
     <span class='ocr_line' id='line_1_25' title="bbox 335 1662 1942 1726; baseline -0.002 -14"><span class='ocrx_word' id='word_1_185' title='bbox 335 1664 539 1712; x_wconf 88' lang='lat' dir='ltr'><strong>nubendi</strong></span> <span class='ocrx_word' id='word_1_186' title='bbox 593 1665 731 1710; x_wconf 90' lang='lat' dir='ltr'><strong>etiam</strong></span> <span class='ocrx_word' id='word_1_187' title='bbox 786 1664 985 1710; x_wconf 87' lang='lat' dir='ltr'><strong>ethnicis</strong></span> <span class='ocrx_word' id='word_1_188' title='bbox 1039 1670 1346 1726; x_wconf 82' lang='lat' dir='ltr'><strong>congruente&#39;.</strong></span> <span class='ocrx_word' id='word_1_189' title='bbox 1407 1662 1517 1712; x_wconf 80' lang='lat' dir='ltr'><strong>Sed</strong></span> <span class='ocrx_word' id='word_1_190' title='bbox 1566 1667 1658 1712; x_wconf 84' lang='lat' dir='ltr'><strong>etsi</strong></span> <span class='ocrx_word' id='word_1_191' title='bbox 1702 1666 1767 1713; x_wconf 87' lang='lat' dir='ltr'><strong>ita</strong></span> <span class='ocrx_word' id='word_1_192' title='bbox 1812 1676 1942 1713; x_wconf 55' lang='lat' dir='ltr'><strong>esset</strong></span> 
     </span>
     <span class='ocr_line' id='line_1_26' title="bbox 336 1727 1942 1800; baseline -0.002 -17"><span class='ocrx_word' id='word_1_193' title='bbox 336 1737 466 1800; x_wconf 86' lang='lat' dir='ltr'><strong>quasi</strong></span> <span class='ocrx_word' id='word_1_194' title='bbox 499 1735 556 1782; x_wconf 87' lang='lat' dir='ltr'><strong>de</strong></span> <span class='ocrx_word' id='word_1_195' title='bbox 588 1735 766 1781; x_wconf 88' lang='lat' dir='ltr'><strong>futuro:</strong></span> <span class='ocrx_word' id='word_1_196' title='bbox 801 1735 839 1781; x_wconf 92' lang='lat' dir='ltr'><strong>si</strong></span> <span class='ocrx_word' id='word_1_197' title='bbox 872 1735 1001 1781; x_wconf 91' lang='lat' dir='ltr'><strong>cuius</strong></span> <span class='ocrx_word' id='word_1_198' title='bbox 1032 1736 1222 1782; x_wconf 90' lang='lat' dir='ltr'><strong>maritus</strong></span> <span class='ocrx_word' id='word_1_199' title='bbox 1254 1744 1460 1783; x_wconf 88' lang='lat' dir='ltr'><strong>mortuus</strong></span> <span class='ocrx_word' id='word_1_200' title='bbox 1490 1736 1649 1794; x_wconf 75' lang='lat' dir='ltr'><strong>fuerit,</strong></span> <span class='ocrx_word' id='word_1_201' title='bbox 1682 1727 1904 1784; x_wconf 67' lang='lat' dir='ltr'><strong>tantun&#39;de</strong></span> <span class='ocrx_word' id='word_1_202' title='bbox 1931 1752 1942 1780; x_wconf 51' lang='grc' dir='ltr'>ς</span> 
     </span>
     <span class='ocr_line' id='line_1_27' title="bbox 335 1803 1942 1867; baseline 0 -13"><span class='ocrx_word' id='word_1_203' title='bbox 335 1816 386 1854; x_wconf 88' lang='lat' dir='ltr'><strong>et</strong></span> <span class='ocrx_word' id='word_1_204' title='bbox 415 1808 616 1854; x_wconf 89' lang='lat' dir='ltr'><strong>futurum</strong></span> <span class='ocrx_word' id='word_1_205' title='bbox 649 1803 708 1851; x_wconf 87' lang='lat' dir='ltr'><strong>ad</strong></span> <span class='ocrx_word' id='word_1_206' title='bbox 740 1821 841 1851; x_wconf 90' lang='lat' dir='ltr'><strong>eam</strong></span> <span class='ocrx_word' id='word_1_207' title='bbox 888 1807 1170 1867; x_wconf 80' lang='lat' dir='ltr'><strong>pertineret,</strong></span> <span class='ocrx_word' id='word_1_208' title='bbox 1220 1807 1349 1853; x_wconf 88' lang='lat' dir='ltr'><strong>cuius</strong></span> <span class='ocrx_word' id='word_1_209' title='bbox 1394 1815 1501 1853; x_wconf 87' lang='lat' dir='ltr'><strong>ante</strong></span> <span class='ocrx_word' id='word_1_210' title='bbox 1543 1805 1686 1853; x_wconf 82' lang='lat' dir='ltr'><strong>fidem</strong></span> <span class='ocrx_word' id='word_1_211' title='bbox 1730 1807 1942 1854; x_wconf 62' lang='lat' dir='ltr'><strong>morien:</strong></span> 
     </span>
     <span class='ocr_line' id='line_1_28' title="bbox 334 1875 1942 1938; baseline 0 -14"><span class='ocrx_word' id='word_1_212' title='bbox 334 1879 541 1924; x_wconf 73' lang='lat' dir='ltr'><strong>maritus.</strong></span> <span class='ocrx_word' id='word_1_213' title='bbox 606 1875 734 1934; x_wconf 82' lang='lat' dir='ltr'><strong>Quae</strong></span> <span class='ocrx_word' id='word_1_214' title='bbox 764 1875 856 1932; x_wconf 84' lang='lat' dir='ltr'><strong>viS,</strong></span> <span class='ocrx_word' id='word_1_215' title='bbox 890 1877 1079 1938; x_wconf 78' lang='lat' dir='ltr'><strong>accipe,</strong></span> <span class='ocrx_word' id='word_1_216' title='bbox 1114 1875 1219 1923; x_wconf 91' lang='lat' dir='ltr'><strong>dum</strong></span> <span class='ocrx_word' id='word_1_217' title='bbox 1251 1885 1412 1924; x_wconf 89' lang='lat' dir='ltr'><strong>cetera</strong></span> <span class='ocrx_word' id='word_1_218' title='bbox 1442 1893 1534 1923; x_wconf 89' lang='lat' dir='ltr'><strong>non</strong></span> <span class='ocrx_word' id='word_1_219' title='bbox 1573 1885 1774 1924; x_wconf 82' lang='lat' dir='ltr'><strong>evertas.</strong></span> <span class='ocrx_word' id='word_1_220' title='bbox 1833 1875 1942 1924; x_wconf 50' lang='lat' dir='ltr'><strong>N„</strong></span> 
     </span>
     <span class='ocr_line' id='line_1_29' title="bbox 337 1945 1939 2004; baseline -0.002 -9"><span class='ocrx_word' id='word_1_221' title='bbox 337 1965 440 1995; x_wconf 90' lang='lat' dir='ltr'><strong>cum</strong></span> <span class='ocrx_word' id='word_1_222' title='bbox 473 1957 522 1995; x_wconf 92' lang='lat' dir='ltr'><strong>et</strong></span> <span class='ocrx_word' id='word_1_223' title='bbox 550 1947 631 1993; x_wconf 88' lang='lat' dir='ltr'><strong>illa</strong></span> <span class='ocrx_word' id='word_1_224' title='bbox 661 1947 924 1993; x_wconf 88' lang='lat' dir='ltr'><strong>sententiae</strong></span> <span class='ocrx_word' id='word_1_225' title='bbox 959 1945 1150 1993; x_wconf 85' lang='lat' dir='ltr'><strong>cedant:</strong></span> <span class='ocrx_word' id='word_1_226' title='bbox 1185 1945 1359 1994; x_wconf 91' lang='lat' dir='ltr'><strong>Servus</strong></span> <span class='ocrx_word' id='word_1_227' title='bbox 1388 1956 1584 1994; x_wconf 89' lang='lat' dir='ltr'><strong>vocatus</strong></span> <span class='ocrx_word' id='word_1_228' title='bbox 1614 1964 1688 2004; x_wconf 84' lang='lat' dir='ltr'><strong>es,</strong></span> <span class='ocrx_word' id='word_1_229' title='bbox 1727 1953 1786 1995; x_wconf 78' lang='lat' dir='ltr'><strong>ne</strong></span> <span class='ocrx_word' id='word_1_230' title='bbox 1819 1961 1939 1994; x_wconf 72' lang='lat' dir='ltr'><strong>cim·</strong></span> 
     </span>
     <span class='ocr_line' id='line_1_30' title="bbox 334 2017 1940 2081; baseline -0.002 -15"><span class='ocrx_word' id='word_1_231' title='bbox 334 2020 482 2078; x_wconf 69' lang='lat' dir='ltr'><strong>veris:</strong></span> <span class='ocrx_word' id='word_1_232' title='bbox 516 2018 900 2081; x_wconf 82' lang='lat' dir='ltr'><strong>impraeputiatus</strong></span> <span class='ocrx_word' id='word_1_233' title='bbox 926 2032 1006 2078; x_wconf 88' lang='lat' dir='ltr'><strong>es,</strong></span> <span class='ocrx_word' id='word_1_234' title='bbox 1040 2033 1097 2064; x_wconf 88' lang='lat' dir='ltr'><strong>ne</strong></span> <span class='ocrx_word' id='word_1_235' title='bbox 1131 2017 1506 2076; x_wconf 61' lang='lat' dir='ltr'><strong>circumcidaris,</strong></span> <span class='ocrx_word' id='word_1_236' title='bbox 1541 2018 1842 2065; x_wconf 89' lang='lat' dir='ltr'><strong>circumcisus</strong></span> <span class='ocrx_word' id='word_1_237' title='bbox 1869 2032 1940 2064; x_wconf 61' lang='lat' dir='ltr'><strong>vv</strong></span> 
     </span>
     <span class='ocr_line' id='line_1_31' title="bbox 337 2085 1942 2150; baseline -0.004 -13"><span class='ocrx_word' id='word_1_238' title='bbox 337 2099 468 2137; x_wconf 86' lang='lat' dir='ltr'><strong>catus</strong></span> <span class='ocrx_word' id='word_1_239' title='bbox 500 2104 573 2145; x_wconf 90' lang='lat' dir='ltr'><strong>es,</strong></span> <span class='ocrx_word' id='word_1_240' title='bbox 608 2103 665 2134; x_wconf 90' lang='lat' dir='ltr'><strong>ne</strong></span> <span class='ocrx_word' id='word_1_241' title='bbox 699 2086 973 2146; x_wconf 78' lang='lat' dir='ltr'><strong>adduxeris3</strong></span> <span class='ocrx_word' id='word_1_242' title='bbox 1008 2085 1170 2150; x_wconf 90' lang='lat' dir='ltr'><strong>quibus</strong></span> <span class='ocrx_word' id='word_1_243' title='bbox 1203 2089 1465 2135; x_wconf 87' lang='lat' dir='ltr'><strong>concurrit:</strong></span> <span class='ocrx_word' id='word_1_244' title='bbox 1496 2087 1695 2135; x_wconf 91' lang='lat' dir='ltr'><strong>Vinctus</strong></span> <span class='ocrx_word' id='word_1_245' title='bbox 1719 2104 1770 2141; x_wconf 74' lang='lat' dir='ltr'><strong>es</strong></span> <span class='ocrx_word' id='word_1_246' title='bbox 1800 2102 1942 2135; x_wconf 61' lang='lat' dir='ltr'><strong>uxori</strong></span> 
     </span>
     <span class='ocr_line' id='line_1_32' title="bbox 334 2157 1942 2223; baseline -0.002 -16"><span class='ocrx_word' id='word_1_247' title='bbox 334 2176 394 2207; x_wconf 90' lang='lat' dir='ltr'><strong>ne</strong></span> <span class='ocrx_word' id='word_1_248' title='bbox 428 2159 685 2223; x_wconf 88' lang='lat' dir='ltr'><strong>quaesieris</strong></span> <span class='ocrx_word' id='word_1_249' title='bbox 717 2158 1020 2216; x_wconf 81' lang='lat' dir='ltr'><strong>solutionem3</strong></span> <span class='ocrx_word' id='word_1_250' title='bbox 1054 2159 1230 2205; x_wconf 81' lang='lat' dir='ltr'><strong>solutus</strong></span> <span class='ocrx_word' id='word_1_251' title='bbox 1262 2174 1312 2205; x_wconf 88' lang='lat' dir='ltr'><strong>es</strong></span> <span class='ocrx_word' id='word_1_252' title='bbox 1343 2157 1403 2205; x_wconf 88' lang='lat' dir='ltr'><strong>ab</strong></span> <span class='ocrx_word' id='word_1_253' title='bbox 1432 2175 1604 2216; x_wconf 83' lang='lat' dir='ltr'><strong>uxore,</strong></span> <span class='ocrx_word' id='word_1_254' title='bbox 1650 2174 1708 2206; x_wconf 90' lang='lat' dir='ltr'><strong>ne</strong></span> <span class='ocrx_word' id='word_1_255' title='bbox 1740 2158 1942 2222; x_wconf 60' lang='lat' dir='ltr'><strong>quaesit·</strong></span> 
     </span>
     <span class='ocr_line' id='line_1_33' title="bbox 334 2228 1942 2292; baseline -0.001 -16"><span class='ocrx_word' id='word_1_256' title='bbox 334 2232 399 2276; x_wconf 90' lang='lat' dir='ltr'><strong>ris</strong></span> <span class='ocrx_word' id='word_1_257' title='bbox 431 2245 648 2275; x_wconf 87' lang='lat' dir='ltr'><strong>uxorem:</strong></span> <span class='ocrx_word' id='word_1_258' title='bbox 682 2229 794 2274; x_wconf 89' lang='lat' dir='ltr'><strong>satis</strong></span> <span class='ocrx_word' id='word_1_259' title='bbox 826 2229 1119 2274; x_wconf 79' lang='lat' dir='ltr'><strong>manifestum</strong></span> <span class='ocrx_word' id='word_1_260' title='bbox 1160 2237 1253 2285; x_wconf 89' lang='lat' dir='ltr'><strong>est,</strong></span> <span class='ocrx_word' id='word_1_261' title='bbox 1301 2228 1359 2275; x_wconf 89' lang='lat' dir='ltr'><strong>ad</strong></span> <span class='ocrx_word' id='word_1_262' title='bbox 1406 2244 1491 2281; x_wconf 85' lang='lat' dir='ltr'><strong>eos</strong></span> <span class='ocrx_word' id='word_1_263' title='bbox 1533 2229 1665 2277; x_wconf 83' lang='lat' dir='ltr'><strong>haec·</strong></span> <span class='ocrx_word' id='word_1_264' title='bbox 1696 2230 1942 2292; x_wconf 64' lang='lat' dir='ltr'><strong>pertinere¹</strong></span> 
     </span>
     <span class='ocr_line' id='line_1_34' title="bbox 336 2294 1916 2363; baseline -0.001 -17"><span class='ocrx_word' id='word_1_265' title='bbox 336 2301 412 2363; x_wconf 90' lang='lat' dir='ltr'><strong>qui</strong></span> <span class='ocrx_word' id='word_1_266' title='bbox 443 2300 490 2344; x_wconf 90' lang='lat' dir='ltr'><strong>in</strong></span> <span class='ocrx_word' id='word_1_267' title='bbox 522 2314 642 2345; x_wconf 81' lang='lat' dir='ltr'><strong>nova</strong></span> <span class='ocrx_word' id='word_1_268' title='bbox 673 2306 721 2343; x_wconf 90' lang='lat' dir='ltr'><strong>et</strong></span> <span class='ocrx_word' id='word_1_269' title='bbox 751 2299 932 2344; x_wconf 88' lang='lat' dir='ltr'><strong>recenti</strong></span> <span class='ocrx_word' id='word_1_270' title='bbox 962 2299 1212 2344; x_wconf 89' lang='lat' dir='ltr'><strong>vocatione</strong></span> <span class='ocrx_word' id='word_1_271' title='bbox 1246 2299 1485 2345; x_wconf 87' lang='lat' dir='ltr'><strong>constituti</strong></span> <span class='ocrx_word' id='word_1_272' title='bbox 1531 2298 1589 2346; x_wconf 83' lang='lat' dir='ltr'><strong>de</strong></span> <span class='ocrx_word' id='word_1_273' title='bbox 1636 2294 1707 2361; x_wconf 84' lang='lat' dir='ltr'><strong>his</strong></span> <span class='ocrx_word' id='word_1_274' title='bbox 1737 2299 1916 2345; x_wconf 72' lang='lat' dir='ltr'><strong>consule</strong></span> 
     </span>
     <span class='ocr_line' id='line_1_35' title="bbox 334 2367 1916 2432; baseline -0.001 -14"><span class='ocrx_word' id='word_1_275' title='bbox 334 2370 469 2427; x_wconf 90' lang='lat' dir='ltr'><strong>bant,</strong></span> <span class='ocrx_word' id='word_1_276' title='bbox 503 2369 549 2414; x_wconf 92' lang='lat' dir='ltr'><strong>in</strong></span> <span class='ocrx_word' id='word_1_277' title='bbox 582 2367 744 2431; x_wconf 88' lang='lat' dir='ltr'><strong>quibus</strong></span> <span class='ocrx_word' id='word_1_278' title='bbox 777 2384 803 2414; x_wconf 93' lang='lat' dir='ltr'><strong>a</strong></span> <span class='ocrx_word' id='word_1_279' title='bbox 835 2367 926 2415; x_wconf 83' lang='lat' dir='ltr'><strong>fide</strong></span> <span class='ocrx_word' id='word_1_280' title='bbox 958 2369 1146 2415; x_wconf 87' lang='lat' dir='ltr'><strong>fuerant</strong></span> <span class='ocrx_word' id='word_1_281' title='bbox 1177 2368 1474 2432; x_wconf 80' lang='lat' dir='ltr'><strong>deprehensi.</strong></span> <span class='ocrx_word' id='word_1_282' title='bbox 1523 2369 1652 2416; x_wconf 89' lang='lat' dir='ltr'><strong>Haec</strong></span> <span class='ocrx_word' id='word_1_283' title='bbox 1685 2369 1776 2416; x_wconf 92' lang='lat' dir='ltr'><strong>erit</strong></span> <span class='ocrx_word' id='word_1_284' title='bbox 1806 2370 1916 2416; x_wconf 79' lang='lat' dir='ltr'><strong>intel</strong></span> 
     </span>
     <span class='ocr_line' id='line_1_36' title="bbox 332 2438 1942 2504; baseline -0.002 -16"><span class='ocrx_word' id='word_1_285' title='bbox 332 2441 539 2504; x_wconf 87' lang='lat' dir='ltr'><strong>pretatio</strong></span> <span class='ocrx_word' id='word_1_286' title='bbox 574 2439 763 2502; x_wconf 84' lang='lat' dir='ltr'><strong>capituli</strong></span> <span class='ocrx_word' id='word_1_287' title='bbox 795 2439 926 2486; x_wconf 89' lang='lat' dir='ltr'><strong>istius</strong></span> <span class='ocrx_word' id='word_1_288' title='bbox 958 2438 1015 2485; x_wconf 89' lang='lat' dir='ltr'><strong>de</strong></span> <span class='ocrx_word' id='word_1_289' title='bbox 1048 2439 1138 2486; x_wconf 92' lang='lat' dir='ltr'><strong>hoc</strong></span> <span class='ocrx_word' id='word_1_290' title='bbox 1179 2438 1509 2496; x_wconf 83' lang='lat' dir='ltr'><strong>examinanda,</strong></span> <span class='ocrx_word' id='word_1_291' title='bbox 1556 2456 1614 2486; x_wconf 90' lang='lat' dir='ltr'><strong>an</strong></span> <span class='ocrx_word' id='word_1_292' title='bbox 1659 2448 1707 2486; x_wconf 89' lang='lat' dir='ltr'><strong>et</strong></span> <span class='ocrx_word' id='word_1_293' title='bbox 1751 2448 1942 2503; x_wconf 65' lang='lat' dir='ltr'><strong>tempo]¹</strong></span> 
     </span>
     <span class='ocr_line' id='line_1_37' title="bbox 336 2509 1942 2574; baseline -0.002 -16"><span class='ocrx_word' id='word_1_294' title='bbox 336 2520 385 2558; x_wconf 91' lang='lat' dir='ltr'><strong>et</strong></span> <span class='ocrx_word' id='word_1_295' title='bbox 417 2526 633 2567; x_wconf 83' lang='lat' dir='ltr'><strong>caussae,</strong></span> <span class='ocrx_word' id='word_1_296' title='bbox 681 2517 729 2555; x_wconf 89' lang='lat' dir='ltr'><strong>et</strong></span> <span class='ocrx_word' id='word_1_297' title='bbox 759 2517 850 2555; x_wconf 89' lang='lat' dir='ltr'><strong>tam</strong></span> <span class='ocrx_word' id='word_1_298' title='bbox 883 2510 1108 2572; x_wconf 87' lang='lat' dir='ltr'><strong>exemplis</strong></span> <span class='ocrx_word' id='word_1_299' title='bbox 1148 2519 1196 2556; x_wconf 90' lang='lat' dir='ltr'><strong>et</strong></span> <span class='ocrx_word' id='word_1_300' title='bbox 1225 2510 1512 2572; x_wconf 85' lang='lat' dir='ltr'><strong>argumentis</strong></span> <span class='ocrx_word' id='word_1_301' title='bbox 1541 2509 1942 2574; x_wconf 70' lang='lat' dir='ltr'><strong>praecedentibu:⁴</strong></span> 
     </span>
     <span class='ocr_line' id='line_1_38' title="bbox 337 2577 1942 2646; baseline -0.001 -18"><span class='ocrx_word' id='word_1_302' title='bbox 337 2598 470 2646; x_wconf 91' lang='lat' dir='ltr'><strong>quam</strong></span> <span class='ocrx_word' id='word_1_303' title='bbox 503 2589 551 2628; x_wconf 89' lang='lat' dir='ltr'><strong>et</strong></span> <span class='ocrx_word' id='word_1_304' title='bbox 581 2580 824 2626; x_wconf 86' lang='lat' dir='ltr'><strong>sententiis</strong></span> <span class='ocrx_word' id='word_1_305' title='bbox 844 2588 892 2626; x_wconf 92' lang='lat' dir='ltr'><strong>et</strong></span> <span class='ocrx_word' id='word_1_306' title='bbox 908 2580 1119 2627; x_wconf 84' lang='lat' dir='ltr'><strong>sensibus</strong></span> <span class='ocrx_word' id='word_1_307' title='bbox 1138 2581 1549 2644; x_wconf 89' lang='lat' dir='ltr'><strong>subsequentibus,</strong></span> <span class='ocrx_word' id='word_1_308' title='bbox 1564 2577 1567 2581; x_wconf 66' lang='grc'><strong>’</strong></span> <span class='ocrx_word' id='word_1_309' title='bbox 1582 2589 1630 2628; x_wconf 91' lang='lat' dir='ltr'><strong>et</strong></span> <span class='ocrx_word' id='word_1_310' title='bbox 1653 2581 1700 2627; x_wconf 88' lang='lat' dir='ltr'><strong>in</strong></span> <span class='ocrx_word' id='word_1_311' title='bbox 1718 2581 1877 2644; x_wconf 85' lang='lat' dir='ltr'><strong>primis</strong></span> <span class='ocrx_word' id='word_1_312' title='bbox 1892 2595 1919 2627; x_wconf 82' lang='lat' dir='ltr'><strong>a</strong></span> <span class='ocrx_word' id='word_1_313' title='bbox 1937 2604 1942 2617; x_wconf 58' lang='grc'><strong>«-</strong></span> 
     </span>
     <span class='ocr_line' id='line_1_39' title="bbox 334 2648 1919 2716; baseline -0.002 -17"><span class='ocrx_word' id='word_1_314' title='bbox 334 2653 479 2716; x_wconf 89' lang='lat' dir='ltr'><strong>ipsius</strong></span> <span class='ocrx_word' id='word_1_315' title='bbox 505 2650 705 2714; x_wconf 88' lang='lat' dir='ltr'><strong>apostoli</strong></span> <span class='ocrx_word' id='word_1_316' title='bbox 732 2658 780 2696; x_wconf 90' lang='lat' dir='ltr'><strong>et</strong></span> <span class='ocrx_word' id='word_1_317' title='bbox 805 2651 1003 2696; x_wconf 83' lang='lat' dir='ltr'><strong>consilio</strong></span> <span class='ocrx_word' id='word_1_318' title='bbox 1028 2652 1221 2715; x_wconf 90' lang='lat' dir='ltr'><strong>proprio</strong></span> <span class='ocrx_word' id='word_1_319' title='bbox 1249 2660 1479 2714; x_wconf 78' lang='lat' dir='ltr'><strong>congruat</strong></span> <span class='ocrx_word' id='word_1_320' title='bbox 1502 2648 1550 2699; x_wconf 80' lang='lat' dir='ltr'><strong>et</strong></span> <span class='ocrx_word' id='word_1_321' title='bbox 1575 2652 1850 2710; x_wconf 70' lang='lat' dir='ltr'><strong>constituto:</strong></span> <span class='ocrx_word' id='word_1_322' title='bbox 1882 2666 1919 2697; x_wconf 84' lang='lat' dir='ltr'><strong>n:</strong></span> 
     </span>
     <span class='ocr_line' id='line_1_40' title="bbox 334 2716 1918 2787; baseline -0.001 -17"><span class='ocrx_word' id='word_1_323' title='bbox 334 2724 400 2770; x_wconf 85' lang='lat' dir='ltr'><strong>hil</strong></span> <span class='ocrx_word' id='word_1_324' title='bbox 418 2723 539 2769; x_wconf 90' lang='lat' dir='ltr'><strong>enim</strong></span> <span class='ocrx_word' id='word_1_325' title='bbox 559 2719 912 2768; x_wconf 90' lang='lat' dir='ltr'><strong>custodiendum</strong></span> <span class='ocrx_word' id='word_1_326' title='bbox 930 2730 1016 2779; x_wconf 92' lang='lat' dir='ltr'><strong>est,</strong></span> <span class='ocrx_word' id='word_1_327' title='bbox 1044 2737 1132 2785; x_wconf 86' lang='lat' dir='ltr'><strong>qua</strong></span> <span class='ocrx_word' id='word_1_328' title='bbox 1156 2716 1365 2769; x_wconf 81' lang='lat' dir='ltr'><strong>diversus</strong></span> <span class='ocrx_word' id='word_1_329' title='bbox 1389 2723 1478 2770; x_wconf 92' lang='lat' dir='ltr'><strong>sibi</strong></span> <span class='ocrx_word' id='word_1_330' title='bbox 1501 2720 1918 2787; x_wconf 49' lang='lat' dir='ltr'><strong>deprehendatur?</strong></span> 
     </span>
    </p>
   </div>
   <div class='ocr_carea' id='block_1_5' title="bbox 335 2876 1921 3210">
    <p class='ocr_par' dir='ltr' id='par_1_5' title="bbox 335 2876 1921 3210">
     <span class='ocr_line' id='line_1_41' title="bbox 446 2876 1920 2926; baseline 0 -12"><span class='ocrx_word' id='word_1_331' title='bbox 446 2877 492 2925; x_wconf 79' lang='lat'><strong>1)</strong></span> <span class='ocrx_word' id='word_1_332' title='bbox 510 2876 585 2914; x_wconf 87' lang='lat' dir='ltr'><strong>Ed.</strong></span> <span class='ocrx_word' id='word_1_333' title='bbox 603 2877 727 2915; x_wconf 85' lang='lat' dir='ltr'><strong>Fran.</strong></span> <span class='ocrx_word' id='word_1_334' title='bbox 748 2878 788 2914; x_wconf 84' lang='lat' dir='ltr'><strong>et</strong></span> <span class='ocrx_word' id='word_1_335' title='bbox 805 2877 896 2926; x_wconf 85' lang='lat' dir='ltr'><strong>Rig.</strong></span> <span class='ocrx_word' id='word_1_336' title='bbox 917 2878 960 2915; x_wconf 83' lang='lat' dir='ltr'><strong>si</strong></span> <span class='ocrx_word' id='word_1_337' title='bbox 983 2877 1257 2916; x_wconf 84' lang='lat' dir='ltr'><strong>dormierit</strong></span> <span class='ocrx_word' id='word_1_338' title='bbox 1283 2879 1360 2918; x_wconf 87' lang='lat' dir='ltr'><strong>vir</strong></span> <span class='ocrx_word' id='word_1_339' title='bbox 1383 2878 1510 2917; x_wconf 74' lang='lat' dir='ltr'><strong>eius.</strong></span> <span class='ocrx_word' id='word_1_340' title='bbox 1528 2879 1744 2919; x_wconf 73' lang='lat' dir='ltr'><strong>—.1Cor.</strong></span> <span class='ocrx_word' id='word_1_341' title='bbox 1762 2879 1801 2926; x_wconf 76' lang='lat'><strong>7,</strong></span> <span class='ocrx_word' id='word_1_342' title='bbox 1821 2879 1920 2915; x_wconf 83' lang='lat'><strong>39.-</strong></span> 
     </span>
     <span class='ocr_line' id='line_1_42' title="bbox 337 2934 1912 2984; baseline -0.001 -11"><span class='ocrx_word' id='word_1_343' title='bbox 337 2935 550 2973; x_wconf 85' lang='lat' dir='ltr'><strong>Semlerus</strong></span> <span class='ocrx_word' id='word_1_344' title='bbox 568 2934 609 2970; x_wconf 88' lang='lat' dir='ltr'><strong>in</strong></span> <span class='ocrx_word' id='word_1_345' title='bbox 629 2934 804 2981; x_wconf 84' lang='lat' dir='ltr'><strong>append.</strong></span> <span class='ocrx_word' id='word_1_346' title='bbox 822 2934 873 2971; x_wconf 85' lang='lat' dir='ltr'><strong>ad</strong></span> <span class='ocrx_word' id='word_1_347' title='bbox 891 2935 1120 2972; x_wconf 80' lang='lat' dir='ltr'><strong>VVetstenii</strong></span> <span class='ocrx_word' id='word_1_348' title='bbox 1139 2935 1322 2984; x_wconf 80' lang='lat' dir='ltr'><strong>prolegg.</strong></span> <span class='ocrx_word' id='word_1_349' title='bbox 1345 2936 1387 2973; x_wconf 90' lang='lat' dir='ltr'><strong>in</strong></span> <span class='ocrx_word' id='word_1_350' title='bbox 1405 2937 1455 2974; x_wconf 90' lang='lat' dir='ltr'><strong>N.</strong></span> <span class='ocrx_word' id='word_1_351' title='bbox 1473 2936 1520 2972; x_wconf 88' lang='grc' dir='ltr'><strong>Τ.</strong></span> <span class='ocrx_word' id='word_1_352' title='bbox 1537 2948 1576 2983; x_wconf 84' lang='lat' dir='ltr'><strong>p.</strong></span> <span class='ocrx_word' id='word_1_353' title='bbox 1595 2937 1688 2973; x_wconf 78' lang='lat'><strong>58-7.</strong></span> <span class='ocrx_word' id='word_1_354' title='bbox 1707 2947 1742 2974; x_wconf 81' lang='grc' dir='ltr'><strong>ν.</strong></span> <span class='ocrx_word' id='word_1_355' title='bbox 1759 2945 1912 2983; x_wconf 77' lang='lat' dir='ltr'><strong>graec</strong></span> 
     </span>
     <span class='ocr_line' id='line_1_43' title="bbox 336 2991 1921 3040; baseline -0.001 -12"><span class='ocrx_word' id='word_1_356' title='bbox 336 2991 557 3028; x_wconf 89' lang='lat' dir='ltr'><strong>delendum</strong></span> <span class='ocrx_word' id='word_1_357' title='bbox 576 2992 618 3026; x_wconf 85' lang='lat' dir='ltr'><strong>et</strong></span> <span class='ocrx_word' id='word_1_358' title='bbox 635 3001 709 3036; x_wconf 84' lang='lat' dir='ltr'><strong>pro</strong></span> <span class='ocrx_word' id='word_1_359' title='bbox 728 3001 889 3027; x_wconf 81' lang='lat' dir='ltr'><strong>evers.</strong></span> <span class='ocrx_word' id='word_1_360' title='bbox 917 2993 1180 3031; x_wconf 86' lang='lat' dir='ltr'><strong>scribendum</strong></span> <span class='ocrx_word' id='word_1_361' title='bbox 1198 3004 1290 3030; x_wconf 84' lang='lat' dir='ltr'><strong>esse</strong></span> <span class='ocrx_word' id='word_1_362' title='bbox 1308 2997 1429 3040; x_wconf 79' lang='lat' dir='ltr'><strong>putat</strong></span> <span class='ocrx_word' id='word_1_363' title='bbox 1445 2992 1806 3039; x_wconf 69' lang='lat' dir='ltr'><strong>emersionem,</strong></span> <span class='ocrx_word' id='word_1_364' title='bbox 1824 3000 1921 3037; x_wconf 72' lang='lat' dir='ltr'><strong>quui</strong></span> 
     </span>
     <span class='ocr_line' id='line_1_44' title="bbox 337 3046 1921 3096; baseline -0.003 -11"><span class='ocrx_word' id='word_1_365' title='bbox 337 3048 626 3085; x_wconf 82' lang='lat' dir='ltr'><strong>Tertullianus</strong></span> <span class='ocrx_word' id='word_1_366' title='bbox 646 3057 727 3082; x_wconf 88' lang='lat' dir='ltr'><strong>non</strong></span> <span class='ocrx_word' id='word_1_367' title='bbox 761 3046 1057 3096; x_wconf 86' lang='lat' dir='ltr'><strong>dormierit,</strong></span> <span class='ocrx_word' id='word_1_368' title='bbox 1092 3049 1162 3086; x_wconf 84' lang='lat' dir='ltr'><strong>sed</strong></span> <span class='ocrx_word' id='word_1_369' title='bbox 1188 3050 1439 3087; x_wconf 85' lang='lat' dir='ltr'><strong>dormit-in</strong></span> <span class='ocrx_word' id='word_1_370' title='bbox 1463 3049 1596 3087; x_wconf 84' lang='lat' dir='ltr'><strong>latino</strong></span> <span class='ocrx_word' id='word_1_371' title='bbox 1621 3059 1698 3086; x_wconf 84' lang='lat' dir='ltr'><strong>suo</strong></span> <span class='ocrx_word' id='word_1_372' title='bbox 1721 3047 1827 3086; x_wconf 89' lang='lat' dir='ltr'><strong>libro</strong></span> <span class='ocrx_word' id='word_1_373' title='bbox 1844 3046 1921 3083; x_wconf 79' lang='lat' dir='ltr'><strong>scri</strong></span> 
     </span>
     <span class='ocr_line' id='line_1_45' title="bbox 335 3100 1921 3155; baseline 0.001 -14"><span class='ocrx_word' id='word_1_374' title='bbox 335 3108 452 3152; x_wconf 86' lang='lat' dir='ltr'><strong>ptum</strong></span> <span class='ocrx_word' id='word_1_375' title='bbox 471 3101 690 3140; x_wconf 83' lang='lat' dir='ltr'><strong>invenerit.</strong></span> <span class='ocrx_word' id='word_1_376' title='bbox 767 3100 811 3153; x_wconf 90' lang='lat'><strong>2)</strong></span> <span class='ocrx_word' id='word_1_377' title='bbox 830 3105 892 3139; x_wconf 87' lang='lat' dir='ltr'><strong>Ita</strong></span> <span class='ocrx_word' id='word_1_378' title='bbox 910 3105 1037 3143; x_wconf 86' lang='lat' dir='ltr'><strong>Rhen.</strong></span> <span class='ocrx_word' id='word_1_379' title='bbox 1056 3106 1098 3142; x_wconf 91' lang='lat' dir='ltr'><strong>in</strong></span> <span class='ocrx_word' id='word_1_380' title='bbox 1116 3106 1178 3142; x_wconf 89' lang='lat' dir='ltr'><strong>ed.</strong></span> <span class='ocrx_word' id='word_1_381' title='bbox 1195 3118 1278 3153; x_wconf 85' lang='lat' dir='ltr'><strong>pr.;</strong></span> <span class='ocrx_word' id='word_1_382' title='bbox 1312 3105 1475 3155; x_wconf 84' lang='lat' dir='ltr'><strong>Gelen.,</strong></span> <span class='ocrx_word' id='word_1_383' title='bbox 1500 3100 1590 3154; x_wconf 85' lang='lat' dir='ltr'><strong>Rig.</strong></span> <span class='ocrx_word' id='word_1_384' title='bbox 1607 3105 1781 3152; x_wconf 79' lang='lat' dir='ltr'><strong>aliique:</strong></span> <span class='ocrx_word' id='word_1_385' title='bbox 1806 3113 1921 3150; x_wconf 75' lang='lat' dir='ltr'><strong>qua!</strong></span> 
     </span>
     <span class='ocr_line' id='line_1_46' title="bbox 336 3157 1686 3210; baseline 0.002 -12"><span class='ocrx_word' id='word_1_386' title='bbox 336 3173 396 3199; x_wconf 91' lang='lat' dir='ltr'><strong>ne</strong></span> <span class='ocrx_word' id='word_1_387' title='bbox 428 3160 667 3198; x_wconf 72' lang='lat' dir='ltr'><strong>diversus</strong></span> <span class='ocrx_word' id='word_1_388' title='bbox 700 3157 800 3193; x_wconf 82' lang='lat' dir='ltr'><strong>sibi</strong></span> <span class='ocrx_word' id='word_1_389' title='bbox 831 3160 946 3205; x_wconf 86' lang='lat' dir='ltr'><strong>quis</strong></span> <span class='ocrx_word' id='word_1_390' title='bbox 979 3162 1412 3210; x_wconf 83' lang='lat' dir='ltr'><strong>deprehendatur.</strong></span> <span class='ocrx_word' id='word_1_391' title='bbox 1594 3173 1597 3178; x_wconf 90' lang='lat'>·</span> <span class='ocrx_word' id='word_1_392' title='bbox 1682 3164 1686 3170; x_wconf 87' lang='lat'><em>&#39;</em></span> 
     </span>
    </p>
   </div>
  </div>
 </body>
</html>
