1942 3554
258 198 366 247 182
608 197 700 235 DE
736 193 1194 235 TESTI-M-ON·10
1232 184 1526 229 ANIMAE.
1647 237 1654 259 Ι
1722 228 1724 230 .

260 338 329 386 Ea
376 338 532 400 opinio
582 334 870 391 Christiana,
919 333 1010 379 etsi
1055 331 1301 378 honestior
1350 330 1494 376 multo
1537 328 1876 394 Pythagorica,

261 424 379 472 quae
405 416 452 452 te
471 421 562 452 non
581 406 626 451 in
644 403 820 450 bestias
845 402 1092 458 transfert,
1134 399 1727 464 etsi-pleniorpiamntea,
1760 413 1878 463 quae

261 478 344 524 tibi
370 476 509 523 etiam
540 474 696 521 dotem
718 472 936 536 corporis
960 470 1136 529 reddit,
1171 468 1259 518 etsi
1283 470 1522 533 Epicurea
1545 469 1890 533 gratian-,quae

262 557 309 594 te
356 546 412 593 ab
459 545 651 592 interitu
701 541 933 590 del'e-ndit:
989 550 1140 588 tamen
1186 549 1382 604 propter
1431 539 1579 586 solum
1611 551 1794 586 ‘nomen
1833 540 1878 598 1)
1913 563 1931 589 ,⁴

262 616 456 663 vanitati
489 622 539 662 et·
572 612 753 677 stupori
799 621 868 670 et,
921 621 973 659 ut
1012 611 1206 669 dicitur,
1253 609 1587 674 praesumtioni
1615 608 1882 672 deputatur.
1909 611 1927 651 Αἵ

267 685 365 734 Sed
410 701 503 732 non
531 683 895 740 erubescimus,
948 683 990 729 si
1036 691 1192 729 tecum
1238 682 1331 728 erit
1373 689 1531 727 nostra
1579 679 1883 744 praesumtio.
1903 690 1926 746 »j

265 757 421 804 Primo
455 755 600 812 enim,
634 769 735 800 cum
763 753 964 800 alicuius
988 750 1202 799 defuncti
1228 749 1521 808 recordaris,
1548 749 1776 797 misellum
1802 766 1886 797 vo·
1918 779 1921 782 <

268 843 348 874 cas
389 841 522 873 eum:
568 841 662 871 non
708 824 894 886 utique,
951 821 1074 887 quod
1114 821 1171 869 de
1212 821 1335 868 bono
1368 821 1491 868 vitae
1522 828 1759 884 ereptum,
1801 819 1886 867 sed
1924 825 1929 844 ³

267 906 319 944 ut
348 910 532 960 poenae
567 903 615 942 et
637 893 815 941 iudicio
841 894 930 939 iam
956 892 1255 956 adscriptum.
1292 891 1510 938 Ceterum
1538 890 1658 937 alias
1687 904 1887 938 securos
1915 882 1929 937 ἓ.

268 982 416 1014 vocas
447 965 716 1013 defunctos.
783 962 1028 1010 Profiteris
1053 972 1101 1009 et
1131 963 1257 1010 vitae
1283 959 1624 1009 incommodum
1648 969 1701 1008 et
1721 960 1927 1018 mortis-2,

269 1035 570 1084 beneficium.
627 1034 786 1081 Vocas
817 1048 958 1097 porro
991 1047 1207 1090 securoS‚
1249 1033 1288 1079 si
1320 1030 1503 1096 quando
1543 1039 1676 1078 extra
1707 1039 1888 1094 portam

271 1123 376 1155 cum
416 1105 626 1152 obsoniis
664 1113 713 1151 et
750 1104 936 1150 matteis
974 1104 1020 1162 2)
1054 1103 1141 1149 tibi
1180 1103 1336 1165 potius
1374 1108 1628 1165 parentans
1666 1099 1726 1147 ad
1754 1100 1891 1146 busta

270 1175 483 1232 recedis,
522 1183 602 1221 aut
632 1191 659 1221 a
687 1173 837 1221 bustis
871 1172 1066 1219 dilutior
1096 1171 1239 1219 redis.
1314 1171 1378 1219 At
1409 1186 1502 1234 ego
1535 1170 1739 1218 sobriam
1766 1177 1922 1218 tuam<

272 1246 550 1294 sententiam
581 1245 751 1307 exigo:
790 1242 999 1289 misellos
1031 1257 1173 1289 vocas
1211 1250 1442 1298 mortuos,
1483 1257 1586 1288 cum
1618 1239 1789 1298 deamo
1822 1240 1893 1286 lo·

274 1315 455 1380 queriS,
487 1330 593 1362 cum
623 1313 680 1361 ab
713 1314 782 1360 eis
813 1313 953 1376 longe
988 1327 1054 1360 eS.
1094 1311 1212 1359 Nam
1244 1312 1291 1358 in
1324 1311 1541 1358 convivio
1573 1303 1734 1358 eorum
1760 1309 1919 1374 quasi-‘-

273 1385 603 1450 praesentibus
635 1392 684 1431 et
714 1381 1189 1430 conrecumbentibus
1228 1390 1402 1429 sortem
1442 1396 1570 1428 suam
1600 1379 1923 1444 exprobrare?

275 1473 368 1503 non
386 1456 564 1519 possis,
596 1453 743 1501 debes
759 1452 960 1509 adulari,
994 1459 1189 1515 propter
1220 1467 1336 1516 quos
1367 1452 1539 1499 lautius.
1552 1451 1687 1498 vivis.
1733 1450 1922 1498 Miselae

276 1527 368 1574 l-um
399 1541 516 1588 ergo
546 1540 714 1582 vocas,
770 1523 847 1587 qui
878 1522 991 1569 nihil
1022 1523 1196 1569 sentit?
1246 1521 1389 1580 Quid,
1437 1519 1561 1586 quod
1590 1530 1641 1568 ut
1672 1515 1931 1576 sentienti&

277 1595 544 1652 maledicis,
600 1594 731 1641 euius
774 1593 1048 1639 memoriam
1096 1608 1197 1639 cum
1243 1592 1439 1639 alicuius
1485 1591 1695 1639 offensae
1739 1592 1928 1637 morsup

278 1667 412 1714 facis·
486 1665 679 1712 Terram
720 1679 909 1727 gravem
947 1662 1224 1725 imprecaris
1265 1671 1312 1708 et
1350 1661 1502 1708 cineri
1540 1675 1684 1724 penes
1716 1661 1896 1708 inferos

279 1744 574 1783 tormentum.
613 1732 781 1797 Aeque
814 1748 874 1779 ex
904 1732 1026 1779 bona
1056 1741 1215 1795 parte,
1248 1732 1323 1778 cui
1356 1732 1549 1795 gratiam
1578 1730 1745 1788 debeS,
1768 1731 1900 1776 essi·-

278 1807 363 1853 bus
403 1813 451 1852 et
482 1804 720 1852 cineribus
752 1804 854 1850 eius
886 1801 1185 1865 refrigerium
1227 1802 1570 1864 comprecaris,
1611 1808 1658 1846 et
1686 1809 1738 1846 ut
1775 1800 1901 1846 bene

279 1876 552 1939 requiescat
596 1873 718 1937 apud
755 1873 935 1919 inferos
975 1872 1122 1935 cupis.
1194 1870 1244 1918 Si
1282 1871 1396 1918 nihil
1437 1871 1667 1934 passionis
1707 1879 1779 1916 est
1813 1868 1900 1915 tibi

279 1954 386 2010 post
415 1952 639 2002 mortem,
675 1944 715 1991 si
746 1943 872 1990 nulla
896 1958 1060 1989 sensus
1084 1942 1460 2006 perseverantia,
1493 1941 1534 1989 si
1557 1939 1758 2003 denique
1785 1938 1929 2004 nihils„

281 2032 332 2064 es
364 2017 487 2079 ipsa,
527 2014 606 2062 ubi
642 2029 818 2077 >corpus
861 2013 1120 2076 reliquisti:
1181 2027 1266 2058 cur
1309 2011 1521 2059 mentiris
1564 2011 1610 2057 in
1655 2019 1728 2067 te,
1766 2006 1914 2073 quasi

281 2085 456 2149 aliquid
488 2084 610 2131 ultra
640 2085 738 2147 pati
767 2084 951 2147 possis?
991 2083 1087 2129 [mo
1130 2097 1214 2130 eur
1251 2082 1298 2129 in
1340 2090 1487 2128 totum
1517 2082 1654 2128 times
1682 2089 1899 2137 mortem,

280 2158 322 2204 si
352 2155 467 2202 nihil
499 2163 573 2203 est
602 2154 689 2200 tibi
722 2152 973 2200 timendum
1005 2161 1112 2217 post
1141 2161 1364 2210 mortem,
1404 2167 1495 2216 qua
1523 2166 1616 2198 nee
1649 2150 1904 2214 experiun-

284 2225 389 2274 dum
435 2232 542 2289 post
585 2226 812 2270 mortem?
863 2222 980 2269 Nam
1022 2223 1111 2269 etsi
1151 2221 1314 2270 dicere
1353 2231 1511 2285 poteS‚
1557 2220 1666 2269 ideo
1703 2229 1902 2268 mortem

284 2295 461 2352 timeri,
503 2310 594 2342 non
625 2302 676 2340 ut
711 2291 886 2356 aliquid
924 2293 1199 2349 minantem,
1239 2291 1323 2338 sed
1362 2301 1412 2338 ut
1449 2290 1739 2338 commodum
1777 2292 1902 2337 vitae

283 2373 622 2429 amputantem:
676 2364 834 2427 atquin
881 2378 982 2410 cum
1029 2370 1079 2409 et
1115 2359 1411 2409 incommoda
1443 2360 1583 2424 longe
1614 2360 1748 2424 plura
1777 2362 1902 2408 vitae

283 2437 463 2500 parit-er
494 2433 721 2491 excedas,
757 2442 806 2481 et
831 2433 1093 2480 lucratione
1120 2432 1354 2495 gravioris
1378 2431 1524 2495 partis
1548 2439 1718 2478 metum
1745 2428 1901 2489 diluis,

284 2522 372 2553 nec
413 2508 503 2553 iam
542 2503 745 2551 timenda
787 2513 861 2551 est
898 2503 1086 2550 amissio
1126 2502 1376 2560 bonorum,
1418 2516 1537 2565 quae
1577 2500 1728 2548 altero
1759 2501 1910 2559 bono,

286 2575 335 2623 id
367 2585 439 2623 est
469 2573 869 2622 incommodorum
904 2589 1042 2636 pace,
1076 2581 1312 2636 pensatur.
1387 2570 1496 2618 Non
1528 2579 1603 2619 est
1631 2570 1900 2629 timendum,

289 2645 415 2709 quod
461 2662 546 2692 nos
578 2644 748 2692 liberat
786 2643 843 2691 ab
877 2644 1000 2691 omni
1037 2641 1263 2690 timendo.
1359 2641 1410 2689 Si
1449 2641 1584 2689 times
1621 2641 1716 2690 vita
1758 2639 1904 2688 dece-

287 2715 425 2774 dere,
460 2715 566 2779 quia
598 2715 816 2778 optimam
849 2714 998 2771 nosti,
1035 2721 1165 2760 cer-te
1198 2721 1393 2760 mortem
1419 2712 1583 2758 timere
1615 2727 1706 2758 non
1739 2710 1921 2768 debesf·

402 2952 445 2999 1)
478 2953 603 2990 Codd.
636 2956 676 2990 et
703 2954 792 2990 edd.
816 2953 947 2991 Rhen.
979 2956 1020 2989 et
1051 2950 1248 2990 Semleri:
1296 2953 1517 2999 propter
1545 2961 1690 2988 suum
1720 2958 1903 2987 nomen

286 3009 389 3048 soli
418 3012 518 3046 etc.:
550 3009 700 3056 Rigalt.
732 3013 774 3047 et
804 3010 960 3047 Latin.:
992 3010 1210 3056 propter
1238 3017 1420 3044 nomen
1450 3005 1615 3045 solum
1643 3008 1726 3044 etc.
1785 3003 1903 3053 2)1ta

287 3066 464 3114 Rigalt.;
493 3064 641 3102 Rhen.:
674 3066 938 3113 matt-aeis,
971 3065 1135 3102 lunius:
1166 3062 1399 3110 mattyis.
1423 3064 1601 3114 (Manen
1616 3063 1827 3100 *mantea
1843 3072 1910 3109 gr.

286 3121 476 3172 ματτύης
507 3131 537 3158 s.
570 3116 773 3167 ματτύα.)
