1942 3554
326 247 452 291 1⁴14
896 248 977 286 DE
1019 248 1355 286 PUDICITIA.

326 377 413 424 que
446 357 647 405 libidinis
676 360 816 415 viruS,
850 368 898 406 et
927 361 1079 406 iactae
1104 358 1268 406 sordes
1298 376 1390 406 non
1421 359 1544 408 ablui
1567 358 1779 419 idoneae,
1799 363 1930 427 quod

322 446 411 476 nec
443 430 569 491 ipsae
602 426 751 474 adhuc
783 444 930 490 aquae
962 430 1184 475 laverant.
1230 428 1295 477 At
1324 430 1401 476 uhi
1432 446 1586 478 sermo
1618 431 1694 478 dei
1723 431 1920 485 descen-

323 498 432 544 dit
421 515 467 544 ιιι
499 513 701 554 carnem,
734 514 791 545 ne
824 499 994 561 nuptiis
1010 497 1193 561 quidem
1217 499 1514 561 resignatam,
1546 509 1593 548 et
1625 517 1777 549 sermo
1810 518 1934 557 caro

320 568 473 615 factus
505 575 576 613 est
593 569 653 627 1),
686 583 743 615 ne
775 570 944 631 nuptiis
976 567 1157 631 quidem
1188 568 1486 630 resignanda,
1515 574 1642 633 quae
1662 571 1721 618 ad
1750 572 1934 634 lignum*

320 654 413 685 non
457 639 847 695 incontinentiae,
896 637 978 685 sed
1023 639 1301 700 tolerantiae
1346 638 1622 698 accederet,
1669 657 1784 704 quae
1829 652 1934 697 noni

321 707 456 755 dulce
489 707 682 770 aliquid,
728 707 811 754 sed
842 725 1044 755 amarum
1076 708 1249 771 aliquid
1280 708 1387 756 inde
1418 719 1649 771 gustaret,
1682 727 1798 773 quae
1829 723 1934 765 non.

319 776 380 824 ad
410 779 607 834 inferos,
654 776 736 824 sed
768 777 826 824 ad
867 780 1045 826 coelum
1083 779 1364 840 pertineret,
1411 796 1528 842 quae
1567 797 1659 827 non
1698 781 1920 830 lasciviae

317 847 583 904 frondibus,
631 847 713 894 sed
744 849 1307 896 sanctimoniae‘floribus
1342 851 1753 912 praecingeretur,
1801 866 1919 915 quae

318 917 566 965 munditias
599 934 703 964 suas
734 919 863 981 aquis
903 917 1133 976 traderet3
1174 918 1342 965 exinde
1382 935 1494 966 caro
1534 936 1834 984 quaecunque
1872 922 1931 969 ins

320 987 507 1034 Christo
547 989 751 1050 reliquas
796 987 959 1034 sordes
997 989 1214 1051 pristinas
1259 989 1417 1046 solvit,
1464 990 1556 1036 alia
1592 991 1682 1036 iam
1718 1007 1794 1038 res
1833 999 1920 1048 est,

318 1074 438 1104 nova
483 1060 682 1120 emergit
725 1059 814 1104 iam
860 1074 952 1104 non
997 1074 1056 1104 ex
1100 1059 1285 1105 seminis
1317 1059 1450 1115 limo,
1489 1076 1581 1106 non
1612 1076 1672 1107 ex
1702 1062 1924 1124 concupi-

317 1127 526 1174 scentiae
574 1128 702 1183 fimo,
748 1126 831 1174 sed
863 1143 921 1173 ex
950 1143 1068 1189 aqua
1099 1144 1215 1190 pura
1252 1136 1301 1174 et
1337 1129 1500 1190 spiritu
1537 1129 1722 1178 mundo.
1804 1129 1922 1189 Quid

315 1198 475 1259 itaque
506 1197 633 1242 illam
667 1195 724 1242 de
756 1197 952 1258 pristino
986 1200 1212 1243 excusas?
1267 1195 1378 1243 Non
1410 1214 1579 1260 corpus
1611 1199 1798 1258 Christi,
1831 1216 1923 1246 non

316 1266 523 1313 membra
555 1266 750 1322 Christi,
797 1282 889 1311 non
921 1266 1136 1328 templum
1169 1265 1244 1312 dei
1275 1267 1556 1323 vocabatur,
1604 1284 1704 1316 cum
1741 1273 1928 1321 veniam·

317 1336 563 1383 moechiae
605 1336 1058 1398 consequebatur2).
1121 1336 1282 1399 ltaque
1313 1337 1352 1383 si
1391 1336 1581 1395 exinde,
1629 1355 1718 1402 quo
1756 1349 1932 1387 statum⁴

316 1407 458 1453 vertit
488 1414 537 1452 et
566 1407 614 1452 in
654 1405 884 1456 Christum
915 1407 1077 1462 tincta,
1111 1406 1260 1453 induit
1290 1406 1536 1465 Christum,
1569 1417 1619 1455 et
1648 1425 1814 1472 magno
1846 1427 1928 1459 re-

317 1474 505 1538 dempta
536 1485 607 1522 est
623 1477 693 1534 ³),
740 1477 963 1538 sanguine
995 1477 1179 1523 scilicet
1199 1476 1388 1524 ,domini
1429 1486 1477 1524 et
1496 1479 1636 1541 agni,
1675 1487 1808 1527 tenes
1838 1482 1923 1528 ali-

318 1545 441 1609 quod
474 1547 733 1612 exemplum
771 1547 868 1593 sive
900 1555 1200 1608 praeceptum
1232 1547 1329 1594 sive
1369 1548 1562 1594 formam
1596 1549 1698 1596 sive
1737 1551 1923 1598 senten·

316 1618 426 1662 tiam
458 1615 664 1662 indultae
696 1616 792 1662 sive
825 1615 1135 1678 indulgendae
1153 1617 1475 1664 fornicationis
1493 1626 1629 1680 atque
1655 1621 1922 1680 moechiae3

315 1686 461 1733 habes
493 1688 631 1732 etiam
663 1687 886 1748 temporis
917 1702 944 1732 a
973 1686 1106 1733 nobis
1138 1686 1477 1745 definitionem,
1518 1703 1577 1734 ex
1608 1705 1696 1751 quo
1729 1689 1922 1753 depute-

315 1764 391 1803 tur
421 1765 551 1802 aetas
584 1758 883 1819 quaestionis.

456 1831 503 1875 7.
563 1824 607 1872 Α
638 1827 874 1888 parabolis
907 1826 1068 1873 licebit
1098 1828 1309 1908 incipias,
1342 1827 1420 1874 ubi
1451 1836 1522 1874 est
1553 1830 1651 1875 ovis
1680 1810 1864 1891 perdita
1893 1847 1920 1878 a

316 1894 504 1942 domino
552 1898 777 1958 requisita
822 1905 870 1942 et
913 1897 1114 1944 humeris
1160 1899 1258 1944 eius
1303 1907 1494 1944 revecta
1511 1898 1574 1957 4).
1655 1897 1922 1961 Procedant

313 1967 443 2028 ipsae
475 1968 685 2029 picturae
726 1968 920 2014 calicum
958 1976 1241 2026 vestrorum,
1287 1968 1430 2015 si·vel·
1458 1969 1504 2015 in
1541 1969 1631 2015 illis
1660 1970 1922 2032 perlucebit

314 2037 642 2099 interpretatio
674 2037 868 2100 pecudis
906 2038 1049 2094 illius,
1090 2047 1299 2086 utrumne
1332 2038 1595 2098 Christiano
1635 2056 1693 2086 an
1732 2041 1919 2088 ethnico

314 2108 558 2169 peccatori
591 2106 647 2153 de
679 2109 978 2153 restitutione
1012 2109 1250 2156 collincet.
1311 2107 1677 2156 Praescribimus
1709 2112 1830 2157 enim
1861 2126 1919 2158 ex

314 2185 509 2222 naturae
543 2176 809 2239 disciplina,
844 2193 902 2223 ex
934 2178 1038 2238 lege
1071 2179 1196 2224 auris
1228 2186 1285 2226 et,
1306 2179 1513 2240 linguae,
1554 2194 1630 2234 ex,
1650 2181 1815 2227 mentis
1845 2196 1919 2227 sa—

314 2246 461 2292 nitate
495 2262 550 2292 ea
582 2262 766 2308 semper
796 2247 1095 2309 responderi,
1144 2263 1259 2309 quae
1297 2254 1634 2310 provocantur,
1681 2248 1728 2295 id
1759 2259 1831 2296 est
1860 2249 1918 2296 ad

315 2330 373 2361 ea
405 2331 520 2377 quae
553 2325 826 2379 provocant.
887 2316 1197 2372 provocabat,
1231 2324 1280 2362 ut
1311 2318 1498 2378 opinor,
1533 2317 1654 2379 quod
1683 2319 1917 2381 pharisaei

313 2384 589 2449 publicanos
621 2394 670 2432 et
697 2394 976 2449 peccatores
1008 2386 1219 2436 ethnicos
1250 2384 1566 2432 admittentem
1607 2385 1838 2435 dominum
1870 2397 1918 2436 et

316 2472 418 2502 cum
463 2457 553 2502 illis
593 2455 649 2502 de
694 2457 818 2502 victu
865 2457 1277 2502 communicantem
1329 2454 1555 2517 indignati
1598 2459 1915 2506 mussitabant.

314 2524 390 2572 Ad
423 2526 512 2572 boc
546 2525 757 2572 dominus
788 2525 981 2588 pecudis
1010 2525 1221 2588 perditae
1253 2526 1591 2573 restitutionem
1619 2543 1692 2574 cui
1709 2529 1788 2575 alu
1806 2546 1918 2576 con-

315 2596 539 2657 figurasse
573 2595 834 2643 medendus
873 2596 1028 2652 est5),
1077 2612 1208 2658 quam
1247 2595 1434 2650 ethnico
1474 2595 1681 2666 perdito,
1728 2597 1787 2646 de
1827 2615 1916 2663 quo

314 2666 565 2727 agebatur,
614 2683 704 2712 non
737 2665 794 2712 de
828 2665 1113 2722 Christiano,
1161 2667 1236 2729 qui
1274 2664 1423 2711 adhuc
1462 2660 1629 2712 nemo?
1671 2677 1751 2714 aut
1782 2671 1916 2734 quale

315 2744 401 2792 est,
435 2745 485 2782 ut
514 2735 725 2783 dominus
758 2737 886 2799 quasi
918 2736 1164 2783 cavillator
1193 2735 1524 2798 responsionis,
1553 2737 1737 2784 Uomissa
1757 2740 1915 2801 specie

313 2807 573 2868 praesenti,
621 2823 753 2869 quam
799 2814 1101 2868 repercutere
1149 2804 1364 2861 deberet,
1412 2803 1471 2851 de
1515 2805 1671 2853 futura
1706 2806 1919 2861 laboret?

315 2872 412 2921 Sed
445 2878 542 2922 ovis
572 2876 761 2939 proprie
795 2876 1107 2932 Christianus,
1140 2884 1188 2922 et
1217 2891 1335 2937 grex
1364 2873 1538 2922 domini
1570 2876 1800 2939 ecclesiae
1829 2895 1915 2942 pov

427 3000 470 3046 1)
491 3003 574 3038 loa
592 3003 686 3049 1,1
706 3003 770 3040 14.
971 3003 1014 3051 2)
1033 3005 1055 3039 1
1075 3003 1249 3048 cor.12,
1267 3002 1332 3037 27.
1357 3003 1396 3049 6,
1422 3002 1486 3038 15.
1512 3001 1578 3039 19.
1623 3003 1648 3039 2
1667 3004 1759 3043 cor.
1781 3006 1821 3051 6,
1847 3005 1912 3041 16.

314 3055 359 3104 3)
377 3056 467 3093 Gal.
483 3058 522 3101 3,
544 3058 662 3096 27.1
682 3060 774 3096 Cor.
793 3061 829 3102 6,
850 3060 916 3095 20.
1044 3061 1089 3106 4)
1107 3060 1206 3096 Luc.
1227 3058 1438 3105 15,4sqq.
1554 3057 1599 3109 5)
1624 3058 1911 3098 Did-omnes:

315 3112 622 3149 credendum
654 3117 743 3150 est.
802 3115 930 3150 Rhen.
948 3116 989 3151 et
1011 3114 1239 3151 Pamelius:
1273 3112 1668 3153 restitutionem
1699 3109 1809 3154 cum
1839 3115 1909 3153 ri·

313 3172 575 3216 gurasset,
608 3169 691 3206 cui
721 3170 814 3207 alii
843 3170 1151 3208 reddendum
1183 3172 1272 3208 est.
