<?xml version="1.0" encoding="UTF-8"?>
<!DOCTYPE html PUBLIC "-//W3C//DTD XHTML 1.0 Transitional//EN"
    "http://www.w3.org/TR/xhtml1/DTD/xhtml1-transitional.dtd">
<html xmlns="http://www.w3.org/1999/xhtml" xml:lang="en" lang="en">
 <head>
  <title>
</title>
<meta http-equiv="Content-Type" content="text/html;charset=utf-8" />
  <meta name='ocr-system' content='tesseract 3.04.00' />
  <meta name='ocr-capabilities' content='ocr_page ocr_carea ocr_par ocr_line ocrx_word'/>
</head>
<body>
  <div class='ocr_page' id='page_1' title='image "./operatert12tertuoft_0263.png"; bbox 0 0 1942 3554; ppageno 0'>
   <div class='ocr_carea' id='block_1_1' title="bbox 56 124 1621 183">
    <p class='ocr_par' dir='ltr' id='par_1_1' title="bbox 56 124 1621 183">
     <span class='ocr_line' id='line_1_1' title="bbox 56 124 1621 183; baseline -0.004 -8"><span class='ocrx_word' id='word_1_1' title='bbox 56 124 91 183; x_wconf 51' lang='grc' dir='ltr'>’,ρ</span> <span class='ocrx_word' id='word_1_2' title='bbox 500 137 591 174; x_wconf 79' lang='lat' dir='ltr'>An</span> <span class='ocrx_word' id='word_1_3' title='bbox 638 135 1037 174; x_wconf 79' lang='lat' dir='ltr'><strong>SCAPULAM.</strong></span> <span class='ocrx_word' id='word_1_4' title='bbox 1508 131 1621 181; x_wconf 71' lang='lat'>251</span> 
     </span>
    </p>
   </div>
   <div class='ocr_carea' id='block_1_2' title="bbox 0 273 1627 2651">
    <p class='ocr_par' dir='ltr' id='par_1_2' title="bbox 0 273 1627 2651">
     <span class='ocr_line' id='line_1_2' title="bbox 0 273 1626 339; baseline -0.004 -14"><span class='ocrx_word' id='word_1_5' title='bbox 0 278 101 336; x_wconf 54' lang='lat' dir='ltr'>fio,</span> <span class='ocrx_word' id='word_1_6' title='bbox 149 276 250 324; x_wconf 88' lang='lat' dir='ltr'>sine</span> <span class='ocrx_word' id='word_1_7' title='bbox 281 285 562 324; x_wconf 83' lang='lat' dir='ltr'>accusatore</span> <span class='ocrx_word' id='word_1_8' title='bbox 594 291 771 339; x_wconf 90' lang='lat' dir='ltr'>negans</span> <span class='ocrx_word' id='word_1_9' title='bbox 803 291 855 322; x_wconf 89' lang='lat' dir='ltr'>se</span> <span class='ocrx_word' id='word_1_10' title='bbox 893 273 1154 321; x_wconf 86' lang='lat' dir='ltr'>auditurum</span> <span class='ocrx_word' id='word_1_11' title='bbox 1187 273 1418 319; x_wconf 89' lang='lat' dir='ltr'>hominem</span> <span class='ocrx_word' id='word_1_12' title='bbox 1451 287 1626 320; x_wconf 89' lang='lat' dir='ltr'>secun-</span> 
     </span>
     <span class='ocr_line' id='line_1_3' title="bbox 26 343 1622 406; baseline -0.004 -11"><span class='ocrx_word' id='word_1_13' title='bbox 26 364 103 402; x_wconf 80' lang='lat' dir='ltr'>um</span> <span class='ocrx_word' id='word_1_14' title='bbox 133 345 413 394; x_wconf 87' lang='lat' dir='ltr'>mandatum.</span> <span class='ocrx_word' id='word_1_15' title='bbox 458 346 586 393; x_wconf 88' lang='lat' dir='ltr'>Haec</span> <span class='ocrx_word' id='word_1_16' title='bbox 619 345 775 392; x_wconf 90' lang='lat' dir='ltr'>omnia</span> <span class='ocrx_word' id='word_1_17' title='bbox 804 344 890 391; x_wconf 91' lang='lat' dir='ltr'>tibi</span> <span class='ocrx_word' id='word_1_18' title='bbox 923 354 972 392; x_wconf 90' lang='lat' dir='ltr'>et</span> <span class='ocrx_word' id='word_1_19' title='bbox 1002 343 1061 391; x_wconf 88' lang='lat' dir='ltr'>de</span> <span class='ocrx_word' id='word_1_20' title='bbox 1094 344 1256 390; x_wconf 83' lang='lat' dir='ltr'>officio</span> <span class='ocrx_word' id='word_1_21' title='bbox 1289 343 1483 406; x_wconf 80' lang='lat' dir='ltr'>suggeri</span> <span class='ocrx_word' id='word_1_22' title='bbox 1509 359 1622 406; x_wconf 90' lang='lat' dir='ltr'>pos-</span> 
     </span>
     <span class='ocr_line' id='line_1_4' title="bbox 0 412 1623 479; baseline -0.002 -17"><span class='ocrx_word' id='word_1_23' title='bbox 0 425 117 475; x_wconf 68' lang='lat' dir='ltr'>=·unt‚</span> <span class='ocrx_word' id='word_1_24' title='bbox 151 425 200 464; x_wconf 88' lang='lat' dir='ltr'>et</span> <span class='ocrx_word' id='word_1_25' title='bbox 229 415 287 464; x_wconf 91' lang='lat' dir='ltr'>ab</span> <span class='ocrx_word' id='word_1_26' title='bbox 319 415 482 464; x_wconf 91' lang='lat' dir='ltr'>iisdem</span> <span class='ocrx_word' id='word_1_27' title='bbox 514 415 774 472; x_wconf 86' lang='lat' dir='ltr'>advocatis,</span> <span class='ocrx_word' id='word_1_28' title='bbox 808 416 885 479; x_wconf 77' lang='lat' dir='ltr'>qu‘i</span> <span class='ocrx_word' id='word_1_29' title='bbox 917 415 1007 478; x_wconf 90' lang='lat' dir='ltr'>ipsi</span> <span class='ocrx_word' id='word_1_30' title='bbox 1037 413 1273 461; x_wconf 83' lang='lat' dir='ltr'>beneficia</span> <span class='ocrx_word' id='word_1_31' title='bbox 1294 413 1466 460; x_wconf 90' lang='lat' dir='ltr'>habent</span> <span class='ocrx_word' id='word_1_32' title='bbox 1485 412 1623 459; x_wconf 87' lang='lat' dir='ltr'>Chri-</span> 
     </span>
     <span class='ocr_line' id='line_1_5' title="bbox 0 482 1621 548; baseline -0.003 -14"><span class='ocrx_word' id='word_1_33' title='bbox 0 488 269 544; x_wconf 67' lang='lat' dir='ltr'>uanorum,</span> <span class='ocrx_word' id='word_1_34' title='bbox 312 487 425 534; x_wconf 88' lang='lat' dir='ltr'>licet</span> <span class='ocrx_word' id='word_1_35' title='bbox 454 486 720 533; x_wconf 80' lang='lat' dir='ltr'>acclament</span> <span class='ocrx_word' id='word_1_36' title='bbox 750 501 869 548; x_wconf 89' lang='lat' dir='ltr'>quae</span> <span class='ocrx_word' id='word_1_37' title='bbox 902 485 1082 531; x_wconf 87' lang='lat' dir='ltr'>volunt.</span> <span class='ocrx_word' id='word_1_38' title='bbox 1146 483 1266 530; x_wconf 90' lang='lat' dir='ltr'>Nam</span> <span class='ocrx_word' id='word_1_39' title='bbox 1300 492 1347 530; x_wconf 89' lang='lat' dir='ltr'>et</span> <span class='ocrx_word' id='word_1_40' title='bbox 1381 482 1621 530; x_wconf 70' lang='lat' dir='ltr'>cuiusdam⁴</span> 
     </span>
     <span class='ocr_line' id='line_1_6' title="bbox 29 554 1625 618; baseline -0.003 -14"><span class='ocrx_word' id='word_1_41' title='bbox 29 557 223 614; x_wconf 88' lang='lat' dir='ltr'>otarius,</span> <span class='ocrx_word' id='word_1_42' title='bbox 264 572 367 603; x_wconf 90' lang='lat' dir='ltr'>cum</span> <span class='ocrx_word' id='word_1_43' title='bbox 398 572 424 602; x_wconf 91' lang='lat' dir='ltr'>a</span> <span class='ocrx_word' id='word_1_44' title='bbox 456 555 684 602; x_wconf 87' lang='lat' dir='ltr'>daemone</span> <span class='ocrx_word' id='word_1_45' title='bbox 715 555 1138 618; x_wconf 78' lang='lat' dir='ltr'>praecipitaretur,</span> <span class='ocrx_word' id='word_1_46' title='bbox 1188 554 1414 601; x_wconf 88' lang='lat' dir='ltr'>liberatus</span> <span class='ocrx_word' id='word_1_47' title='bbox 1446 562 1531 611; x_wconf 88' lang='lat' dir='ltr'>est,</span> <span class='ocrx_word' id='word_1_48' title='bbox 1575 561 1625 600; x_wconf 90' lang='lat' dir='ltr'>et</span> 
     </span>
     <span class='ocr_line' id='line_1_7' title="bbox 15 623 1621 689; baseline -0.003 -15"><span class='ocrx_word' id='word_1_49' title='bbox 15 625 279 675; x_wconf 71' lang='lat' dir='ltr'>‹uoruudam</span> <span class='ocrx_word' id='word_1_50' title='bbox 319 626 605 689; x_wconf 90' lang='lat' dir='ltr'>propinquus</span> <span class='ocrx_word' id='word_1_51' title='bbox 651 633 699 672; x_wconf 89' lang='lat' dir='ltr'>et</span> <span class='ocrx_word' id='word_1_52' title='bbox 739 626 981 689; x_wconf 91' lang='lat' dir='ltr'>puerulus,</span> <span class='ocrx_word' id='word_1_53' title='bbox 1031 632 1079 671; x_wconf 91' lang='lat' dir='ltr'>et</span> <span class='ocrx_word' id='word_1_54' title='bbox 1118 625 1275 687; x_wconf 90' lang='lat' dir='ltr'>quanti</span> <span class='ocrx_word' id='word_1_55' title='bbox 1315 623 1501 670; x_wconf 86' lang='lat' dir='ltr'>honesti</span> <span class='ocrx_word' id='word_1_56' title='bbox 1533 624 1621 670; x_wconf 92' lang='lat' dir='ltr'>viri</span> 
     </span>
     <span class='ocr_line' id='line_1_8' title="bbox 0 693 1627 758; baseline -0.003 -14"><span class='ocrx_word' id='word_1_57' title='bbox 0 696 77 744; x_wconf 51' lang='lat' dir='ltr'>*de</span> <span class='ocrx_word' id='word_1_58' title='bbox 114 694 387 758; x_wconf 84' lang='lat' dir='ltr'>vulgaribus</span> <span class='ocrx_word' id='word_1_59' title='bbox 429 696 550 742; x_wconf 92' lang='lat' dir='ltr'>enim</span> <span class='ocrx_word' id='word_1_60' title='bbox 589 711 680 741; x_wconf 90' lang='lat' dir='ltr'>non</span> <span class='ocrx_word' id='word_1_61' title='bbox 714 693 928 751; x_wconf 88' lang='lat' dir='ltr'>dicimus)</span> <span class='ocrx_word' id='word_1_62' title='bbox 965 703 1044 740; x_wconf 87' lang='lat' dir='ltr'>aut</span> <span class='ocrx_word' id='word_1_63' title='bbox 1082 710 1109 740; x_wconf 90' lang='lat' dir='ltr'>a</span> <span class='ocrx_word' id='word_1_64' title='bbox 1142 693 1402 740; x_wconf 84' lang='lat' dir='ltr'>daemoniis</span> <span class='ocrx_word' id='word_1_65' title='bbox 1434 702 1513 740; x_wconf 87' lang='lat' dir='ltr'>aut</span> <span class='ocrx_word' id='word_1_66' title='bbox 1542 710 1627 740; x_wconf 92' lang='lat' dir='ltr'>va-</span> 
     </span>
     <span class='ocr_line' id='line_1_9' title="bbox 0 762 1623 827; baseline -0.002 -13"><span class='ocrx_word' id='word_1_67' title='bbox 0 764 278 826; x_wconf 81' lang='lat' dir='ltr'>·etudinibus</span> <span class='ocrx_word' id='word_1_68' title='bbox 309 763 556 812; x_wconf 86' lang='lat' dir='ltr'>remediati</span> <span class='ocrx_word' id='word_1_69' title='bbox 589 766 725 812; x_wconf 84' lang='lat' dir='ltr'>sunt?</span> <span class='ocrx_word' id='word_1_70' title='bbox 770 765 875 827; x_wconf 91' lang='lat' dir='ltr'>Ipse</span> <span class='ocrx_word' id='word_1_71' title='bbox 909 766 1047 812; x_wconf 89' lang='lat' dir='ltr'>etiam</span> <span class='ocrx_word' id='word_1_72' title='bbox 1083 762 1314 820; x_wconf 88' lang='lat' dir='ltr'>Severus,</span> <span class='ocrx_word' id='word_1_73' title='bbox 1355 772 1491 826; x_wconf 88' lang='lat' dir='ltr'>pater</span> <span class='ocrx_word' id='word_1_74' title='bbox 1521 762 1623 810; x_wconf 88' lang='lat' dir='ltr'>An-</span> 
     </span>
     <span class='ocr_line' id='line_1_10' title="bbox 10 833 1622 894; baseline -0.002 -11"><span class='ocrx_word' id='word_1_75' title='bbox 10 836 159 894; x_wconf 69' lang='lat' dir='ltr'>ouini,</span> <span class='ocrx_word' id='word_1_76' title='bbox 193 834 563 882; x_wconf 84' lang='lat' dir='ltr'>Christianorum</span> <span class='ocrx_word' id='word_1_77' title='bbox 596 851 776 882; x_wconf 88' lang='lat' dir='ltr'>memor</span> <span class='ocrx_word' id='word_1_78' title='bbox 807 835 908 881; x_wconf 87' lang='lat' dir='ltr'>fuit.</span> <span class='ocrx_word' id='word_1_79' title='bbox 976 833 1095 880; x_wconf 89' lang='lat' dir='ltr'>Nam</span> <span class='ocrx_word' id='word_1_80' title='bbox 1128 842 1177 880; x_wconf 92' lang='lat' dir='ltr'>et</span> <span class='ocrx_word' id='word_1_81' title='bbox 1208 833 1456 880; x_wconf 89' lang='lat' dir='ltr'>Proculum</span> <span class='ocrx_word' id='word_1_82' title='bbox 1484 833 1622 880; x_wconf 90' lang='lat' dir='ltr'>Chri-</span> 
     </span>
     <span class='ocr_line' id='line_1_11' title="bbox 15 902 1626 969; baseline -0.002 -16"><span class='ocrx_word' id='word_1_83' title='bbox 15 907 208 963; x_wconf 57' lang='lat' dir='ltr'>tianum,</span> <span class='ocrx_word' id='word_1_84' title='bbox 242 906 318 969; x_wconf 88' lang='lat' dir='ltr'>qui</span> <span class='ocrx_word' id='word_1_85' title='bbox 347 905 615 968; x_wconf 88' lang='lat' dir='ltr'>Torpacion</span> <span class='ocrx_word' id='word_1_86' title='bbox 648 904 1085 968; x_wconf 81' lang='lat' dir='ltr'>cognominabatur,</span> <span class='ocrx_word' id='word_1_87' title='bbox 1119 902 1409 962; x_wconf 88' lang='lat' dir='ltr'>Euhodae1)</span> <span class='ocrx_word' id='word_1_88' title='bbox 1445 919 1626 966; x_wconf 75' lang='lat' dir='ltr'>procu·</span> 
     </span>
     <span class='ocr_line' id='line_1_12' title="bbox 8 973 1622 1040; baseline -0.002 -17"><span class='ocrx_word' id='word_1_89' title='bbox 8 984 222 1034; x_wconf 61' lang='lat' dir='ltr'>morem,</span> <span class='ocrx_word' id='word_1_90' title='bbox 263 976 340 1040; x_wconf 90' lang='lat' dir='ltr'>qui</span> <span class='ocrx_word' id='word_1_91' title='bbox 380 991 483 1022; x_wconf 92' lang='lat' dir='ltr'>eum</span> <span class='ocrx_word' id='word_1_92' title='bbox 515 991 603 1038; x_wconf 88' lang='lat' dir='ltr'>per</span> <span class='ocrx_word' id='word_1_93' title='bbox 633 975 787 1022; x_wconf 89' lang='lat' dir='ltr'>oleum</span> <span class='ocrx_word' id='word_1_94' title='bbox 818 973 1069 1038; x_wconf 88' lang='lat' dir='ltr'>aliquando</span> <span class='ocrx_word' id='word_1_95' title='bbox 1103 982 1374 1030; x_wconf 83' lang='lat' dir='ltr'>curaverat,</span> <span class='ocrx_word' id='word_1_96' title='bbox 1416 974 1622 1038; x_wconf 90' lang='lat' dir='ltr'>requisi-</span> 
     </span>
     <span class='ocr_line' id='line_1_13' title="bbox 25 1043 1624 1108; baseline -0.003 -14"><span class='ocrx_word' id='word_1_97' title='bbox 25 1047 62 1094; x_wconf 88' lang='lat' dir='ltr'>it</span> <span class='ocrx_word' id='word_1_98' title='bbox 85 1054 146 1094; x_wconf 81' lang='lat' dir='ltr'>‘&#39;et</span> <span class='ocrx_word' id='word_1_99' title='bbox 183 1046 230 1092; x_wconf 86' lang='lat' dir='ltr'>in</span> <span class='ocrx_word' id='word_1_100' title='bbox 268 1046 443 1108; x_wconf 87' lang='lat' dir='ltr'>palatio</span> <span class='ocrx_word' id='word_1_101' title='bbox 483 1062 567 1092; x_wconf 92' lang='lat' dir='ltr'>suo</span> <span class='ocrx_word' id='word_1_102' title='bbox 607 1045 768 1092; x_wconf 89' lang='lat' dir='ltr'>habuit</span> <span class='ocrx_word' id='word_1_103' title='bbox 806 1061 951 1108; x_wconf 91' lang='lat' dir='ltr'>usque</span> <span class='ocrx_word' id='word_1_104' title='bbox 985 1043 1042 1091; x_wconf 92' lang='lat' dir='ltr'>ad</span> <span class='ocrx_word' id='word_1_105' title='bbox 1074 1053 1270 1090; x_wconf 85' lang='lat' dir='ltr'>mortem</span> <span class='ocrx_word' id='word_1_106' title='bbox 1305 1045 1433 1102; x_wconf 82' lang='lat' dir='ltr'>eius3</span> <span class='ocrx_word' id='word_1_107' title='bbox 1485 1059 1624 1107; x_wconf 74' lang='lat' dir='ltr'>quent</span> 
     </span>
     <span class='ocr_line' id='line_1_14' title="bbox 4 1112 1617 1179; baseline -0.002 -15"><span class='ocrx_word' id='word_1_108' title='bbox 4 1126 46 1164; x_wconf 26' lang='lat' dir='ltr'>rt</span> <span class='ocrx_word' id='word_1_109' title='bbox 79 1114 346 1164; x_wconf 87' lang='lat' dir='ltr'>Antoninus</span> <span class='ocrx_word' id='word_1_110' title='bbox 393 1116 567 1179; x_wconf 91' lang='lat' dir='ltr'>optime</span> <span class='ocrx_word' id='word_1_111' title='bbox 607 1123 804 1162; x_wconf 88' lang='lat' dir='ltr'>noverat</span> <span class='ocrx_word' id='word_1_112' title='bbox 849 1116 971 1162; x_wconf 89' lang='lat' dir='ltr'>lacte</span> <span class='ocrx_word' id='word_1_113' title='bbox 1005 1115 1271 1161; x_wconf 89' lang='lat' dir='ltr'>Christiano</span> <span class='ocrx_word' id='word_1_114' title='bbox 1306 1112 1532 1162; x_wconf 87' lang='lat' dir='ltr'>educatus</span> <span class='ocrx_word' id='word_1_115' title='bbox 1548 1116 1617 1173; x_wconf 79' lang='grc'>2).</span> 
     </span>
     <span class='ocr_line' id='line_1_15' title="bbox 0 1184 1620 1240; baseline 0 -9"><span class='ocrx_word' id='word_1_116' title='bbox 0 1185 95 1234; x_wconf 52' lang='lat' dir='ltr'>»ied</span> <span class='ocrx_word' id='word_1_117' title='bbox 139 1194 187 1234; x_wconf 87' lang='lat' dir='ltr'>et</span> <span class='ocrx_word' id='word_1_118' title='bbox 232 1186 518 1233; x_wconf 90' lang='lat' dir='ltr'>clarissimas</span> <span class='ocrx_word' id='word_1_119' title='bbox 565 1185 763 1233; x_wconf 86' lang='lat' dir='ltr'>feminas</span> <span class='ocrx_word' id='word_1_120' title='bbox 811 1193 860 1232; x_wconf 86' lang='lat' dir='ltr'>et</span> <span class='ocrx_word' id='word_1_121' title='bbox 906 1185 1190 1231; x_wconf 91' lang='lat' dir='ltr'>clarissimos</span> <span class='ocrx_word' id='word_1_122' title='bbox 1227 1185 1354 1231; x_wconf 89' lang='lat' dir='ltr'>viros</span> <span class='ocrx_word' id='word_1_123' title='bbox 1396 1184 1620 1240; x_wconf 90' lang='lat' dir='ltr'>Severus,</span> 
     </span>
     <span class='ocr_line' id='line_1_16' title="bbox 23 1254 1625 1314; baseline -0.002 -10"><span class='ocrx_word' id='word_1_124' title='bbox 23 1258 151 1304; x_wconf 86' lang='lat' dir='ltr'>ciens</span> <span class='ocrx_word' id='word_1_125' title='bbox 191 1257 324 1303; x_wconf 88' lang='lat' dir='ltr'>huius</span> <span class='ocrx_word' id='word_1_126' title='bbox 363 1265 524 1304; x_wconf 89' lang='lat' dir='ltr'>sectae</span> <span class='ocrx_word' id='word_1_127' title='bbox 564 1272 692 1314; x_wconf 90' lang='lat' dir='ltr'>esse,</span> <span class='ocrx_word' id='word_1_128' title='bbox 741 1272 834 1302; x_wconf 92' lang='lat' dir='ltr'>non</span> <span class='ocrx_word' id='word_1_129' title='bbox 868 1254 1005 1302; x_wconf 89' lang='lat' dir='ltr'>modo</span> <span class='ocrx_word' id='word_1_130' title='bbox 1044 1272 1136 1301; x_wconf 93' lang='lat' dir='ltr'>non</span> <span class='ocrx_word' id='word_1_131' title='bbox 1170 1255 1330 1312; x_wconf 89' lang='lat' dir='ltr'>laesit,</span> <span class='ocrx_word' id='word_1_132' title='bbox 1381 1270 1541 1301; x_wconf 90' lang='lat' dir='ltr'>verum</span> <span class='ocrx_word' id='word_1_133' title='bbox 1575 1262 1625 1301; x_wconf 88' lang='lat' dir='ltr'>ct</span> 
     </span>
     <span class='ocr_line' id='line_1_17' title="bbox 6 1324 1623 1390; baseline -0.002 -15"><span class='ocrx_word' id='word_1_134' title='bbox 6 1327 265 1375; x_wconf 50' lang='lat' dir='ltr'>¹estimonio</span> <span class='ocrx_word' id='word_1_135' title='bbox 305 1327 552 1374; x_wconf 78' lang='lat' dir='ltr'>exornavit</span> <span class='ocrx_word' id='word_1_136' title='bbox 590 1334 639 1373; x_wconf 88' lang='lat' dir='ltr'>et</span> <span class='ocrx_word' id='word_1_137' title='bbox 668 1326 843 1390; x_wconf 88' lang='lat' dir='ltr'>populo</span> <span class='ocrx_word' id='word_1_138' title='bbox 876 1326 1049 1372; x_wconf 87' lang='lat' dir='ltr'>furenti</span> <span class='ocrx_word' id='word_1_139' title='bbox 1088 1326 1134 1371; x_wconf 90' lang='lat' dir='ltr'>in</span> <span class='ocrx_word' id='word_1_140' title='bbox 1174 1342 1259 1372; x_wconf 91' lang='lat' dir='ltr'>nos</span> <span class='ocrx_word' id='word_1_141' title='bbox 1291 1324 1442 1388; x_wconf 90' lang='lat' dir='ltr'>palam</span> <span class='ocrx_word' id='word_1_142' title='bbox 1481 1326 1623 1372; x_wconf 85' lang='lat' dir='ltr'>resti-</span> 
     </span>
     <span class='ocr_line' id='line_1_18' title="bbox 10 1394 1620 1460; baseline -0.002 -16"><span class='ocrx_word' id='word_1_143' title='bbox 10 1399 71 1446; x_wconf 63' lang='lat' dir='ltr'>«it.</span> <span class='ocrx_word' id='word_1_144' title='bbox 131 1397 322 1444; x_wconf 87' lang='lat' dir='ltr'>Marcus</span> <span class='ocrx_word' id='word_1_145' title='bbox 369 1413 553 1460; x_wconf 90' lang='lat' dir='ltr'>quoque</span> <span class='ocrx_word' id='word_1_146' title='bbox 598 1395 822 1443; x_wconf 91' lang='lat' dir='ltr'>Aurelius</span> <span class='ocrx_word' id='word_1_147' title='bbox 876 1397 922 1442; x_wconf 91' lang='lat' dir='ltr'>in</span> <span class='ocrx_word' id='word_1_148' title='bbox 972 1395 1252 1443; x_wconf 87' lang='lat' dir='ltr'>Germanica</span> <span class='ocrx_word' id='word_1_149' title='bbox 1299 1394 1620 1459; x_wconf 82' lang='lat' dir='ltr'>expeditione,</span> 
     </span>
     <span class='ocr_line' id='line_1_19' title="bbox 12 1465 1625 1522; baseline -0.002 -6"><span class='ocrx_word' id='word_1_150' title='bbox 12 1467 366 1516; x_wconf 68' lang='lat' dir='ltr'>Christianorum</span> <span class='ocrx_word' id='word_1_151' title='bbox 399 1467 591 1514; x_wconf 89' lang='lat' dir='ltr'>militum</span> <span class='ocrx_word' id='word_1_152' title='bbox 630 1465 922 1512; x_wconf 89' lang='lat' dir='ltr'>orationibus</span> <span class='ocrx_word' id='word_1_153' title='bbox 961 1465 1021 1512; x_wconf 90' lang='lat' dir='ltr'>ad</span> <span class='ocrx_word' id='word_1_154' title='bbox 1061 1465 1196 1513; x_wconf 89' lang='lat' dir='ltr'>deum</span> <span class='ocrx_word' id='word_1_155' title='bbox 1238 1466 1398 1522; x_wconf 86' lang='lat' dir='ltr'>factis,</span> <span class='ocrx_word' id='word_1_156' title='bbox 1447 1465 1625 1513; x_wconf 83' lang='lat' dir='ltr'>imbres</span> 
     </span>
     <span class='ocr_line' id='line_1_20' title="bbox 6 1535 1622 1601; baseline -0.002 -16"><span class='ocrx_word' id='word_1_157' title='bbox 6 1538 149 1586; x_wconf 47' lang='lat' dir='ltr'>&gt;n·siti</span> <span class='ocrx_word' id='word_1_158' title='bbox 181 1537 260 1598; x_wconf 90' lang='lat' dir='ltr'>illa</span> <span class='ocrx_word' id='word_1_159' title='bbox 291 1538 570 1601; x_wconf 89' lang='lat' dir='ltr'>impetravit.</span> <span class='ocrx_word' id='word_1_160' title='bbox 634 1535 828 1596; x_wconf 83' lang='lat' dir='ltr'>Quando</span> <span class='ocrx_word' id='word_1_161' title='bbox 869 1553 960 1582; x_wconf 90' lang='lat' dir='ltr'>non</span> <span class='ocrx_word' id='word_1_162' title='bbox 1000 1535 1429 1600; x_wconf 85' lang='lat' dir='ltr'>geniculationibus</span> <span class='ocrx_word' id='word_1_163' title='bbox 1473 1545 1521 1582; x_wconf 88' lang='lat' dir='ltr'>et</span> <span class='ocrx_word' id='word_1_164' title='bbox 1551 1537 1622 1582; x_wconf 91' lang='lat' dir='ltr'>ie-</span> 
     </span>
     <span class='ocr_line' id='line_1_21' title="bbox 4 1605 1625 1670; baseline -0.001 -15"><span class='ocrx_word' id='word_1_165' title='bbox 4 1607 310 1656; x_wconf 81' lang='lat' dir='ltr'>=unationibus</span> <span class='ocrx_word' id='word_1_166' title='bbox 357 1607 530 1654; x_wconf 85' lang='lat' dir='ltr'>nostris</span> <span class='ocrx_word' id='word_1_167' title='bbox 570 1607 709 1654; x_wconf 88' lang='lat' dir='ltr'>etiam</span> <span class='ocrx_word' id='word_1_168' title='bbox 747 1607 988 1654; x_wconf 86' lang='lat' dir='ltr'>siccitates</span> <span class='ocrx_word' id='word_1_169' title='bbox 1021 1615 1128 1653; x_wconf 92' lang='lat' dir='ltr'>sunt</span> <span class='ocrx_word' id='word_1_170' title='bbox 1177 1605 1433 1670; x_wconf 84' lang='lat' dir='ltr'>depulsae?</span> <span class='ocrx_word' id='word_1_171' title='bbox 1489 1605 1625 1653; x_wconf 86' lang='lat' dir='ltr'>Tunc</span> 
     </span>
     <span class='ocr_line' id='line_1_22' title="bbox 3 1675 1623 1743; baseline -0.001 -20"><span class='ocrx_word' id='word_1_172' title='bbox 3 1687 47 1726; x_wconf 62' lang='lat' dir='ltr'>zet</span> <span class='ocrx_word' id='word_1_173' title='bbox 74 1678 268 1743; x_wconf 88' lang='lat' dir='ltr'>populus</span> <span class='ocrx_word' id='word_1_174' title='bbox 298 1677 583 1726; x_wconf 88' lang='lat' dir='ltr'>acclamans:</span> <span class='ocrx_word' id='word_1_175' title='bbox 618 1676 708 1724; x_wconf 92' lang='lat' dir='ltr'>deo</span> <span class='ocrx_word' id='word_1_176' title='bbox 742 1675 952 1736; x_wconf 87' lang='lat' dir='ltr'>deorum,</span> <span class='ocrx_word' id='word_1_177' title='bbox 986 1678 1061 1741; x_wconf 91' lang='lat' dir='ltr'>qui</span> <span class='ocrx_word' id='word_1_178' title='bbox 1095 1677 1221 1723; x_wconf 92' lang='lat' dir='ltr'>solus</span> <span class='ocrx_word' id='word_1_179' title='bbox 1254 1685 1438 1740; x_wconf 90' lang='lat' dir='ltr'>potens,</span> <span class='ocrx_word' id='word_1_180' title='bbox 1472 1677 1517 1723; x_wconf 93' lang='lat' dir='ltr'>in</span> <span class='ocrx_word' id='word_1_181' title='bbox 1544 1676 1623 1723; x_wconf 89' lang='lat' dir='ltr'>Io·-</span> 
     </span>
     <span class='ocr_line' id='line_1_23' title="bbox 2 1746 1622 1796; baseline -0.001 0"><span class='ocrx_word' id='word_1_182' title='bbox 2 1750 73 1796; x_wconf 56' lang='lat' dir='ltr'>vis-</span> <span class='ocrx_word' id='word_1_183' title='bbox 94 1749 280 1796; x_wconf 89' lang='lat' dir='ltr'>nomine</span> <span class='ocrx_word' id='word_1_184' title='bbox 314 1747 403 1795; x_wconf 90' lang='lat' dir='ltr'>deo</span> <span class='ocrx_word' id='word_1_185' title='bbox 436 1757 598 1794; x_wconf 80' lang='lat' dir='ltr'>nostro</span> <span class='ocrx_word' id='word_1_186' title='bbox 630 1748 945 1795; x_wconf 89' lang='lat' dir='ltr'>testimonium</span> <span class='ocrx_word' id='word_1_187' title='bbox 977 1746 1203 1794; x_wconf 87' lang='lat' dir='ltr'>reddidit.</span> <span class='ocrx_word' id='word_1_188' title='bbox 1268 1746 1470 1794; x_wconf 88' lang='lat' dir='ltr'>Praeter</span> <span class='ocrx_word' id='word_1_189' title='bbox 1501 1747 1622 1794; x_wconf 90' lang='lat' dir='ltr'>haec</span> 
     </span>
     <span class='ocr_line' id='line_1_24' title="bbox 4 1813 1623 1884; baseline -0.002 -18"><span class='ocrx_word' id='word_1_190' title='bbox 4 1813 256 1884; x_wconf 69' lang='lat' dir='ltr'>:le‘positum</span> <span class='ocrx_word' id='word_1_191' title='bbox 295 1835 387 1865; x_wconf 91' lang='lat' dir='ltr'>non</span> <span class='ocrx_word' id='word_1_192' title='bbox 434 1818 741 1880; x_wconf 79' lang='lat' dir='ltr'>abnegamus,</span> <span class='ocrx_word' id='word_1_193' title='bbox 789 1818 1130 1865; x_wconf 88' lang='lat' dir='ltr'>matrimonium</span> <span class='ocrx_word' id='word_1_194' title='bbox 1174 1817 1342 1863; x_wconf 92' lang='lat' dir='ltr'>nullius</span> <span class='ocrx_word' id='word_1_195' title='bbox 1384 1815 1623 1864; x_wconf 90' lang='lat' dir='ltr'>adultera-</span> 
     </span>
     <span class='ocr_line' id='line_1_25' title="bbox 0 1887 1619 1953; baseline -0.002 -17"><span class='ocrx_word' id='word_1_196' title='bbox 0 1907 116 1945; x_wconf 83' lang='lat' dir='ltr'>-nus,</span> <span class='ocrx_word' id='word_1_197' title='bbox 177 1889 377 1953; x_wconf 88' lang='lat' dir='ltr'>pupillos</span> <span class='ocrx_word' id='word_1_198' title='bbox 423 1889 498 1951; x_wconf 90' lang='lat' dir='ltr'>pie</span> <span class='ocrx_word' id='word_1_199' title='bbox 555 1897 829 1946; x_wconf 82' lang='lat' dir='ltr'>tractamus,</span> <span class='ocrx_word' id='word_1_200' title='bbox 892 1887 1212 1951; x_wconf 86' lang='lat' dir='ltr'>indigentibus</span> <span class='ocrx_word' id='word_1_201' title='bbox 1264 1887 1619 1949; x_wconf 85' lang='lat' dir='ltr'>refrigeramus,</span> 
     </span>
     <span class='ocr_line' id='line_1_26' title="bbox 4 1956 1619 2022; baseline -0.002 -15"><span class='ocrx_word' id='word_1_202' title='bbox 4 1960 108 2007; x_wconf 73' lang='lat' dir='ltr'>..uni</span> <span class='ocrx_word' id='word_1_203' title='bbox 141 1959 307 2006; x_wconf 89' lang='lat' dir='ltr'>malum</span> <span class='ocrx_word' id='word_1_204' title='bbox 338 1975 423 2022; x_wconf 88' lang='lat' dir='ltr'>pro</span> <span class='ocrx_word' id='word_1_205' title='bbox 455 1958 576 2006; x_wconf 86' lang='lat' dir='ltr'>malo</span> <span class='ocrx_word' id='word_1_206' title='bbox 609 1957 864 2005; x_wconf 89' lang='lat' dir='ltr'>reddimus.</span> <span class='ocrx_word' id='word_1_207' title='bbox 914 1956 1150 2016; x_wconf 75' lang='lat' dir='ltr'>Viderint,</span> <span class='ocrx_word' id='word_1_208' title='bbox 1184 1959 1261 2021; x_wconf 88' lang='lat' dir='ltr'>qui</span> <span class='ocrx_word' id='word_1_209' title='bbox 1296 1965 1473 2004; x_wconf 86' lang='lat' dir='ltr'>sectam</span> <span class='ocrx_word' id='word_1_210' title='bbox 1493 1973 1619 2004; x_wconf 90' lang='lat' dir='ltr'>men-</span> 
     </span>
     <span class='ocr_line' id='line_1_27' title="bbox 10 2026 1626 2092; baseline -0.001 -16"><span class='ocrx_word' id='word_1_211' title='bbox 10 2032 194 2084; x_wconf 86' lang='lat' dir='ltr'>iuntur,</span> <span class='ocrx_word' id='word_1_212' title='bbox 241 2045 357 2092; x_wconf 92' lang='lat' dir='ltr'>quos</span> <span class='ocrx_word' id='word_1_213' title='bbox 396 2036 444 2076; x_wconf 90' lang='lat' dir='ltr'>et</span> <span class='ocrx_word' id='word_1_214' title='bbox 481 2029 567 2092; x_wconf 89' lang='lat' dir='ltr'>ipsi</span> <span class='ocrx_word' id='word_1_215' title='bbox 614 2045 902 2076; x_wconf 90' lang='lat' dir='ltr'>recusamus.</span> <span class='ocrx_word' id='word_1_216' title='bbox 968 2028 1081 2088; x_wconf 85' lang='lat' dir='ltr'>Quis</span> <span class='ocrx_word' id='word_1_217' title='bbox 1131 2027 1334 2091; x_wconf 87' lang='lat' dir='ltr'>denique</span> <span class='ocrx_word' id='word_1_218' title='bbox 1382 2026 1440 2073; x_wconf 91' lang='lat' dir='ltr'>de</span> <span class='ocrx_word' id='word_1_219' title='bbox 1488 2027 1626 2074; x_wconf 91' lang='lat' dir='ltr'>nobis</span> 
     </span>
     <span class='ocr_line' id='line_1_28' title="bbox 15 2097 1622 2163; baseline -0.002 -16"><span class='ocrx_word' id='word_1_220' title='bbox 15 2100 89 2147; x_wconf 72' lang='lat' dir='ltr'>ulio</span> <span class='ocrx_word' id='word_1_221' title='bbox 127 2099 314 2146; x_wconf 87' lang='lat' dir='ltr'>nomine</span> <span class='ocrx_word' id='word_1_222' title='bbox 354 2099 595 2163; x_wconf 83' lang='lat' dir='ltr'>queritur?</span> <span class='ocrx_word' id='word_1_223' title='bbox 656 2098 790 2157; x_wconf 81' lang='lat' dir='ltr'>Quod</span> <span class='ocrx_word' id='word_1_224' title='bbox 829 2098 954 2145; x_wconf 90' lang='lat' dir='ltr'>aliud</span> <span class='ocrx_word' id='word_1_225' title='bbox 995 2099 1235 2162; x_wconf 87' lang='lat' dir='ltr'>negotium</span> <span class='ocrx_word' id='word_1_226' title='bbox 1275 2098 1452 2160; x_wconf 82' lang='lat' dir='ltr'>patitur</span> <span class='ocrx_word' id='word_1_227' title='bbox 1485 2097 1622 2144; x_wconf 87' lang='lat' dir='ltr'>Chri-</span> 
     </span>
     <span class='ocr_line' id='line_1_29' title="bbox 14 2164 1621 2232; baseline 0 -18"><span class='ocrx_word' id='word_1_228' title='bbox 14 2164 196 2228; x_wconf 48' lang='lat' dir='ltr'>dianus,</span> <span class='ocrx_word' id='word_1_229' title='bbox 244 2170 330 2217; x_wconf 88' lang='lat' dir='ltr'>nisi</span> <span class='ocrx_word' id='word_1_230' title='bbox 363 2185 475 2216; x_wconf 92' lang='lat' dir='ltr'>suae</span> <span class='ocrx_word' id='word_1_231' title='bbox 507 2171 701 2216; x_wconf 79' lang='lat' dir='ltr'>sectae?</span> <span class='ocrx_word' id='word_1_232' title='bbox 748 2185 881 2232; x_wconf 90' lang='lat' dir='ltr'>quam</span> <span class='ocrx_word' id='word_1_233' title='bbox 913 2170 1163 2227; x_wconf 83' lang='lat' dir='ltr'>incestam,</span> <span class='ocrx_word' id='word_1_234' title='bbox 1212 2184 1345 2232; x_wconf 86' lang='lat' dir='ltr'>quam</span> <span class='ocrx_word' id='word_1_235' title='bbox 1379 2167 1621 2215; x_wconf 88' lang='lat' dir='ltr'>crudelem</span> 
     </span>
     <span class='ocr_line' id='line_1_30' title="bbox 2 2239 1624 2319; baseline -0.002 -31"><span class='ocrx_word' id='word_1_236' title='bbox 2 2249 125 2288; x_wconf 60' lang='lat' dir='ltr'>anto</span> <span class='ocrx_word' id='word_1_237' title='bbox 157 2249 366 2302; x_wconf 90' lang='lat' dir='ltr'>tempore</span> <span class='ocrx_word' id='word_1_238' title='bbox 415 2255 550 2286; x_wconf 90' lang='lat' dir='ltr'>nemo</span> <span class='ocrx_word' id='word_1_239' title='bbox 589 2239 819 2319; x_wconf 85' lang='lat' dir='ltr'>probavit.</span> <span class='ocrx_word' id='word_1_240' title='bbox 882 2239 973 2286; x_wconf 92' lang='lat' dir='ltr'>Pro</span> <span class='ocrx_word' id='word_1_241' title='bbox 1020 2247 1148 2286; x_wconf 85' lang='lat' dir='ltr'>tanta</span> <span class='ocrx_word' id='word_1_242' title='bbox 1193 2239 1487 2296; x_wconf 91' lang='lat' dir='ltr'>innocentia,</span> <span class='ocrx_word' id='word_1_243' title='bbox 1536 2254 1624 2301; x_wconf 88' lang='lat' dir='ltr'>pro</span> 
     </span>
     <span class='ocr_line' id='line_1_31' title="bbox 3 2308 1619 2374; baseline -0.002 -16"><span class='ocrx_word' id='word_1_244' title='bbox 3 2319 124 2358; x_wconf 66' lang='lat' dir='ltr'>anta</span> <span class='ocrx_word' id='word_1_245' title='bbox 153 2310 414 2374; x_wconf 88' lang='lat' dir='ltr'>probitate,</span> <span class='ocrx_word' id='word_1_246' title='bbox 462 2326 549 2373; x_wconf 92' lang='lat' dir='ltr'>pro</span> <span class='ocrx_word' id='word_1_247' title='bbox 589 2310 790 2367; x_wconf 90' lang='lat' dir='ltr'>iustitia,</span> <span class='ocrx_word' id='word_1_248' title='bbox 839 2326 924 2372; x_wconf 90' lang='lat' dir='ltr'>pro</span> <span class='ocrx_word' id='word_1_249' title='bbox 957 2308 1204 2373; x_wconf 87' lang='lat' dir='ltr'>pudicitia,</span> <span class='ocrx_word' id='word_1_250' title='bbox 1254 2325 1341 2372; x_wconf 91' lang='lat' dir='ltr'>pro</span> <span class='ocrx_word' id='word_1_251' title='bbox 1375 2308 1491 2366; x_wconf 85' lang='lat' dir='ltr'>fide,</span> <span class='ocrx_word' id='word_1_252' title='bbox 1532 2324 1619 2371; x_wconf 86' lang='lat' dir='ltr'>pro</span> 
     </span>
     <span class='ocr_line' id='line_1_32' title="bbox 13 2372 1618 2443; baseline -0.003 -14.953"><span class='ocrx_word' id='word_1_253' title='bbox 13 2372 212 2438; x_wconf 83' lang='lat' dir='ltr'>eritate,</span> <span class='ocrx_word' id='word_1_254' title='bbox 245 2396 329 2443; x_wconf 91' lang='lat' dir='ltr'>pro</span> <span class='ocrx_word' id='word_1_255' title='bbox 363 2379 452 2427; x_wconf 89' lang='lat' dir='ltr'>deo</span> <span class='ocrx_word' id='word_1_256' title='bbox 485 2381 590 2427; x_wconf 92' lang='lat' dir='ltr'>vivo</span> <span class='ocrx_word' id='word_1_257' title='bbox 624 2395 911 2438; x_wconf 83' lang='lat' dir='ltr'>cremamur3</span> <span class='ocrx_word' id='word_1_258' title='bbox 964 2378 1089 2443; x_wconf 91' lang='lat' dir='ltr'>quod</span> <span class='ocrx_word' id='word_1_259' title='bbox 1123 2395 1212 2426; x_wconf 93' lang='lat' dir='ltr'>nec</span> <span class='ocrx_word' id='word_1_260' title='bbox 1248 2379 1488 2441; x_wconf 90' lang='lat' dir='ltr'>sacrilegi,</span> <span class='ocrx_word' id='word_1_261' title='bbox 1530 2394 1618 2425; x_wconf 90' lang='lat' dir='ltr'>nec</span> 
     </span>
     <span class='ocr_line' id='line_1_33' title="bbox 2 2448 1623 2514; baseline -0.002 -18"><span class='ocrx_word' id='word_1_262' title='bbox 2 2459 156 2507; x_wconf 62' lang='lat' dir='ltr'>instes</span> <span class='ocrx_word' id='word_1_263' title='bbox 185 2450 382 2514; x_wconf 90' lang='lat' dir='ltr'>publici,</span> <span class='ocrx_word' id='word_1_264' title='bbox 429 2466 590 2498; x_wconf 87' lang='lat' dir='ltr'>verum</span> <span class='ocrx_word' id='word_1_265' title='bbox 607 2451 651 2512; x_wconf 84' lang='lat'>³)</span> <span class='ocrx_word' id='word_1_266' title='bbox 690 2466 778 2496; x_wconf 87' lang='lat' dir='ltr'>nec</span> <span class='ocrx_word' id='word_1_267' title='bbox 818 2458 888 2496; x_wconf 87' lang='lat' dir='ltr'>tot</span> <span class='ocrx_word' id='word_1_268' title='bbox 920 2450 1175 2496; x_wconf 87' lang='lat' dir='ltr'>maiestatis</span> <span class='ocrx_word' id='word_1_269' title='bbox 1215 2449 1286 2495; x_wconf 85' lang='lat' dir='ltr'>rei</span> <span class='ocrx_word' id='word_1_270' title='bbox 1318 2448 1415 2510; x_wconf 90' lang='lat' dir='ltr'>pati</span> <span class='ocrx_word' id='word_1_271' title='bbox 1447 2448 1623 2494; x_wconf 83' lang='lat' dir='ltr'>solent.</span> 
     </span>
     <span class='ocr_line' id='line_1_34' title="bbox 13 2517 1626 2583; baseline -0.003 -15"><span class='ocrx_word' id='word_1_272' title='bbox 13 2519 115 2568; x_wconf 53' lang='lat' dir='ltr'>tiam</span> <span class='ocrx_word' id='word_1_273' title='bbox 155 2529 204 2568; x_wconf 89' lang='lat' dir='ltr'>et</span> <span class='ocrx_word' id='word_1_274' title='bbox 240 2535 360 2567; x_wconf 88' lang='lat' dir='ltr'>nuuc</span> <span class='ocrx_word' id='word_1_275' title='bbox 399 2537 426 2568; x_wconf 90' lang='lat' dir='ltr'>a</span> <span class='ocrx_word' id='word_1_276' title='bbox 465 2519 682 2583; x_wconf 91' lang='lat' dir='ltr'>praeside</span> <span class='ocrx_word' id='word_1_277' title='bbox 722 2519 947 2581; x_wconf 86' lang='lat' dir='ltr'>Legionis</span> <span class='ocrx_word' id='word_1_278' title='bbox 988 2528 1037 2566; x_wconf 90' lang='lat' dir='ltr'>et</span> <span class='ocrx_word' id='word_1_279' title='bbox 1074 2536 1101 2565; x_wconf 87' lang='lat' dir='ltr'>a</span> <span class='ocrx_word' id='word_1_280' title='bbox 1139 2517 1361 2581; x_wconf 87' lang='lat' dir='ltr'>praeside</span> <span class='ocrx_word' id='word_1_281' title='bbox 1393 2517 1626 2563; x_wconf 87' lang='lat' dir='ltr'>Maurita-</span> 
     </span>
     <span class='ocr_line' id='line_1_35' title="bbox 2 2587 1622 2651; baseline -0.002 -14"><span class='ocrx_word' id='word_1_282' title='bbox 2 2591 103 2639; x_wconf 68' lang='lat' dir='ltr'>niae</span> <span class='ocrx_word' id='word_1_283' title='bbox 134 2598 332 2638; x_wconf 84' lang='lat' dir='ltr'>vexatur</span> <span class='ocrx_word' id='word_1_284' title='bbox 359 2590 451 2637; x_wconf 92' lang='lat' dir='ltr'>boc</span> <span class='ocrx_word' id='word_1_285' title='bbox 483 2605 675 2646; x_wconf 89' lang='lat' dir='ltr'>nomen,</span> <span class='ocrx_word' id='word_1_286' title='bbox 723 2588 806 2636; x_wconf 89' lang='lat' dir='ltr'>sed</span> <span class='ocrx_word' id='word_1_287' title='bbox 839 2588 996 2651; x_wconf 87' lang='lat' dir='ltr'>gladio</span> <span class='ocrx_word' id='word_1_288' title='bbox 1030 2597 1191 2645; x_wconf 91' lang='lat' dir='ltr'>tenus,</span> <span class='ocrx_word' id='word_1_289' title='bbox 1232 2587 1356 2633; x_wconf 89' lang='lat' dir='ltr'>sicut</span> <span class='ocrx_word' id='word_1_290' title='bbox 1388 2596 1436 2634; x_wconf 89' lang='lat' dir='ltr'>et</span> <span class='ocrx_word' id='word_1_291' title='bbox 1466 2604 1492 2633; x_wconf 90' lang='lat' dir='ltr'>a</span> <span class='ocrx_word' id='word_1_292' title='bbox 1524 2587 1622 2650; x_wconf 85' lang='lat' dir='ltr'>pri-</span> 
     </span>
    </p>
   </div>
   <div class='ocr_carea' id='block_1_3' title="bbox 11 2755 1620 3142">
    <p class='ocr_par' dir='ltr' id='par_1_3' title="bbox 11 2755 1620 3142">
     <span class='ocr_line' id='line_1_36' title="bbox 110 2755 1619 2806; baseline -0.001 -9"><span class='ocrx_word' id='word_1_293' title='bbox 110 2759 155 2806; x_wconf 83' lang='lat'>1)</span> <span class='ocrx_word' id='word_1_294' title='bbox 187 2759 286 2796; x_wconf 85' lang='lat' dir='ltr'>Cod.</span> <span class='ocrx_word' id='word_1_295' title='bbox 315 2759 439 2797; x_wconf 85' lang='lat' dir='ltr'>Gorz.</span> <span class='ocrx_word' id='word_1_296' title='bbox 471 2761 581 2798; x_wconf 82' lang='lat' dir='ltr'>teste</span> <span class='ocrx_word' id='word_1_297' title='bbox 605 2758 826 2796; x_wconf 88' lang='lat' dir='ltr'>Rhenano:</span> <span class='ocrx_word' id='word_1_298' title='bbox 857 2757 1096 2803; x_wconf 81' lang='lat' dir='ltr'>Euhode3</span> <span class='ocrx_word' id='word_1_299' title='bbox 1128 2755 1300 2804; x_wconf 81' lang='lat' dir='ltr'>Rigaltii</span> <span class='ocrx_word' id='word_1_300' title='bbox 1332 2757 1490 2794; x_wconf 80' lang='lat' dir='ltr'>codex:</span> <span class='ocrx_word' id='word_1_301' title='bbox 1522 2757 1619 2795; x_wconf 91' lang='lat' dir='ltr'>Eu-</span> 
     </span>
     <span class='ocr_line' id='line_1_37' title="bbox 13 2813 1618 2864; baseline -0.001 -12"><span class='ocrx_word' id='word_1_302' title='bbox 13 2815 174 2854; x_wconf 78' lang='lat' dir='ltr'>mdae.</span> <span class='ocrx_word' id='word_1_303' title='bbox 233 2814 433 2852; x_wconf 80' lang='lat' dir='ltr'>Pithoeus</span> <span class='ocrx_word' id='word_1_304' title='bbox 465 2814 722 2853; x_wconf 83' lang='lat' dir='ltr'>emendavit:</span> <span class='ocrx_word' id='word_1_305' title='bbox 755 2814 943 2860; x_wconf 90' lang='lat' dir='ltr'>Evodi,</span> <span class='ocrx_word' id='word_1_306' title='bbox 984 2814 1202 2864; x_wconf 82' lang='lat' dir='ltr'>Scaliger:</span> <span class='ocrx_word' id='word_1_307' title='bbox 1241 2813 1495 2861; x_wconf 84' lang='lat' dir='ltr'>Evodiae,</span> <span class='ocrx_word' id='word_1_308' title='bbox 1536 2814 1618 2852; x_wconf 81' lang='lat' dir='ltr'>Pa-</span> 
     </span>
     <span class='ocr_line' id='line_1_38' title="bbox 14 2869 1620 2918; baseline 0 -10"><span class='ocrx_word' id='word_1_309' title='bbox 14 2871 114 2909; x_wconf 79' lang='lat' dir='ltr'>nel.:</span> <span class='ocrx_word' id='word_1_310' title='bbox 158 2870 429 2908; x_wconf 83' lang='lat' dir='ltr'>Euhodiae</span> <span class='ocrx_word' id='word_1_311' title='bbox 462 2873 665 2918; x_wconf 85' lang='lat' dir='ltr'>probante</span> <span class='ocrx_word' id='word_1_312' title='bbox 696 2870 836 2918; x_wconf 89' lang='lat' dir='ltr'>Iunio,</span> <span class='ocrx_word' id='word_1_313' title='bbox 889 2870 959 2916; x_wconf 86' lang='lat' dir='ltr'>qui</span> <span class='ocrx_word' id='word_1_314' title='bbox 990 2869 1069 2908; x_wconf 92' lang='lat' dir='ltr'>hoc</span> <span class='ocrx_word' id='word_1_315' title='bbox 1100 2870 1160 2906; x_wconf 82' lang='lat' dir='ltr'>ita</span> <span class='ocrx_word' id='word_1_316' title='bbox 1197 2869 1501 2916; x_wconf 82' lang='lat' dir='ltr'>interpretatus</span> <span class='ocrx_word' id='word_1_317' title='bbox 1533 2873 1620 2909; x_wconf 85' lang='lat' dir='ltr'>est:</span> 
     </span>
     <span class='ocr_line' id='line_1_39' title="bbox 13 2921 1619 2978; baseline 0 -15"><span class='ocrx_word' id='word_1_318' title='bbox 13 2923 88 2966; x_wconf 70' lang='lat' dir='ltr'>mv</span> <span class='ocrx_word' id='word_1_319' title='bbox 116 2926 192 2978; x_wconf 82' lang='grc' dir='ltr'>τῆς</span> <span class='ocrx_word' id='word_1_320' title='bbox 224 2921 391 2970; x_wconf 55' lang='lat' dir='ltr'>effodias·</span> <span class='ocrx_word' id='word_1_321' title='bbox 421 2923 652 2977; x_wconf 80' lang='grc' dir='ltr'><em>διοικητήν.</em></span> <span class='ocrx_word' id='word_1_322' title='bbox 696 2926 824 2963; x_wconf 85' lang='lat' dir='ltr'>Rhen.</span> <span class='ocrx_word' id='word_1_323' title='bbox 856 2929 897 2962; x_wconf 87' lang='lat' dir='ltr'>et</span> <span class='ocrx_word' id='word_1_324' title='bbox 922 2926 1103 2964; x_wconf 89' lang='lat' dir='ltr'>Semler:</span> <span class='ocrx_word' id='word_1_325' title='bbox 1137 2925 1436 2973; x_wconf 84' lang='lat' dir='ltr'>Euhodeae,</span> <span class='ocrx_word' id='word_1_326' title='bbox 1470 2938 1619 2973; x_wconf 86' lang='lat' dir='ltr'>quam-</span> 
     </span>
     <span class='ocr_line' id='line_1_40' title="bbox 12 2982 1618 3030; baseline -0.001 -9"><span class='ocrx_word' id='word_1_327' title='bbox 12 2994 120 3029; x_wconf 70' lang='lat' dir='ltr'>mam</span> <span class='ocrx_word' id='word_1_328' title='bbox 152 2982 225 3020; x_wconf 89' lang='lat' dir='ltr'>ille</span> <span class='ocrx_word' id='word_1_329' title='bbox 263 2983 505 3020; x_wconf 84' lang='lat' dir='ltr'>Euboeae</span> <span class='ocrx_word' id='word_1_330' title='bbox 544 2993 696 3020; x_wconf 86' lang='lat' dir='ltr'>nomen</span> <span class='ocrx_word' id='word_1_331' title='bbox 736 2982 974 3029; x_wconf 66' lang='lat' dir='ltr'>suspicatus</span> <span class='ocrx_word' id='word_1_332' title='bbox 1008 2984 1083 3019; x_wconf 88' lang='lat' dir='ltr'>est.</span> <span class='ocrx_word' id='word_1_333' title='bbox 1199 2982 1243 3030; x_wconf 87' lang='lat'>2)</span> <span class='ocrx_word' id='word_1_334' title='bbox 1283 2983 1330 3018; x_wconf 88' lang='lat' dir='ltr'>In</span> <span class='ocrx_word' id='word_1_335' title='bbox 1370 2983 1459 3020; x_wconf 86' lang='lat' dir='ltr'>cod.</span> <span class='ocrx_word' id='word_1_336' title='bbox 1496 2983 1618 3019; x_wconf 78' lang='lat' dir='ltr'>Divi-</span> 
     </span>
     <span class='ocr_line' id='line_1_41' title="bbox 12 3033 1619 3090; baseline 0 -15"><span class='ocrx_word' id='word_1_337' title='bbox 12 3039 166 3078; x_wconf 74' lang='lat' dir='ltr'>menfli:</span> <span class='ocrx_word' id='word_1_338' title='bbox 213 3043 430 3075; x_wconf 85' lang='lat' dir='ltr'>noverat</span> <span class='ocrx_word' id='word_1_339' title='bbox 462 3033 784 3075; x_wconf 77' lang='lat' dir='ltr'>Christianis</span> <span class='ocrx_word' id='word_1_340' title='bbox 817 3038 1105 3076; x_wconf 83' lang='lat' dir='ltr'>educatum.</span> <span class='ocrx_word' id='word_1_341' title='bbox 1225 3035 1269 3090; x_wconf 88' lang='lat'>3)</span> <span class='ocrx_word' id='word_1_342' title='bbox 1303 3039 1439 3076; x_wconf 86' lang='lat' dir='ltr'>Latin.</span> <span class='ocrx_word' id='word_1_343' title='bbox 1472 3043 1513 3076; x_wconf 89' lang='lat' dir='ltr'>et</span> <span class='ocrx_word' id='word_1_344' title='bbox 1544 3039 1619 3075; x_wconf 81' lang='lat' dir='ltr'>Ri-</span> 
     </span>
     <span class='ocr_line' id='line_1_42' title="bbox 11 3094 1241 3142; baseline -0.002 -8"><span class='ocrx_word' id='word_1_345' title='bbox 11 3094 352 3141; x_wconf 67' lang='lat' dir='ltr'>gatt.:verun1;</span> <span class='ocrx_word' id='word_1_346' title='bbox 388 3095 531 3142; x_wconf 84' lang='lat' dir='ltr'>vulgo:</span> <span class='ocrx_word' id='word_1_347' title='bbox 566 3094 603 3130; x_wconf 90' lang='lat' dir='ltr'>h.</span> <span class='ocrx_word' id='word_1_348' title='bbox 635 3094 832 3140; x_wconf 89' lang='lat' dir='ltr'>publici</span> <span class='ocrx_word' id='word_1_349' title='bbox 865 3094 994 3142; x_wconf 83' lang='lat' dir='ltr'>veri,</span> <span class='ocrx_word' id='word_1_350' title='bbox 1035 3106 1127 3132; x_wconf 89' lang='lat' dir='ltr'>ncc</span> <span class='ocrx_word' id='word_1_351' title='bbox 1161 3099 1241 3133; x_wconf 83' lang='lat' dir='ltr'>etc.</span> 
     </span>
    </p>
   </div>
  </div>
 </body>
</html>
