1942 3554
572 128 656 168 DE
692 128 1155 169 POENITENTIA.
1610 127 1705 174 59

0 237 2 255 ⁵
6 243 262 314 {periculi
306 245 477 292 timore
524 241 760 292 dominum
805 244 1033 302 honoret,
1080 252 1132 291 ut
1176 245 1222 290 in
1261 252 1569 308 peccatorem
1601 246 1703 308 ipsa

41 310 370 383 {pronuntians
399 332 486 386 pro
520 314 598 363 dei
630 314 957 379 indignatione
991 316 1236 379 fungatur,
1270 324 1320 362 et
1350 316 1599 380 temporali
1631 317 1703 362 af-
1762 335 1796 365 ο

40 389 321 436 Ξίίἰοῐειῑίοιιθ
353 396 551 435 aeterna
581 388 834 451 supplicia,
869 403 963 434 non
995 385 1149 434 dicam
1180 388 1458 444 frustretur,
1500 386 1585 435 sed
1617 403 1702 435 ex-
1792 380 1799 389 ’

39 467 252 524 sspungat.
316 458 431 509 Cum
463 458 609 521 igitur
637 458 875 540 provolvit
898 459 1150 517 hominem,
1182 460 1332 521 magis
1356 459 1561 518 relevat3
1597 475 1701 506 cum

58 526 322 594 squalidum
352 530 493 587 facit,
525 530 675 591 magis
706 528 977 577 mundatum
1003 529 1185 589 reddit3
1221 546 1332 577 cum
1351 538 1584 587 accusat,
1596 546 1700 578 cum

58 599 366 657 condemnat,
407 599 623 647 absolvit.
694 599 768 647 Ιιι
788 609 1007 664 quantum
1045 616 1140 679 non
1178 602 1456 665 peperceris
1493 598 1604 659 tibi,
1653 602 1700 648 in

56 676 237 719 tantum
268 671 353 718 tibi
385 669 530 728 deus,
559 669 727 728 crede,
759 680 942 735 parcet.

0 793 3 794 ⁷
135 771 144 779 -
204 746 284 793 10.
346 741 605 804 Plerosque
638 750 794 788 tamen
826 741 918 788 hoc
952 757 1090 805 opus,
1123 750 1175 789 ut
1204 742 1576 806 publicationem
1609 744 1698 799 sui,

56 821 139 861 aut
168 807 406 875 suffugere
438 819 519 858 aut
549 810 608 859 de
642 811 798 859 diem
830 811 955 858 diem
986 811 1205 870 differre,
1239 829 1513 877 praesumo,
1547 813 1701 876 pudo-

51 885 122 943 ris
152 884 301 946 magis
332 898 565 929 memores
597 897 732 945 quam
764 883 950 940 salutis,
989 884 1120 930 velut
1157 884 1248 941 illi,
1290 885 1368 948 qui
1407 885 1454 930 in
1486 884 1700 947 partibus

32 949 40 988 1’
54 952 478 1012 verecundioribus
525 954 741 1016 corporis
781 962 1030 1001 contracta
1067 956 1321 1002 vexatione
1356 956 1699 1002 conscientiam

32 1023 343 1078 ·medentium
372 1024 546 1081 vitant,
580 1031 629 1071 et
659 1026 724 1071 ita
757 1041 862 1071 cum
895 1025 1229 1073 erubescentia
1255 1043 1340 1073 sua
1365 1035 1583 1090 pereunt.
1624 1026 1700 1073 ln-

38 1095 352 1144 -tolerandum
384 1096 572 1142 scilicet
601 1094 794 1158 pudori,
837 1095 1028 1144 domino
1062 1097 1244 1156 offenso
1278 1098 1582 1155 satisfacere,
1624 1114 1700 1144 sa-

54 1167 142 1215 luti
186 1165 447 1231 prodactae
487 1166 755 1213 reformari.
832 1166 937 1214 Nae
983 1176 1034 1215 tu
1084 1167 1377 1215 verecundia
1415 1168 1590 1225 bonus,
1639 1167 1701 1216 ad

46 1230 420 1302 delinquendum
467 1236 740 1300 expandens
785 1238 1015 1296 frontem,
1078 1238 1138 1285 ad
1185 1238 1536 1303 deprecandum
1582 1255 1699 1287 vero

54 1307 340 1358 subducens.
403 1307 510 1370 Ego
542 1308 705 1354 rubori
738 1309 914 1356 locum
925 1325 1019 1355 non
1051 1310 1203 1367 facio,
1253 1327 1355 1357 cum
1388 1311 1491 1374 plus
1524 1309 1583 1357 de
1616 1309 1701 1358 de-

54 1381 285 1428 trimento·
305 1380 405 1427 eius
431 1379 644 1442 acquir0,
671 1395 774 1426 cum
787 1380 832 1439 1)
868 1381 968 1443 ipse
993 1381 1230 1428 hominem
1249 1380 1595 1444 quodammodo
1615 1397 1700 1429 cx·-

47 1451 295 1499 hortatur:
329 1465 388 1496 ne
419 1465 502 1502 me¹
525 1451 821 1516 respexeris,
856 1449 1043 1508 dicens,
1083 1468 1172 1533 per
1201 1460 1249 1499 te
1282 1453 1394 1498 mihi
1426 1453 1593 1499 melius
1626 1462 1701 1500 est

54 1523 231 1587 perire.
294 1519 438 1568 Certe
469 1521 731 1602 periculum
765 1522 865 1568 eius
897 1530 1031 1579 tunc,
1066 1524 1105 1569 si
1136 1523 1286 1580 forte,
1322 1539 1574 1570 onerosum
1609 1533 1697 1581 est,

56 1608 160 1642 eum
190 1607 337 1657 penes
368 1592 675 1638 insultaturos
707 1592 754 1638 in
786 1593 1033 1657 risiloquio
1069 1594 1307 1652 consistit,
1355 1594 1434 1640 ubi
1475 1592 1534 1641 de
1575 1595 1695 1642 alte-

44 1665 168 1713 ‚rius
180 1664 318 1711 ruina
348 1662 471 1710 alter
501 1663 759 1720 attollitur,
789 1663 869 1710 ubi
894 1673 1136 1727 prostrato
1163 1663 1569 1728 superscenditur.
1605 1665 1698 1713 Ce-

53 1742 217 1784 terum
252 1735 379 1782 inter
421 1734 595 1781 fratres
640 1742 782 1797 atque
829 1751 1112 1793 conservos,
1158 1735 1240 1782 ubi
1280 1738 1537 1783 communis
1569 1752 1694 1801 spes,

26 1801 231 1864 metus,
261 1804 505 1868 gaudium,
539 1804 701 1861 dolor,
734 1806 1090 1869 passlo,*(qu1a
1121 1808 1379 1854 communis
1411 1807 1603 1871 spiritus
1636 1807 1695 1854 de

54 1878 290 1939 communi
338 1875 528 1926 domino
554 1883 632 1922 *et
669 1880 860 1938 patre,)
904 1876 1020 1939 quid
1064 1885 1171 1924 tuos
1187 1878 1233 1937 2)
1291 1877 1419 1924 aliud
1466 1894 1602 1940 quam
1648 1886 1696 1925 te

55 1949 296 2013 opinaris?
350 1944 492 2004 ⁸Quid
539 1954 788 1993 consortes
827 1962 1016 1994 casuum
1049 1955 1232 1995 tuorum
1265 1956 1317 1994 ut
1346 1949 1593 2011 plausores
1625 1948 1699 1995 fu-

56 2019 160 2082 gis?
198 2016 328 2064 ‘Non
355 2017 519 2080 'potest
549 2032 722 2080 corpus
753 2015 813 2064 de
845 2019 982 2065 unius
1012 2018 1210 2085 mambri
1232 2020 1490 2068 vexatione
1521 2019 1697 2067 laetum

56 2103 228 2152 agere,
282 2085 540 2135 condoleat
584 2087 866 2135 universum
911 2097 962 2135 et
1006 2088 1071 2136 ad
1113 2088 1373 2136 remedium
1429 2086 1699 2138 collaboret

57 2173 256 2207 necesse
289 2166 375 2205 e'st.
437 2157 490 2204 In
522 2174 614 2204 uno
654 2166 703 2205 et
740 2159 893 2205 altero
934 2160 1143 2207 ecclesia
1182 2169 1277 2219 est,
1326 2160 1535 2207 ecclesia
1578 2176 1696 2207 vero

57 2229 287 2294 Christus·
348 2227 480 2291 Ergo
514 2244 618 2275 cum
648 2237 697 2276 te
730 2228 790 2276 ad
821 2230 1018 2278 fratrum
1050 2247 1206 2294 genua
1236 2230 1508 2295 protendis,
1558 2230 1698 2278 Chri-

52 2291 175 2349 stum
208 2307 503 2357 contrectas,
538 2299 774 2347 Christum
805 2315 994 2348 exoras.
1042 2301 1209 2365 Aeque
1236 2302 1305 2349 illi
1339 2318 1442 2349 cum
1475 2319 1525 2350 st
1529 2317 1618 2365 per
1647 2311 1695 2349 te

23 2372 300 2420 ‘lacrimas
294 2378 467 2434 magunt
530 2369 746 2417 Christus
782 2373 982 2435 patitur,
1031 2372 1246 2420 Christus
1291 2381 1475 2436 patrem
1523 2371 1696 2435 depre-

20 2451 207 2491 ceatur.
283 2441 448 2489 Facile
490 2441 781 2505 impetratur
832 2459 1048 2507 semper,
1111 2443 1237 2507 quod
1297 2443 1419 2490 filius
1471 2443 1695 2506 postulat.

21 2556 24 2557 ⁷
54 2511 252 2562 Grande
297 2513 436 2577 plan‘e
476 2513 840 2560 emolumentum
877 2513 1196 2561 verecundiae
1237 2514 1497 2560 occultatio
1531 2511 1695 2559 delicti

15 2596 22 2616 ³
52 2584 326 2649 pollicetur.
356 2596 359 2598 ·
385 2581 630 2631 Videlicet
665 2584 705 2631 si
745 2582 856 2647 quid
893 2584 1123 2631 humanae
1169 2585 1368 2630 notitiae
1415 2581 1694 2630 subduxeri-

57 2670 182 2714 mus,
228 2652 428 2719 proinde
459 2662 510 2701 et
539 2652 677 2701 deum
710 2653 998 2701 celabimus?
1054 2652 1256 2701 Adeone
1289 2654 1577 2701 existimatio
1610 2653 1698 2700 ho-

58 2726 231 2773 minum
276 2734 327 2772 et
370 2721 448 2771 dei
492 2725 789 2772 conscientia
835 2727 1205 2788 comparantur?
1275 2723 1354 2771 An
1406 2725 1571 2771 melius
1625 2733 1698 2771 est

18 2798 37 2845 ἶ,
58 2794 327 2843 damnatum
357 2795 533 2852 latere,
566 2810 702 2857 quam
733 2794 886 2858 palam
918 2795 1130 2842 absolvi?
1172 2794 1398 2842 Miserum
1433 2803 1506 2842 est
1534 2796 1602 2842 sic
1636 2793 1697 2842 ad

60 2865 419 2928 exomologesin
442 2865 720 2928 pervenire3
752 2866 875 2913 malo
902 2867 1025 2915 enim
1050 2864 1110 2912 ad
1135 2866 1371 2913 miseriam
1394 2867 1693 2930 pervenitur3

138 3035 222 3130 h1)
246 3033 383 3072 Latin.
408 3035 450 3071 et
473 3034 639 3073 Iunius:
666 3035 800 3082 quin.
925 3033 972 3089 2)
999 3036 1091 3085 Rig.
1115 3048 1138 3075 e
1162 3036 1252 3075 cod.
1276 3015 1546 3075 Dirionensi:
1573 3006 1692 3083 quill

28 3110 30 3113 ·
59 3095 115 3132 tu
176 3104 230 3131 os
256 3096 338 3131 cet.
