1942 3554
598 194 1183 234 APOLOGE‘rlcUS.
1633 195 1707 248 61

39 387 52 404 .-
74 339 262 402 negatis
308 337 480 395 licere,
535 336 642 400 quia
681 335 843 394 vultis,
899 352 991 383 non
1023 337 1131 401 quia
1171 335 1355 395 debuit,
1409 354 1503 384 non
1542 338 1710 390 liuere.

74 407 254 469 Quodsi
309 409 418 473 quia
470 423 562 454 non
615 404 787 464 debet,
858 404 967 454 ideo
1019 423 1113 454 non
1174 408 1312 455 vultis
1366 407 1539 467 licere,
1607 411 1710 458 sine

73 478 216 528 dubio
257 478 303 527 id
342 495 435 526 non
466 476 610 525 debet
646 477 820 536 licere,
877 477 1002 542 quod
1042 477 1161 532 male
1193 478 1267 536 fit,
1323 487 1372 526 et
1409 479 1570 544 utique
1617 480 1709 528 hoc

73 552 177 615 ipso
222 548 577 614 praeiudicatur
623 548 798 606 licere,
862 547 986 612 quod
1024 548 1146 596 bene
1185 548 1252 596 fit.
1336 548 1386 596 Si
1424 548 1598 597 bonum
1637 552 1709 598 in-

73 636 251 669 venero
292 635 423 678 esse,
470 616 595 683 quod
634 619 711 666 lex
749 627 829 666 tua
867 618 1130 682 prohibuit,
1177 635 1332 666 nonne
1366 635 1426 667 ex
1457 620 1538 667 illo
1569 634 1709 685 prae-

72 690 250 739 iudicio
287 689 543 755 prohibere
584 705 657 737 me
696 706 789 736 non
827 691 1069 754 potest¹)‚
1119 688 1244 753 quod
1281 690 1320 737 si
1362 690 1528 737 malum
1562 700 1706 750 esset,

71 763 173 810 iure
203 761 510 826 prohiberet?
570 759 622 807 Si
654 760 732 807 lex
765 769 841 807 tua
874 761 1074 818 erravit,
1108 769 1246 824 puto,
1280 760 1338 807 ab
1370 760 1558 808 homine
1592 778 1707 809 con-

68 841 211 897 cepta
249 840 345 891 est3
391 847 545 896 neque
587 832 710 879 enim
750 829 808 878 de
850 830 988 878 coelo
1028 831 1136 878 ruit.
1196 831 1436 879 Miramini
1470 832 1706 879 hominem

69 912 149 951 aut
187 918 352 951 errare
393 903 604 967 potuisse
645 903 691 949 in
738 903 847 966 lege
895 900 1165 960 condenda,
1228 910 1308 948 aut
1352 903 1612 965 resipuisse
1658 904 1705 950 in

19 1008 25 1011 κ
69 972 398 1037 reprobanda?
458 972 630 1021 Nonne
671 982 720 1020 et
763 973 909 1036 ipsius
947 971 1161 1037 Lycurgi
1208 973 1342 1036 leges
1387 990 1415 1020 a
1461 971 1706 1020 Lacedae-

67 1045 238 1092 moniis
270 1042 574 1103 emendatae,
626 1052 799 1092 tantum
831 1045 1016 1091 auctori
1050 1060 1135 1090 suo
1177 1042 1355 1090 doloris
1387 1045 1703 1102 incusserunt,

67 1123 120 1163 ut
171 1116 219 1162 in
264 1131 457 1163 secessu
503 1113 663 1163 inedia
709 1113 767 1162 de
815 1116 1071 1179 semetipso
1120 1113 1372 1161 iudicarit?
1437 1113 1608 1162 Nonne
1657 1112 1706 1164 et

68 1201 155 1234 vos
196 1185 407 1251 quotidie
448 1186 783 1250 experimentis
828 1185 1193 1247 illuminantibus
1240 1184 1461 1233 tenebras
1501 1186 1704 1250 antiqui-

67 1257 177 1304 tatis
208 1265 354 1304 totam
385 1257 509 1304 illam
541 1265 752 1304 veterem
786 1265 835 1304 et
866 1256 1158 1320 squalentem
1191 1256 1353 1303 silvam
1380 1256 1535 1320 legum
1567 1257 1703 1304 novis

66 1327 397 1391 principalium
422 1328 761 1391 rescriptorum
787 1335 834 1375 et
859 1326 1121 1374 edictorum
1141 1325 1389 1374 securibus
1415 1329 1642 1374 truncatis
1657 1328 1703 1388 2)

67 1405 118 1445 et
148 1397 383 1445 caeditis?
439 1397 610 1445 Nonne
642 1399 914 1445 vanissimas
946 1397 1112 1461 Papias
1144 1398 1302 1460 legeS‚
1354 1413 1472 1461 quae
1505 1406 1613 1444 ante
1645 1398 1700 1446 li-

65 1467 208 1515 beros
240 1470 416 1533 suscipi
450 1477 649 1532 cogunt,
682 1484 816 1532 quam
850 1468 996 1515 Iuliae
1012 1469 1057 1530 3)
1090 1469 1432 1514 matrimonium
1469 1468 1700 1526 contrahi,

36 1548 172 1603 post
217 1547 377 1587 tantae
416 1540 712 1586 auctoritatis
751 1547 1046 1586 senectutem
1085 1538 1189 1586 heri
1230 1537 1439 1588 Severus
1479 1547 1703 1586 constan-

65 1610 270 1674 tissimus
301 1610 564 1674 principum
597 1610 828 1657 exclusit?
874 1608 971 1657 Sed
1004 1619 1052 1657 et
1084 1608 1318 1656 iudicatos
1350 1618 1482 1656 retro
1514 1609 1561 1656 in
1593 1626 1703 1673 par·-

62 1680 326 1728 tes'secari
357 1698 384 1729 a
415 1679 732 1729 creditoribus
766 1680 898 1745 leges
931 1689 1092 1739 erant3
1151 1695 1385 1727 consensu
1426 1688 1583 1728 tamen
1618 1697 1702 1744 pu-

61 1750 188 1800 blico
222 1750 479 1800 crudelitas
518 1761 686 1815 postea
725 1768 862 1799 erasa
901 1760 975 1799 est
1014 1760 1062 1799 et
1101 1751 1147 1797 in
1187 1749 1382 1815 pudoris
1422 1759 1580 1798 notam
1623 1767 1703 1797 ca—

61 1823 172 1886 pitis
203 1838 358 1886 poena
389 1838 640 1880 conversa3
693 1821 924 1869 bonorum
958 1820 1164 1868 adhibita
1204 1822 1491 1884 proscriptio
1526 1822 1702 1868 suffun-

64 1891 179 1940 dere
211 1893 374 1940 maluit
403 1893 603 1940 hominis
635 1894 929 1956 sanguinem,
966 1890 1102 1956 quam
1135 1891 1396 1938 effundere.
1463 1891 1586 1950 Quot
1619 1891 1700 1939 ad-

63 1963 154 2015 buc
185 1962 321 2010 vobis
359 1961 688 2027 repurgandae
730 1963 864 2027 leges
905 1963 1074 2020 latent,
1133 1979 1246 2026 quas
1285 1979 1438 2026 neque
1472 1979 1700 2010 annorum

63 2049 307 2092 numerus,
355 2049 508 2098 neque
549 2033 845 2081 conditorum
880 2032 1087 2097 dignitas
1128 2033 1448 2091 commendat,
1500 2033 1586 2082 sed
1619 2050 1703 2081 ae-

63 2105 214 2168 quitas
246 2105 376 2152 sola?
428 2113 477 2152 et
515 2104 625 2152 ideo
667 2121 768 2151 cum
810 2105 998 2168 iniquae
1031 2113 1471 2169 recognoscuntur,
1527 2106 1698 2153 merito

63 2174 359 2234 damnantur,
394 2176 508 2223 licet
540 2174 774 2223 damnent.
824 2173 1070 2234 Quomodo
1104 2177 1286 2239 iniquas
1320 2174 1550 2222 dicimus?
1586 2177 1695 2234 imo,

61 2246 111 2294 si⁴
139 2261 309 2294 nomen
347 2247 567 2311 puniunt,
624 2248 762 2294 etiam
803 2247 982 2294 stultas.
1062 2245 1113 2294 Si
1159 2262 1275 2294 vero
1324 2247 1473 2304 facta,
1523 2263 1608 2294 cur
1651 2247 1699 2293 in

56 2315 198 2365 nobis
237 2316 296 2365 de
336 2318 439 2365 solo
479 2319 667 2365 nomine
706 2319 904 2381 puniunt
941 2318 1089 2375 facta,
1139 2333 1259 2381 quae
1298 2318 1345 2363 in
1387 2316 1490 2364 aliis
1525 2315 1583 2365 de
1616 2316 1700 2364 ad-

61 2388 228 2446 misso,
260 2404 354 2436 non
387 2387 446 2436 de
477 2389 666 2437 nomine
699 2388 897 2452 probata
930 2387 1187 2436 defendunt
1202 2389 1279 2450 4)?
1334 2387 1549 2435 Incestus
1580 2404 1695 2445 sum,

66 2473 151 2507 our
193 2475 286 2506 nou
330 2461 607 2524 requirunt?
657 2459 958 2518 infanticida,
1008 2476 1093 2507 cur
1138 2476 1231 2506 non
1279 2458 1597 2521 extorquent?
1650 2457 1698 2504 in

66 2527 205 2587 deos,
251 2531 299 2576 in
341 2546 564 2579 caesares
596 2530 771 2595 aliquid
811 2531 1076 2587 committo,
1133 2546 1217 2576 cur
1248 2545 1339 2575 non
1373 2526 1563 2586 audior,
1619 2528 1698 2592 qui

65 2597 235 2659 babeo,
267 2617 359 2665 quo
389 2603 598 2666 purger?
650 2601 790 2648 Nulla
822 2601 900 2648 lex
931 2609 1059 2647 vetat
1093 2599 1280 2657 discuti,
1318 2597 1443 2663 quod
1472 2598 1697 2662 prohibet

65 2668 271 2730 admitti3
329 2673 438 2736 quia
468 2687 621 2736 neque
653 2671 798 2719 iudex
829 2672 949 2718 iuste
989 2671 1260 2727 ulciscitur,
1311 2670 1402 2716 nisi
1435 2678 1696 2734 cognoscat

179 2783 224 2832 1)
256 2782 324 2824 Sic
343 2786 784 2835 cod.Lug‹1.,Heral‹1.
808 2789 850 2823 et
867 2785 1019 2832 Seml.;
1052 2785 1271 2822 Gelenius:
1304 2785 1571 2833 prohibuit
1599 2797 1695 2824 no·

66 2849 197 2886 men,
245 2851 304 2877 ex
337 2841 434 2879 illo
471 2843 751 2890 prohibere
782 2854 854 2880 me
886 2853 985 2880 nou
1017 2844 1210 2889 potest3
1241 2841 1398 2890 Rigalt.
1426 2845 1467 2879 et
1491 2843 1693 2879 Haverc.:

64 2904 156 2933 n.e.
175 2897 201 2932 i.
238 2897 545 2945 praeiudico
580 2899 856 2947 prohibere
894 2910 1000 2935 eam
1029 2910 1131 2937 non
1162 2910 1325 2946 posse.
1444 2898 1489 2945 2)
1521 2897 1693 2944 Pamel.,

66 2950 274 2990 Heraldus
307 2952 482 3000 aliique:
528 2956 817 3002 truncatis3
879 2954 1070 3004 Scaliger
1106 2957 1150 2993 et
1180 2955 1382 2994 Scriver.:
1429 2954 1694 3000 runcatis;

41 3007 218 3057 Rigalt.
250 3010 495 3058 rustati03
525 3013 704 3050 Haverc.
735 3012 983 3049 runcatis.
1074 3011 1119 3061 3)
1151 3013 1367 3051 VVouwer.
1388 3013 1515 3050 eMS.
1547 3022 1696 3058 quam

61 3065 231 3103 Iuliae
264 3066 578 3113 permittunt
603 3073 750 3107 matr.
777 3071 858 3106 etc.
974 3067 1016 3116 4)
1042 3069 1261 3107 VVouwer.
1292 3072 1333 3106 et
1359 3069 1536 3116 Rigalt:
1571 3078 1693 3114 pro-

6 3126 25 3154 ἲ·
63 3121 232 3160 banda
263 3122 547 3173 definiunt,
580 3126 785 3164 Haverc.:
821 3125 1081 3173 probanda
1113 3125 1422 3173 defendunt,
1464 3123 1696 3161 Heraldus:

0 3355 27 3397 r(
20 3291 33 3301 ,.
6 3215 13 3247 ’ν

62 3181 282 3228 probata
313 3179 616 3218 defendunt.

0 3432 90 3554 ἒς
