1942 3554
285 179 402 228 216
572 179 667 218 or:
706 175 892 216 FUGA
930 179 1003 216 IN
1041 168 1637 217 PERslzcuTioNss.

283 318 550 383 penderit'
540 336 584 364 in
618 319 772 381 ligno,
814 319 892 381 qui
915 318 959 375 1)
1002 326 1218 380 tanquam
1252 318 1355 364 ovis
1394 315 1454 364 ad
1484 317 1719 365 victimam
1751 316 1924 386 ductu}

285 399 380 446 est,
415 398 463 435 et
496 397 711 450 tanquam
744 404 893 451 agnus
925 396 1035 434 ante
1067 386 1364 445 tondentem,
1397 388 1466 434 sic
1498 404 1591 435 non
1622 389 1808 452 aperuit
1840 406 1918 449 os*

285 458 369 507 sed
400 459 559 521 posuit
589 457 776 504 dorsum
809 474 938 504 suum
971 458 1018 503 in
1049 457 1258 522 flagella,
1307 458 1519 506 maxillas
1557 467 1712 506 autem
1743 459 1789 505 in
1820 457 1921 522 palis·

285 545 403 586 mas,
443 537 492 575 et
522 528 694 574 faciem
727 544 819 573 non
853 528 1024 574 avertit
1054 543 1082 573 a
1112 528 1465 591 sputaminibus,
1499 537 1550 575 et
1579 529 1704 576 inter
1733 530 1926 592 iniquo&

286 598 534 661 deputatus
567 607 660 655 est,
702 606 750 645 et
781 596 978 644 traditus
1012 606 1085 645 est
1115 599 1161 644 in
1193 607 1411 656 mortem,
1439 599 1483 660 2)
1535 607 1733 648 mortem
1765 592 1930 648 anteiit

286 670 459 716 crucis·
533 669 701 715 Totum
747 668 863 726 hoc,
918 677 969 714 ut
1014 685 1100 715 nos
1146 685 1173 714 a
1218 669 1430 732 peccatis
1478 669 1758 717 lucraretur.
1837 664 1933 725 Soi‘

286 741 436 787 cessit
482 738 604 786 diem
653 739 903 802 emptionis
951 748 1166 797 nostrae,
1221 738 1343 803 apud
1381 739 1561 786 inferos
1609 740 1933 803 emancipatiow

284 819 446 857 nostra
478 818 552 856 est
582 819 630 856 et
660 810 898 872 stipulatio
933 818 1094 856 nostra
1133 811 1179 856 in
1218 810 1393 857 coelis:
1416 809 1464 869 3)
1514 809 1784 858 sublevatae
1818 813 1933 858 sunt*

283 889 451 944 portae
483 881 826 943 sempitelnae,
875 889 925 926 ut
955 881 1178 927 introiret
1209 896 1295 927 rex
1327 881 1533 944 gloriae,
1582 879 1795 927 dominus
1826 881 1925 927 vir·

283 959 460 1008 tutum,
519 950 753 997 hominem
803 949 860 997 de
913 952 1071 1008 terris,
1127 951 1220 996 imo
1262 950 1317 997 ab
1358 951 1546 1009 inferis,
1595 959 1830 998 mercatus
1875 951 1933 998 iu

288 1022 468 1069 coelos.
534 1020 646 1079 Quis
680 1030 753 1067 est
783 1037 927 1079 nunc,
973 1022 1050 1084 qui
1083 1019 1308 1068 adversus
1339 1017 1465 1067 illum
1497 1021 1780 1079 reluctatur,
1830 1022 1929 1068 imo·

287 1090 524 1155 depretiat
563 1100 611 1138 et
649 1090 919 1139 mercedem
960 1092 1061 1138 eius
1092 1100 1184 1137 tam
1223 1107 1393 1152 magno
1427 1099 1767 1155 comparatam,
1816 1106 1924 1155 pie-¹

285 1162 541 1208 tiosissimo
574 1161 762 1208 scilicet
794 1162 1046 1224 sanguine,
1082 1161 1424 1207 commaculat?
1483 1160 1575 1207 Iam
1610 1176 1726 1224 ergo
1758 1161 1937 1219 melius*

286 1232 480 1294 sugere,
530 1247 665 1295 quam
711 1231 815 1278 fieri
863 1231 1098 1288 viliorem,
1154 1231 1193 1277 si
1239 1247 1331 1276 non
1377 1238 1508 1277 tanto
1554 1230 1643 1278 sihi
1691 1230 1932 1279 constabitz

287 1302 452 1358 homo,
502 1302 660 1364 quanti
700 1302 915 1348 constitit
947 1300 1153 1349 domino.
1228 1299 1289 1347 Et
1319 1299 1534 1348 dominus
1574 1300 1760 1365 quidem
1800 1302 1937 1363 illum»

289 1371 492 1420 redemit
521 1372 578 1418 ab
611 1371 794 1435 angelis
833 1370 1262 1419 munditenentibus
1298 1371 1634 1435 potestatibus,
1681 1389 1707 1419 a
1739 1372 1926 1435 spirita*

289 1443 411 1490 libus
444 1443 707 1507 nequitiae,
762 1459 789 1489 a
827 1442 1039 1489 tenebris
1078 1442 1214 1488 huius
1253 1442 1382 1500 aevi,
1429 1459 1456 1489 a
1493 1441 1671 1489 iudicio
1710 1438 1938 1502 aeterno}⁴

289 1530 315 1561 a
348 1522 499 1560 morte
533 1522 778 1576 perpetua.
854 1513 922 1559 Tu
962 1522 1117 1559 autem
1155 1528 1241 1575 pro
1275 1528 1333 1559 eo
1364 1513 1622 1575 pacisceris
1655 1529 1758 1560 cum
1799 1512 1927 1560 dela}

289 1592 397 1631 tore
430 1584 507 1631 vel
539 1583 685 1630 milite
717 1584 793 1631 vel
824 1583 1072 1630 furunculo
1106 1583 1263 1646 aliquo
1296 1582 1540 1646 praeside,
1574 1583 1658 1630 sub
1690 1584 1848 1630 tunica
1881 1583 1936 1631 e!

292 1655 410 1712 sinu,
446 1652 572 1717 quod
603 1655 753 1711 aiunt,
787 1663 837 1700 ut
867 1654 1064 1712 furtivo,
1100 1669 1235 1716 quem
1270 1669 1429 1700 coram
1462 1661 1562 1699 toto
1594 1652 1765 1700 mundo
1795 1653 1928 1700 Chr-i·

291 1734 390 1773 stus
439 1725 572 1782 emit,
622 1726 713 1771 imo
761 1733 809 1771 et
854 1724 1134 1771 manumisit.
1212 1723 1346 1770 Hunc
1387 1739 1504 1786 ergo
1544 1722 1741 1770 liberum
1772 1725 1928 1787 pretio

292 1794 588 1852 aestimabis,
636 1803 685 1841 et
722 1795 875 1857 pretio
908 1793 1206 1857 possidebis,
1261 1794 1353 1840 nisi
1395 1793 1587 1851 eodem,
1636 1802 1834 1858 quanto,
1880 1800 1930 1841 ut

294 1864 518 1922 diximus,
560 1863 748 1911 domino
783 1865 1015 1923 constitit,
1058 1864 1286 1926 sanguine
1319 1880 1404 1910 suo
1443 1863 1661 1912 scilicet?
1721 1863 1782 1912 Ut
1819 1858 1930 1928 quid

295 1952 413 1999 ergo
448 1934 727 1983 de—homine
762 1934 995 1983 Christum
1029 1934 1221 1982 redimis
1253 1935 1298 1980 in
1333 1935 1542 1992 homine,
1589 1935 1635 1981 in
1669 1951 1759 1999 quo
1794 1934 1928 1982 Chris

296 2015 395 2053 stus
429 2008 537 2052 est?
595 2005 703 2053 Non
735 2006 877 2053 aliter
909 2015 957 2053 et
989 2004 1150 2052 Simon
1184 2005 1346 2052 facere
1379 2006 1600 2063 tentavit,
1650 2022 1753 2052 cum
1783 2003 1930 2069 pecu}

294 2078 417 2123 niam
449 2076 692 2140 Apostolis
726 2076 892 2123 obtulit
924 2093 1012 2138 pro
1054 2077 1217 2138 spiritu
1253 2075 1442 2123 Christi.
1516 2074 1695 2123 Audiet
1733 2092 1851 2139 ergo
1885 2079 1931 2123 e't

295 2148 387 2193 iste
422 2147 498 2209 qui
530 2161 580 2192 se
614 2145 852 2194 redimens
887 2146 1063 2193 Christi
1095 2147 1306 2209 spiritum
1338 2145 1561 2193 redemit:
1613 2146 1822 2194 Pecunia
1853 2151 1932 2194 tua‘

296 2225 455 2264 tecum
486 2217 547 2262 sit
578 2217 623 2261 in
657 2218 919 2274 interitum,
970 2218 1186 2279 quoniam
1231 2218 1428 2278 gratiam
1462 2215 1539 2263 dei
1570 2217 1727 2280 pretio
1761 2224 1932 2264 conse-5

297 2285 529 2351 quendam
563 2287 755 2349 putasti.
780 2286 829 2349 4)
905 2285 1017 2344 Quis
1049 2295 1204 2332 tamen
1246 2286 1584 2348 abnegatorem
1608 2287 1653 2346 ⁵)
1708 2287 1936 2350 spernat}

300 2356 423 2416 Quid
456 2357 578 2405 enim
612 2355 727 2403 dicit
758 2356 838 2402 ille
872 2358 1160 2403 concussor?
1229 2356 1299 2402 Da
1332 2356 1440 2401 mihi
1473 2357 1743 2419 pecuniam,
1800 2364 1935 2405 certe

299 2443 359 2475 ne
407 2443 511 2475 eum
558 2425 735 2473 tradat:
782 2425 1011 2490 siquidem
1052 2443 1143 2472 non
1184 2424 1309 2472 aliud
1348 2425 1580 2485 venditat,
1629 2443 1765 2491 quam
1809 2419 1933 2491 quod

299 2507 623 2562 praestaturus
655 2506 728 2545 est
757 2498 966 2560 praemio
999 2506 1096 2543 tuo.
1159 2495 1272 2543 Cum
1307 2495 1411 2553 daS,
1445 2498 1606 2560 utique
1639 2514 1698 2545 ne
1731 2496 1936 2546 tradarifi

299 2569 518 2628 voluisti,
576 2585 667 2615 non
713 2566 912 2615 traditus
959 2576 1150 2623 autem,
1192 2566 1378 2614 traduci
1424 2567 1646 2615 habebas.
1673 2567 1720 2632 ⁶)
1801 2562 1938 2631 Erge}

302 2638 409 2686 dum
441 2638 646 2686 nolendo
679 2637 800 2685 tradi
832 2654 924 2685 non
955 2638 1024 2686 vis
1055 2636 1261 2695 traduci,
1309 2637 1513 2685 nolendo
1554 2639 1760 2702 negasti,
1809 2634 1938 2756 quoq

304 2719 350 2757 te
400 2726 505 2757 esse
552 2708 735 2756 traduci
784 2709 991 2755 noluisti.
1069 2708 1190 2765 Imo,
1239 2709 1412 2770 inquis,
1462 2708 1565 2755 dum
1606 2709 1716 2756 nolo
1749 2708 1929 2762 traduc„

303 2779 429 2843 quod
468 2797 590 2837 sum,
648 2781 893 2826 confessus
940 2779 987 2825 id
1033 2794 1137 2826 esse
1178 2778 1298 2842 quod
1340 2780 1449 2825 nolo
1490 2777 1696 2834 traduci,
1751 2779 1794 2826 id
1844 2774 1942 2848 estssf

423 2974 467 3022 1)
501 2977 580 3012 les.
599 2978 665 3023 53,
687 2978 725 3012 7.
830 2977 875 3026 2)
906 2975 1012 3013 Phil.
1033 2978 1071 3025 2,
1093 2978 1129 3014 8.
1234 2976 1278 3021 3)
1310 2977 1374 3012 Ps.
1398 2979 1465 3024 23,
1494 2979 1531 3016 7.
1631 2974 1673 3025 4)
1703 2978 1794 3014 Act.
1811 2978 1848 3023 8,
1869 2978 1939 3033 2⁰,

309 3029 466 3081 5)Rig.:
487 3032 786 3074 Quistalem
814 3036 991 3081 abneg.
1009 3034 1151 3080 sp.31
1156 3034 1233 3069 aa:
1255 3032 1384 3075 Quis
1407 3036 1577 3071 tamen
1601 3034 1658 3070 ab
1682 3019 1939 3081 negatore¹

306 3100 412 3125 rein
457 3090 558 3135 sps?
692 3090 743 3135 6)
790 3091 904 3127 Lat.:
945 3101 1036 3126 nec
1080 3089 1285 3126 traduci
1324 3089 1563 3128 habebas.
1622 3090 1685 3128 Al.
1725 3086 1941 3157 traduc}

306 3145 565 3182 habebas?

1900 3375 1942 3554 amat-'-
1929 3206 1932 3210 -
1935 3164 1937 3166 .
