1942 3554
245 192 323 243 ,ω
783 187 865 225 DE
902 187 1348 226 ercmaoUms.

253 338 407 376 tamen
449 328 647 374 nominis
688 326 890 390 dignitas
931 325 1230 373 idololatriae
1273 326 1466 372 crimine
1507 334 1749 385 teneatur,
1794 330 1886 377 ne-?
1919 326 1921 328 ’

255 413 391 446 cesse
426 406 519 452 est,
570 395 793 460 quidquid
835 395 1073 460 dignitatis
1105 396 1292 443 nomine
1333 393 1704 455 administratur,
1752 413 1881 444 com·
1918 433 1922 455 2

253 469 463 515 munieet
505 468 643 514 etiam
683 467 890 513 maculas
932 467 1058 525 eius,
1108 483 1134 513 a
1174 481 1262 529 qua
1294 465 1436 513 habet
1467 481 1672 514 caussas.
1750 465 1882 514 Idem

257 537 315 585 de
364 536 665 601 apparatibus
711 536 1128 599 interpretabimur
1170 536 1218 582 in
1256 537 1460 600 ipsorum
1499 535 1730 584 honorum
1771 553 1884 600 sug-

254 617 397 671 gestu
431 605 736 671 deputandis,
778 605 900 671 quod
927 622 1190 670 purpurae,
1232 604 1358 670 quod
1389 606 1590 664 fasciae,
1638 605 1763 670 quod
1792 608 1884 654 *vit-
1938 634 1941 635 ν

257 687 360 735 tae,
401 675 527 741 quod
561 693 792 734 coronae,
838 675 965 740 'quod
997 675 1198 740 denique
1232 677 1490 724 conciones
1522 685 1571 723 et
1602 674 1782 734 edicta,
1836 685 1885 724 et
1920 694 1922 698 ⁸

256 748 413 812 pultes
445 746 686 810 pridianae
728 748 829 794 sine
862 763 1029 809 pompa
1069 745 1267 804 diaboli,
1315 747 1415 793 sine
1455 747 1732 794 invitatione
1773 742 1884 794 dae·

261 834 447 864 monum
494 834 586 863 non
628 825 752 863 sunt.
834 815 953 875 Quid
993 833 1108 880 ergo
1150 816 1208 863 de
1249 815 1443 863 horrido
1492 816 1599 863 loco
1640 831 1880 879 perorem,

261 904 398 951 quem
431 903 519 934 nec
551 887 759 951 periuria
793 887 1051 934 sustinent?
1087 886 1296 950 pluribus
1330 887 1450 933 enim
1484 895 1532 934 et
1562 886 1887 949 asperioribus

262 956 525 1004 numinibus
572 956 958 1020 amphitheatrum
1008 965 1335 1013 consecratur,
1399 972 1532 1019 quam
1581 955 1908 1019 Capitolium:.,

262 1028 467 1074 omnium
500 1026 775 1074 daemonum
811 1027 1028 1090 templum
1062 1035 1151 1073 est.
1201 1027 1292 1072 Tot
1322 1026 1419 1073 illic
1449 1025 1672 1073 immundi
1698 1026 1888 1091 spiritus

264 1097 542 1154 considunt,
597 1106 710 1161 quot
741 1097 952 1143 homines
993 1097 1135 1160 capit.
1216 1095 1275 1143 Ut
1314 1104 1362 1143 et
1393 1095 1451 1142 de
1483 1095 1663 1143 artibus
1696 1095 1894 1143 conclu--

263 1166 394 1225 dam,
431 1167 628 1214 Martem
663 1175 710 1214 et
742 1166 937 1214 Dianam
969 1168 1213 1230 utriusque
1246 1164 1343 1212 ludi
1373 1165 1622 1230 praesides
1653 1167 1919 1228 novimusq·

417 1241 493 1287 13.
539 1238 688 1294 Satis,
731 1238 920 1299 opinor,
961 1237 1251 1299 implevimus
1283 1235 1519 1293 ordinem,
1566 1244 1681 1300 quot
1711 1245 1760 1283 et
1789 1229 1917 1354 qui-3

267 1308 350 1354 bus
384 1306 534 1353 modis
568 1307 841 1370 spectacula
871 1305 1184 1353 idololatriam
1225 1307 1539 1363 committant,
1597 1304 1655 1354 de
1695 1306 1922 1370 origini-'

264 1378 376 1434 bus,
432 1376 490 1423 de
537 1377 709 1433 titulis,
759 1375 816 1423 de
856 1375 1179 1439 apparatibus,
1226 1375 1285 1423 de
1326 1376 1466 1434 locis,
1521 1375 1579 1423 de
1619 1371 1918 1460 sacrificiisg}

266 1465 358 1512 quo
380 1449 419 1508 ι)
454 1448 572 1494 certi
605 1463 782 1503 sumus,
816 1447 939 1492 nulla
971 1461 1030 1493 ex
1059 1454 1193 1509 parte
1227 1455 1499 1509 competere
1531 1445 1668 1493 nobis
1700 1462 1780 1504 ea,
1815 1444 1919 1510 qui-,3

268 1518 338 1564 bis
378 1514 517 1563 idolis
555 1517 957 1563 renunciavimus:
1012 1532 1103 1562 non
1144 1514 1269 1580 quod
1301 1515 1476 1563 idolum
1507 1518 1568 1563 sit
1598 1515 1797 1580 aliquid,
1844 1495 1920 1588 utg

268 1587 510 1651 apostolus
543 1587 692 1648 a1t2),
741 1584 826 1632 sed
860 1585 982 1650 quod
1016 1602 1134 1649 quae
1173 1587 1373 1644 faciunt,
1407 1586 1668 1634 daemoniis
1699 1585 1921 1653 factunm

269 1656 636 1704 consistentibus
684 1656 870 1703 scilicet
922 1657 966 1703 in
1023 1656 1460 1704 consecrationibus
1514 1655 1746 1704 idolorum
1793 1655 1918 1728 εἰνθξ

269 1736 581 1783 mortuorum,
635 1728 760 1784 sive,
817 1735 867 1773 ut
899 1735 1090 1807 putant,
1139 1725 1346 1773 deorum.
1422 1725 1700 1808 Propterea
1731 1727 1919 1790 igitur

268 1798 486 1862 quoniam
533 1805 731 1860 utraque
780 1798 966 1859 species
1012 1795 1244 1843 idolorum
1291 1795 1578 1844 conditionis
1625 1797 1759 1844 unius
1807 1803 1918 1887 ests}

271 1867 377 1914 dum
411 1868 580 1915 mortui
614 1876 662 1913 et
693 1866 756 1912 dii
790 1883 925 1912 unum
959 1876 1090 1925 sunt,
1146 1876 1341 1930 utraque
1382 1865 1653 1914 idololatria
1690 1859 1917 1938 abstine-J.

273 1954 393 1994 mus,
435 1952 523 1983 nec
555 1938 703 1983 minus
736 1937 906 2000 templa
939 1953 1073 2000 quam
1105 1945 1403 1984 monumenta
1442 1935 1733 2000 despuimus;
1781 1951 1906 1984 neu-

271 2017 388 2054 tram
421 2023 547 2054 aram
580 2008 816 2062 novimus,
871 2016 1080 2053 neutram
1124 2007 1330 2070 effigiem
1369 2003 1643 2065 adoramuS‚
1698 2023 1791 2054 ιιοιι
1822 2023 1922 2054 sa-

273 2077 558 2132 crificamus,
615 2093 706 2122 non
746 2085 1068 2138 parentamus,
1124 2076 1204 2124 sed
1248 2093 1399 2140 neque
1442 2077 1500 2124 de
1540 2076 1809 2124 sacrificato
1850 2083 1920 2124 et

271 2155 520 2210 parentato
555 2144 758 2202 edimus,
793 2147 899 2208 quia
929 2163 1021 2192 non
1056 2162 1297 2209 possumus
1332 2162 1527 2194 coenam
1561 2145 1639 2193 dei
1671 2145 1816 2194 edere
1849 2153 1908 2193 et

271 2231 468 2263 coenam
504 2214 936 2276 daemoniorumss).
996 2215 1046 2262 Si
1079 2232 1194 2278 ergo
1229 2216 1382 2278 gulam
1416 2224 1464 2263 et
1494 2225 1704 2263 ventrem
1737 2216 1795 2263 ab
1827 2218 1917 2264 iu-‘

271 2286 585 2350 quinamentis
634 2285 918 2340 liberamus,
984 2294 1155 2348 quanto
1203 2287 1350 2348 magis
1396 2287 1670 2349 augustiora
1716 2278 1917 2344 nostra,¹

273 2355 440 2403 oculos
474 2364 522 2403 et
552 2371 715 2412 aures,
762 2354 819 2401 ab
859 2353 1135 2418 idolothytis
1169 2364 1216 2402 et
1247 2356 1541 2420 necrothytis
1580 2356 1915 2421 voluptatibus}

274 2426 583 2482 abstinemus,
632 2439 749 2488 quae
791 2441 881 2470 non
921 2425 1153 2471 intestinis
1195 2427 1533 2489 transiguntur,
1583 2426 1668 2474 sed
1706 2428 1752 2474 in
1792 2427 1910 2491 ipso

275 2497 441 2559 spiritu
489 2503 537 2543 et
581 2497 735 2542 anima
783 2493 1079 2575 digeruntur,
1136 2511 1329 2558 quotum
1375 2495 1598 2544 munditia
1644 2498 1792 2560 magis
1838 2494 1919 2544 ad

276 2565 412 2612 deum
444 2566 672 2628 pertinet,
707 2580 840 2628 quam
872 2565 1219 2612 intestinorum.

421 2639 500 2685 14.
540 2634 678 2682 Nunc
711 2635 991 2699 inte1posito
1023 2637 1208 2683 nomine
1242 2635 1556 2694 idololatriae,
1592 2635 1716 2700 quod
1747 2600 1916 2683 solum

275 2705 536 2754 subiectum
568 2706 789 2752 sufficere
823 2705 1019 2753 deberet
1049 2704 1108 2752 ad
1133 2705 1477 2753 abdicationem
1503 2707 1918 2788 spectaculorum,

275 2776 403 2823 alia
390 2790 479 2821 iam
504 2777 687 2822 ratione
713 2785 966 2823 tractemus
993 2790 1053 2823 ex
1077 2775 1352 2823 abundanti:
1384 2784 1579 2840 propter
1595 2792 1679 2824 eos
1698 2777 1896 2824 maxime

277 2845 356 2909 qui
390 2844 478 2892 sibi
511 2844 835 2904 blandiuntur,
888 2845 1010 2910 quod
1051 2860 1140 2893 ιιοιι
1182 2848 1450 2893 nominatim
1488 2847 1767 2895 abstinentia
1807 2847 1895 2893 ista

276 2962 395 2972 ...ιι-

394 3029 437 3072 1)
468 3027 676 3075 Rigaltius
695 3032 735 3065 et
753 3029 931 3068 Semler:
965 3030 1020 3067 de
1051 3030 1198 3068 locis.
1260 3031 1329 3067 De
1361 3031 1661 3069 sacrificiis
1693 3029 1894 3078 quidem

278 3084 415 3122 certi
446 3095 617 3120 suiuus
651 3089 731 3121 ate.
792 3085 859 3122 Fr.
886 3088 1028 3123 [unius
1054 3087 1162 3124 coni.
1193 3087 1248 3124 de
1280 3087 1557 3124 artificiis.
1681 3084 1722 3132 2)
1754 3087 1776 3122 1
1802 3086 1897 3122 Cor.

279 3141 462 3185 81410,
484 3142 547 3175 ιο.
569 3142 630 3175 20.
750 3143 792 3188 3)
829 3144 846 3177 1
869 3143 962 3179 Cor.
981 3145 1047 3190 10,
1066 3144 1131 3180 21.
