1942 3554
1868 0 1926 161 l

310 225 439 270 164
885 223 966 261 DE
997 221 1337 259 PUDICITIA.

312 341 383 386 ius
426 337 537 383 boni
583 335 765 381 fibulam
805 335 904 396 quis
941 335 1066 380 illum
1104 334 1284 379 nesciat
1327 332 1515 378 invitum
1559 331 1819 390 relaxasse,
1864 331 1919 379 uf

311 406 613 454 fornicationi
645 405 826 451 obviam
857 405 983 460 isset,
1018 419 1150 466 quam
1182 404 1220 448 si
1253 403 1326 448 cui
1357 400 1556 448 indulsit.
1581 402 1655 448 vel
1687 401 1913 464 indulget,

309 478 466 539 utique
515 475 756 521 consilium
801 473 996 520 remedii
1040 474 1110 519 sui
1154 473 1359 534 infregit.
1447 471 1508 518 Et
1550 472 1785 520 tenebitur
1828 473 1919 522 iam

309 544 548 593 frenandis
580 546 896 590 continentiae
930 544 1173 605 coniugiis,
1206 544 1243 589 si
1274 543 1540 599 fornicatio,
1574 542 1632 589 ob
1655 558 1786 605 quam
1810 557 1918 607 per-y

310 618 572 670 mittuntur,
614 631 706 661 non
738 614 987 660 timebitur.
1048 612 1156 659 Non
1188 613 1307 659 enim
1338 612 1595 669 timebitur,
1637 627 1754 693 quae
1785 603 1920 683 igno}

311 695 482 733 scetur.
544 684 606 731 Et
635 693 789 731 tamen
821 685 1055 746 ignovisse
1088 699 1137 730 se
1170 683 1419 746 profitetur
1456 683 1735 729 matrimonii
1772 699 1825 729 us

310 773 403 802 non
442 757 711 818 imperasse.
772 754 885 801 Vult
923 755 1042 801 enim
1083 769 1242 800 omnes
1280 753 1367 799 sibi
1406 751 1682 799 adhaerere.
1752 749 1803 798 Si
1828 697 1922 801 '31¹3

310 836 403 873 tem
435 827 563 872 licita
594 826 921 887 ignoscuntur,
969 825 1133 870 illicita
1173 824 1248 887 qui
1287 825 1506 886 sperant?
1563 823 1770 886 Innuptis
1809 815 1930 886 quossv

312 913 399 960 que
432 904 480 942 et
514 894 664 942 viduis
701 896 871 943 bonum
910 911 1012 941 esse
1060 893 1182 954 dicitv
1206 894 1419 956 exemplo
1460 894 1559 940 eius
1596 908 1921 956 perseverare.

313 967 363 1013 Si
392 982 504 1013 vero
537 965 810 1022 deficerent,
843 965 1034 1020 nubere,
1068 965 1173 1027 quia
1201 972 1391 1027 praeest
1420 963 1595 1010 nubere
1621 978 1754 1026 quam
1776 964 1923 1022 uri1).

314 1036 502 1095 Quibus,
537 1053 645 1092 oro,
692 1036 876 1098 ignibus
908 1034 1114 1082 deterius
1146 1042 1217 1080 est
1246 1035 1340 1090 uri,
1382 1033 1816 1096 concupiscentiae,
1864 1049 1924 1079 an

310 1109 523 1172 poenae?
551 1105 726 1168 Atquin
757 1107 795 1151 si
826 1106 1076 1151 fornicatio
1108 1104 1251 1149 habet
1278 1105 1476 1159 veniam,
1509 1119 1601 1150 ιιοιι
1625 1104 1717 1150 erit
1731 1104 1776 1163 2)
1811 1119 1925 1150 con-

313 1176 603 1239 cupiscentia
634 1176 748 1221 eius.
807 1173 1024 1238 Apostoli
1057 1182 1210 1219 autem
1241 1173 1388 1234 magis
1426 1181 1498 1218 est
1526 1181 1729 1235 poenae
1740 1173 1924 1236 ignibus

310 1245 577 1312 providere.
642 1243 775 1303 Quod
806 1246 844 1290 si
874 1260 1027 1306 poena
1058 1251 1143 1300 est,
1179 1258 1295 1305 quae
1328 1243 1434 1298 urit,
1468 1257 1584 1304 ergo
1615 1243 1798 1290 veniam
1830 1259 1924 1289 non

311 1317 456 1364 habet
484 1316 755 1372 fornicatio,
790 1331 923 1377 quam
955 1321 1111 1360 manet
1140 1328 1307 1375 poena.
1370 1311 1558 1359 Interea
1595 1321 1645 1360 et
1674 1311 1937 1361 divortium

312 1386 582 1452 prohibens,
601 1402 686 1449 pro
720 1401 777 1432 eo
810 1393 890 1431 aut
916 1383 1154 1430 viduitatis
1183 1384 1579 1446 perseverantiam
1610 1391 1690 1430 aut
1711 1383 1929 1430 reconci-

313 1458 552 1504 liationem
568 1457 698 1519 pacis
716 1455 951 1502 dominico
969 1462 1225 1518 praecepto
1243 1452 1465 1499 adversus
1482 1453 1741 1500 moechiam
1757 1469 1928 1517 procu·

314 1537 403 1585 rat,
424 1529 553 1590 quia:
587 1527 662 1589 qui
683 1525 909 1579 dimiserit
925 1540 1116 1571 uxorem
1133 1532 1325 1587 praeter
1343 1539 1551 1573 caussam
1576 1523 1835 1581 moechiae,
1859 1523 1929 1571 fa-

317 1600 382 1646 cit
398 1614 499 1644 eam
524 1596 778 1652 moechari,
807 1604 856 1642 et
880 1596 954 1658 qui
980 1594 1210 1641 dimissam
1229 1610 1255 1640 a
1277 1594 1378 1640 viro
1405 1592 1547 1650 ducit,
1575 1594 1848 1640 moechatur
1861 1594 1927 1653 ³).

318 1669 498 1727 Quanta
515 1666 722 1714 remedia
748 1666 934 1729 spiritus
959 1673 1145 1711 sanctus
1161 1665 1400 1720 instaurat,
1428 1680 1486 1711 ne
1504 1662 1551 1710 id
1568 1664 1752 1711 scilicet
1777 1663 1941 1711 denuo-

314 1738 600 1794 admittatur,
637 1735 758 1800 quod
790 1737 971 1798 ignosci
1004 1734 1155 1782 denuo
1183 1750 1275 1780 non
1304 1735 1432 1780 vult?
1476 1733 1571 1780 Iam
1601 1735 1640 1780 si
1670 1750 1928 1798 usquequa-

317 1826 405 1873 que
439 1809 657 1872 optimum
696 1806 812 1853 dicit
848 1806 1025 1861 homini
1061 1806 1128 1852 sic
1168 1821 1295 1851 esse:
1356 1805 1539 1851 iunctus
1577 1820 1627 1851 es
1664 1806 1824 1861 uxori,
1870 1819 1928 1852 ne

318 1880 578 1943 quaesieris
609 1878 901 1933 solutionem,
935 1884 986 1922 ut
1014 1875 1257 1923 moechiae
1290 1875 1445 1924 locum
1467 1891 1571 1929 *non
1603 1873 1710 1933 des3
1750 1875 1929 1922 solutus

317 1967 368 1998 es
399 1950 459 1998 ab
489 1964 659 2002 uxore,
699 1964 756 1994 ne
791 1947 1046 2010 quaesieris
1077 1962 1293 2003 uxorem,
1340 1955 1391 1992 ut
1420 1946 1814 2009 opportunitatem
1845 1944 1928 1993 tibi

317 2036 492 2068 serves.
556 2016 690 2076 Quod
727 2027 775 2064 et
805 2018 843 2064 si
875 2016 1063 2064 duxeris
1101 2033 1319 2074 uxorem,
1367 2025 1416 2064 et
1453 2017 1492 2063 si
1531 2017 1742 2080 nupserit
1777 2017 1927 2078 virgo,

317 2108 411 2137 non
448 2098 639 2153 peccat,
686 2104 950 2151 pressuram
989 2097 1143 2134 tamen
1191 2088 1343 2133 carnis
1380 2086 1620 2134 habebunt
1654 2084 1927 2133 huiusmodi.

317 2161 379 2207 Et
423 2161 497 2206 bic
544 2158 782 2222 parcendo
828 2158 1070 2221 permittit.
1149 2157 1366 2203 Ceterum
1411 2165 1590 2219 tenipus
1634 2157 1681 2203 in
1728 2157 1928 2204 collecto

320 2231 574 2285 constituit,
601 2238 649 2274 ut
672 2237 720 2274 et
751 2230 825 2290 qui
855 2228 1028 2274 habent
1058 2244 1243 2283 uxores,
1263 2228 1329 2273 sic
1361 2228 1453 2273 sint
1482 2235 1696 2290 tanquam
1724 2243 1819 2273 non
1849 2227 1926 2273 ha·

316 2302 499 2349 bentes.
561 2298 796 2345 Praeterit
834 2298 955 2344 enim
1000 2298 1182 2344 habitus
1213 2297 1346 2343 huius
1387 2295 1567 2352 mundi,
1602 2297 1703 2342 'iam
1749 2297 1926 2343 scilicet

318 2387 410 2418 non
457 2368 791 2416 desiderantis:
855 2368 1056 2414 crescite
1103 2376 1151 2413 et
1194 2366 1641 2428 multiplicamini4).
1712 2363 1791 2412 Sic
1837 2366 1926 2413 vult

319 2457 405 2488 nos
436 2449 627 2504 praeter
658 2437 1018 2487 sollicitudinem
1051 2436 1250 2499 degere,
1284 2438 1390 2500 quia
1415 2434 1607 2499 ¹innupti
1645 2435 1702 2482 de
1744 2435 1926 2483 domino

321 2520 502 2569 curent,
536 2508 766 2574 quomodo
799 2509 1017 2572 placeant
1047 2507 1158 2564 deo,
1192 2508 1320 2570 nupti
1349 2523 1463 2554 vero
1497 2505 1554 2553 de
1593 2505 1762 2553 mundo
1794 2523 1925 2554 reco—

321 2583 486 2645 gitent,
521 2579 750 2644 quomodo
783 2580 1002 2642 placeant
1033 2579 1268 2640 coniugio·
1325 2575 1404 2624 Sic
1436 2577 1599 2623 melius
1630 2577 1790 2624 facere
1821 2592 1925 2640 pro—

320 2654 501 2699 nuntiat
536 2651 733 2713 virginis
765 2658 1167 2706 conservatorem,
1217 2664 1349 2711 quam
1389 2656 1706 2710 erogatorem.
1770 2645 1849 2694 Sic
1883 2655 1936 2694 ei·

321 2724 446 2770 illam
476 2723 736 2769 beatiorem
769 2719 1004 2776 decernit,
1052 2735 1168 2782 quae
1207 2720 1373 2765 amisso
1411 2719 1513 2764 viro
1554 2716 1691 2764 fidem
1721 2718 1926 2780 ingressa

323 2794 549 2839 amaverit
579 2793 876 2838 occasionem
913 2788 1165 2837 viduitatis.
1228 2787 1306 2835 Sic
1344 2788 1462 2835 haec
1502 2788 1654 2834 omnia
1692 2789 1925 2835 continen-

323 2864 417 2909 tiae
458 2863 652 2909 consilia
696 2871 746 2908 ut
790 2860 943 2907 divina
989 2858 1302 2918 commendat3
1348 2867 1483 2922 put0,
1531 2858 1700 2921 inquit,
1747 2866 1796 2904 et
1840 2872 1925 2923 ego

325 2934 531 2996 spiritum
572 2931 647 2979 dei
685 2932 837 2979 habeo
854 2932 917 2992 ⁵).
981 2930 1089 2989 Quis
1127 2932 1215 2978 iste
1256 2939 1327 2978 est
1356 2937 1565 2976 assertor
1600 2926 1924 2990 audacissimus

437 3098 482 3155 1)
501 3103 522 3137 1
541 3103 633 3140 Cor.
652 3104 690 3150 7,
709 3104 844 3139 6—9.
974 3099 1019 3154 2)
1038 3104 1069 3139 I
1080 3101 1179 3142 atin.
1197 3104 1239 3139 et
1254 3101 1345 3149 Rig.
1375 3111 1472 3137 ιιοιι
1492 3098 1613 3136 urit.
1725 3095 1767 3142 3)
1780 3094 1924 3133 Matth

326 3162 365 3208 5,
384 3160 449 3198 32.
563 3159 608 3208 4)
626 3159 726 3195 Gen.
744 3160 782 3207 1,
801 3160 866 3195 28.
968 3158 1013 3212 5)
1034 3161 1055 3195 1
1074 3160 1166 3197 Cor.
1184 3161 1222 3207 7,
1243 3160 1306 3195 11.
1325 3157 1518 3193 27—29.
1535 3154 1726 3192 31—33.
1745 3152 1924 3191 38—40.
