1942 3554
597 194 679 232 DE
719 194 1079 233 PATIENTIA.
1571 190 1649 235 21

46 363 66 373 ..
125 324 259 374 quam
291 309 477 356 omnino
517 318 787 373 peccasset,
835 310 874 356 si
905 307 1061 356 divino
1094 305 1348 354 interdicto
1378 307 1652 371 patientiam

65 374 70 376 ’
141 381 466 439 evei-asset1).
543 379 688 439 Quid,
737 379 860 444 quod
899 396 992 426 non
1023 379 1240 426 sustinuit
1270 379 1372 425 sola
1403 387 1652 436 conventa,

19 451 114 503 :sed
145 449 266 516 apud
295 449 447 500 Adam
477 449 680 498 nondum
720 452 957 508 maritum,
1004 449 1206 496 nondum
1253 464 1391 498 aures
1436 449 1524 496 sihi
1544 448 1654 502 ,de-

26 523 240 579 beatem,
286 522 531 586 impatiens
578 523 717 569 etiam
763 520 953 569 tacendi
999 529 1091 577 est,
1139 537 1194 567 ac
1241 519 1484 568 traducem
1525 521 1654 568 illum

34 594 154 650 eius,
200 591 324 656 quod
361 607 390 638 a
426 592 548 638 malo
585 593 829 649 hauserat,
876 592 1006 654 facit.
1082 590 1212 638 Perit
1255 592 1399 653 igitur
1443 600 1509 639 et·
1534 592 1655 639 alius

17 664 168 711 «homo
197 678 286 727 per
314 663 650 726 impatientiam
682 663 900 720 alterius;
946 662 1072 725 perit
1101 678 1211 708 mox
1242 670 1292 708 et
1320 663 1421 725 ipse
1452 678 1541 726 per
1570 664 1656 710 im-

61 734 300 782 atientiam
331 749 458 780 suam
489 733 736 814 utrobique
770 733 1083 791 commissam3
1131 740 1181 779 et
1225 733 1356 779 circa
1401 731 1479 779 dei
1516 749 1656 797 prae-

13 804 330 861 ⁴monitionem
376 811 426 850 et
469 803 598 850 circa
644 802 820 850 diaboli
866 803 1351 866 circumscriptionem
1391 801 1518 850 illam
1556 819 1658 851 ser-

16 890 163 933 we,
194 874 315 922 hanc
339 873 548 922 refutare
575 889 668 920 non
693 875 939 920 sustinens.
1003 872 1123 920 Hinc
1147 874 1298 937 prima
1321 871 1499 932 indic-ii,
1532 873 1656 921 unde

12 936 191 1030 fflcti
215 945 376 1008 origo3
407 944 516 992 hinc
541 942 655 992 deus
686 945 829 992 irasci
854 960 1065 1002 exorsus,
1098 943 1221 992 unde
1248 944 1490 993 offendere
1516 945 1656 992 homo

12 1005 267 1076 ihiluctus3
327 1013 437 1063 inde
489 1016 538 1062 in
591 1014 681 1062 deo
726 1016 876 1079 prima
920 1016 1170 1079 patientia,
1225 1014 1348 1063 unde
1394 1015 1657 1079 indignatio

12 1086 215 1155 mim&
234 1081 312 1151 qui
341 1094 451 1134 tunc
482 1084 815 1133 maledictione
848 1087 950 1134 sola
981 1095 1228 1134 contentus
1266 1087 1324 1134 ab
1364 1086 1659 1137 animadver-

11 1158 176 1208 ,sionis
206 1157 382 1222 impetu
411 1158 459 1204 in
489 1155 680 1204 diabolo
711 1158 1006 1221 temperavit.
1066 1155 1164 1204 Aut
1189 1157 1312 1221 quod
1339 1160 1541 1206 crimen·
1549 1166 1659 1206 ante

14 1227 157 1278 «istud
201 1228 523 1292 impatientiae
570 1226 819 1275 admissum
863 1228 1040 1275 homini
1085 1229 1368 1292 imputatur?
1427 1229 1662 1276 Innocens

12 1307 137 1350 verat
179 1307 230 1347 et
272 1297 362 1347 deo
409 1297 467 1346 de
505 1299 720 1362 proximo
760 1300 937 1346 amicus
976 1307 1024 1346 et
1061 1298 1270 1362 paradisi
1311 1300 1521 1348 colonus.
1596 1299 1663 1347 At

14 1365 111 1421 ¹1⁸1bi
141 1370 286 1419 semel
317 1368 520 1417 succidit
548 1370 905 1434 impatientiae,
927 1368 1098 1417 desivit
1127 1369 1217 1417 deo
1251 1387 1444 1434 sapere,
1492 1370 1664 1419 desivit

12 1441 262 1508 (eoelestia
291 1441 522 1488 sustinere
552 1457 709 1504 posse.
784 1439 969 1488 Exinde
994 1441 1133 1487 homo
1166 1450 1324 1489 terrae
1357 1441 1491 1489 datus
1524 1451 1572 1490 et
1602 1442 1660 1490 31)

13 1513 182 1565 ‘oculis
213 1510 291 1559 dei
322 1512 525 1569 eiectus,
572 1512 715 1559 facile
744 1513 971 1576 usurpari
1010 1511 1067 1558 ab
1100 1513 1393 1576 impatientia
1425 1515 1585 1578 coepit
1614 1516 1662 1561 in

9 1598 169 1644 nome
200 1581 325 1647 quod
356 1580 492 1630 deum
525 1581 803 1630 offenderet.
880 1582 1002 1630 Nam
1047 1584 1202 1630 statim
1241 1585 1322 1631 illa
1353 1586 1528 1632 semine
1562 1583 1664 1632 dia-

8 1651 129 1738 tholi
159 1661 414 1736 concepta,
461 1653 666 1701 malitiae
711 1652 1003 1702 fecunditate
1050 1655 1168 1701 iram
1200 1655 1342 1702 filium
1374 1657 1661 1719 procreavit,

10 1715 207 1789 iditum
251 1726 345 1773 suis
391 1724 568 1772 artibus
614 1724 802 1772 erudiit.
881 1724 1015 1783 Quod
1061 1727 1183 1772 enim
1224 1727 1379 1790 ipsum
1416 1725 1569 1785 Adam
1616 1735 1665 1775 et

12 1790 176 1856 lffvam
206 1797 347 1844 morti
376 1797 691 1856 immerserat,
726 1795 890 1843 docuit
919 1805 968 1843 et
998 1796 1141 1843 filium
1173 1796 1229 1843 31)
1263 1797 1556 1845 homicidio
1544 1798 1664 1845 inci-

11 1878 162 1934 ip'ere.
237 1866 430 1914 Frustra
459 1865 589 1914 istud·
612 1867 946 1930 impatientiae
966 1866 1322 1930 adscripserim,
1364 1870 1403 1915 si
1436 1868 1552 1915 Cain
1583 1869 1663 1916 ille

11 1940 206 2010 ffltimus
235 1936 477 1993 homicida
507 1945 556 1985 et
585 1938 760 2002 primus
789 1937 1038 1986 fratricida
1071 1938 1336 1986 oblationes
1382 1955 1488 1986 suas
1519 1956 1547 1986 a
1579 1938 1664 1987 do-

10 2011 157 2058 imino
188 2017 431 2056 recusatas
463 2010 804 2073 aequanimiter
834 2025 923 2056 nec
954 2010 1256 2072 impatienter
1285 2010 1412 2069 tulit,
1446 2012 1484 2058 si
1515 2011 1664 2058 iratus

13 2080 171 2128 ‘fratri
214 2095 299 2128 suo
345 2097 439 2127 non
484 2088 577 2138 est,
626 2081 664 2127 si
710 2081 943 2134 neminem
982 2078 1183 2144 denique
1215 2082 1470 2129 interemit.
1549 2081 1664 2129 Cum

12 2159 151 2221 *ergo
182 2166 271 2198 nec
304 2135 526 2199 occidere
557 2153 768 2215 potuerit
805 2152 893 2198 nisi
932 2152 1102 2208 iratus,
1150 2168 1238 2199 nec
1263 2153 1421 2200 irasci
1459 2154 1548 2200 nisi
1579 2154 1667 2200 im-

12 2238 22 2286 1
64 2222 238 2279 aiens,
285 2219 575 2285 demonstrat
612 2221 735 2286 quod
774 2238 860 2286 per
896 2224 1011 2269 iram
1045 2225 1194 2286 gessit
1223 2222 1283 2270 ad
1315 2240 1418 2271 eam
1450 2225 1665 2272 referen-

0 2310 70 2364 >i
150 2327 165 2351 ,
197 2309 228 2340 a
257 2309 347 2357 qua
376 2294 447 2340 ira
477 2302 700 2356 suggesta
732 2302 818 2340 est.
881 2292 943 2340 Et
972 2294 1092 2341 haec
1126 2293 1311 2358 quidem
1343 2297 1664 2359 impatientiae

0 2349 144 2414 *tinne
188 2363 379 2412 infantis
433 2363 774 2428 quodammodo
828 2365 1125 2414 incunabula.
1217 2365 1438 2413 Ceterum
1494 2375 1666 2430 quanta

0 2446 144 2502 inex
185 2436 508 2483 incrementa?
587 2434 692 2482 Nec
738 2436 919 2482 mirum.
1002 2435 1124 2482 Nam
1170 2438 1209 2483 si
1253 2438 1404 2500 prima
1452 2436 1663 2500 deliquit,

13 2517 330 2569 ‘gonsequens
361 2514 454 2563 est,
493 2515 571 2563 ut,
621 2507 728 2569 quia.
757 2507 929 2568 prima,
977 2505 1160 2553 idcirco
1193 2515 1242 2553 et
1271 2508 1373 2553 sola
1404 2508 1464 2553 sit
1494 2508 1665 2554 matrix

15 2573 85 2627 *⁵511
115 2587 251 2625 omne
283 2574 528 2634 delictum,
570 2575 831 2624 defundens
864 2575 922 2622 de
955 2592 1038 2622 suo
1069 2577 1200 2624 fonte
1230 2579 1386 2624 varias
1419 2579 1664 2625 criminum

14 2661 195 2695 ·venas.
269 2645 340 2694 De
371 2646 623 2694 homicidio
657 2645 842 2710 quidem
875 2645 1049 2693 dictum
1082 2656 1167 2695 est.
1246 2645 1343 2695 Sed
1381 2649 1452 2695 ira
1492 2648 1664 2696 editum

15 2733 68 2766 ι3
97 2715 381 2782 primordio,
404 2719 554 2765 etiam
586 2733 883 2782 quascunque
915 2726 1083 2781 postea
1115 2734 1304 2766 caussas
1342 2719 1431 2766 sibi
1470 2721 1663 2778 invenit,

38 2785 102 2842 ad
144 2787 480 2851 impatientiam
525 2797 582 2836 utv
619 2787 679 2834 ad
726 2789 957 2851 originem
1003 2790 1074 2835 sui
1114 2789 1314 2848 confert.
1392 2788 1501 2839 Sive
1541 2793 1664 2840 enim

41 2858 144 2931 quis
168 2858 429 2906 ‘inimicitiis
457 2860 555 2907 sive
587 2857 794 2923 praedae
825 2860 980 2922 gratia
1009 2858 1058 2906 id
1089 2861 1243 2908 scelus
1276 2861 1488 2920 conficit,
1535 2865 1664 2927 prius

31 3034 106 3106 '3⁵⁶⁹‘
154 3042 200 3092 1)
231 3042 361 3080 Rhen-
393 3047 814 3093 praeservasset,
867 3045 978 3094 Rig„
1031 3044 1092 3083 ed.
1123 3045 1248 3085 Fran.
1280 3051 1322 3086 et
1354 3049 1501 3087 SemL:
1541 3061 1662 3098 per-

32 3096 325 3155 mutasset.
382 3100 428 3137 In
448 3102 626 3148 utraque
642 3102 854 3151 scriptura
872 3102 1032 3150 pariter
1048 3102 1276 3152 depravata
1299 3103 1405 3143 illud
1429 3106 1539 3153 quod
1564 3117 1660 3144 cor-

43 3155 231 3206 mimus
247 3156 415 3195 videtur
429 3156 573 3196 latere.
