1942 3554
63 159 68 162 ’
109 167 184 225 ⁴<-
224 161 238 168 ·’
592 180 672 218 nn
705 155 1155 222 ενκοτΑουωὲ.
1619 187 1694 238 25

58 316 206 387 isti,
253 325 329 390 qui
378 339 560 373 omnem
608 321 884 387 hypocrisin
932 320 1135 371 damnat.
1221 323 1444 374 Ceterum
1492 344 1595 377 cum
1645 332 1688 378 in

79 398 223 464 ἕξεί)
261 394 565 462 praescribit,
621 391 916 441 maledictum
958 409 1089 454 esse,
1138 395 1215 460 qui
1256 396 1564 447 muliebribus
1605 417 1688 450 ve-

8 498 14 527 1
78 471 232 526 fiatur,
265 465 375 533 quid
407 465 466 516 de
495 464 782 531 pantomimo
815 462 1056 522 iudicabit,
1091 467 1167 531 qui
1202 467 1341 516 etiam
1376 470 1686 520 muliebribus

50 541 295 601 ‘tntur²)?
353 537 477 587 Sane
522 545 571 585 et
616 534 696 584 ille
737 535 911 583 artifex
958 553 1219 601 pugnorum
1268 539 1522 604 impunitus
1570 542 1686 591 ibit?

75 612 202 661 ’ales
218 611 338 660 enim
371 608 626 669 cicatrices
667 615 907 654 caestuum
950 616 997 655 et
1038 609 1186 656 callos
1220 627 1483 675 pugnorum
1518 623 1566 662 et
1598 632 1681 663 au·

6 711 11 720 ·
74 684 164 732 ium
198 682 381 746 'fiingos
424 695 452 729 a
498 677 590 727 deo
638 693 741 726 cum
781 695 866 726 suo
908 679 1134 742 plasmate
1173 683 1375 746 accepit.
1458 683 1571 732 ldeo
1612 687 1679 735 illi

79 753 209 803 cuius
240 750 356 800 deus
386 750 716 816 plasniavi13)‚
750 758 798 797 ut
832 749 1095 814 vapulando
1130 749 1368 801 deficiant.
1423 754 1583 804 Taceo
1619 757 1678 806 de

3 852 7 862 ·
67 824 147 883 llo,
181 824 257 892 qui
290 823 522 870 bominem
557 821 683 870 leoni
715 837 833 886 prae
866 837 919 868 se
952 822 1170 886 opponit,
1212 840 1271 873 ne
1304 833 1477 888 parum'
1498 828 1558 875 sit
1590 828 1676 876 ho-

54 892 233 962 nipida,
267 910 400 960 quam
434 893 510 958 qui
545 891 745 941 eundem
779 892 1074 957 postmodum
1110 894 1306 958 iugulat.

135 960 139 962 ’
179 970 262 1019 24.
303 965 426 1025 Quot
457 963 609 1011 adhuc
642 961 794 1011 modis
828 964 1169 1028 pet-orabimus,
1205 967 1317 1014 nihil
1352 984 1411 1016 ex
1444 969 1516 1017 bis
1551 988 1671 1036 quac

45 1037 324 1103 -pectaculis
371 1035 675 1100 deputantur,
722 1035 942 1100 placitum
992 1035 1082 1084 deo
1131 1053 1239 1085 csse
1279 1048 1358 1086 aut
1399 1057 1670 1106 congruens

37 1094 310 1174 ⁴·ei‘²s·›ei·vis,
345 1105 468 1173 quod
496 1105 684 1154 domino
711 1106 930 1170 placitum
958 1124 1048 1154 non
1076 1109 1153 1155 sit.
1214 1107 1263 1156 Si
1292 1111 1446 1159 omnia
1473 1123 1672 1177 propter

34 1178 268 1234 riabolum
310 1179 520 1226 instituta
560 1187 607 1226 et
646 1194 704 1226 cx
746 1176 921 1224 diaboli
954 1178 1111 1226 -rcbus
1163 1180 1390 1230 instructa
1438 1194 1668 1232 monstra-

64 1252 180 1300 imus
213 1250 345 1308 (nibil
379 1249 501 1298 euim
535 1265 625 1295 uon
661 1247 834 1295 diaboli
870 1258 956 1307 est,
990 1250 1212 1314 quicquid
1247 1250 1323 1299 dei
1358 1269 1449 1300 non
1484 1264 1557 1301 est
1590 1256 1665 1304 vel

0 1364 4 1380 ,
65 1339 123 1371 co
164 1319 437 1386 displiceo:
491 1319 583 1367 hoc
615 1321 706 1367 erit
738 1335 905 1384 pompa
939 1319 1137 1378 diaboli,
1187 1320 1416 1371 adversus
1447 1341 1584 1389 quam
1617 1328 1662 1374 in

47 1393 274 1458 eignaculo
321 1390 430 1439 fidei
478 1392 728 1439 eieramus.
805 1389 940 1450 Quod
987 1400 1141 1439 autem
1190 1394 1447 1454 eieramus,
1510 1412 1664 1462 neque

0 1524 1 1528 Ἰ
43 1472 157 1514 ίειιτῑο
188 1478 341 1529 neque
380 1460 510 1510 dicto
550 1476 703 1526 neque
744 1462 842 1508 visu
884 1477 1037 1526 neque
1076 1474 1332 1527 prospectu
1373 1468 1662 1531 participare

26 1534 267 1584 ¹¹ebemus.
344 1533 567 1582 Ceterum
610 1548 766 1580 nonne
806 1532 1041 1581 eieramus
1075 1543 1123 1582 et
1155 1534 1468 1584 rescindimus
1500 1539 1659 1603 signa—

34 1605 177 1655 ulum
222 1603 539 1654 rescindendo
588 1605 890 1652 testationem
939 1605 1070 1652 eius?
1142 1604 1379 1671 Numquid
1420 1623 1539 1673 ergo
1580 1627 1659 1657 su-

23 1683 206 1739 2=·e''rest,
245 1685 294 1724 ut
323 1676 381 1724 ab
414 1676 526 1741 ipsis
559 1674 762 1723 ethnicis
795 1691 1072 1739 responsum
1104 1678 1402 1741 flagitemus?
1461 1679 1532 1727 llli
1567 1682 1655 1728 iam

31 1747 158 1803 :nobis
188 1749 484 1804 renuntient,
527 1763 585 1794 an
620 1746 763 1794 liceat
796 1745 1075 1794 Christianis
1106 1749 1383 1812 spectaculo
1416 1752 1502 1798 uti.
1567 1751 1656 1799 At-

42 1819 130 1882 3uin
161 1818 268 1868 binc
301 1818 375 1866 vel
406 1818 607 1865 maxime
640 1817 911 1880 intelligunt
941 1817 1113 1865 sactum
1142 1818 1456 1868 Christianum
1483 1821 1542 1871 de
1575 1839 1654 1870 re-

16 1886 160 1938 wudio
205 1887 604 1954 spectaculorum.
682 1886 843 1951 ltaque
892 1897 1035 1951 negat
1083 1889 1353 1948 manifeste,
1410 1893 1511 1956 qui,
1565 1909 1655 1956 per

13 1959 143 2023 ‹guod
173 1961 464 2024 agnoscitur,
497 1958 638 2005 tollit.
690 1956 808 2018 Quid
842 1967 996 2006 autem
1032 1960 1133 2023 spei
1167 1970 1387 2024 superest
1418 1962 1463 2009 in
1490 1962 1651 2010 huius-

37 2024 394 2079 uodiliomine?
453 2027 607 2077 Nemo
648 2029 692 2075 in
734 2037 887 2076 castra
928 2028 1129 2077 bostium
1169 2032 1360 2090 transit,
1408 2033 1498 2080 nisi
1537 2050 1650 2098 pro-

34 2098 156 2166 ectis
185 2102 326 2150 armis
356 2101 475 2158 suis,
516 2100 602 2147 nisi
636 2097 872 2148 destitutis
904 2101 1051 2164 signis
1091 2110 1139 2149 et
1177 2104 1486 2151 sacramentis
1516 2105 1648 2168 prin-

10 2172 133 2247 22=ipis
163 2173 260 2232 sui,
292 2172 381 2220 uisi
413 2180 577 2237 pactus
609 2170 742 2218 simul
775 2171 949 2235 perire.

60 2240 236 2310 έῃ,’25.
286 2243 363 2291 An
403 2243 483 2290 ille
523 2241 810 2306 recogitabit
850 2257 910 2289 co
952 2251 1164 2307 tempore
1200 2242 1258 2291 de
1291 2243 1407 2304 deo,
1462 2248 1644 2311 positus

96 2318 133 2376 ‘-,
185 2314 262 2362 ubi
308 2313 423 2362 nibil
470 2322 542 2362 est
587 2311 646 2361 de
687 2311 810 2361 deo?
872 2313 1065 2372 Pacem,
1114 2316 1308 2380 opinor,
1355 2315 1550 2365 babebit
1595 2320 1642 2366 in

119 2395 166 2437 ὀ
195 2383 490 2436 contendens
520 2401 606 2450 pro
638 2385 825 2448 auriga,
875 2383 1148 2448 pudicitiam
1190 2385 1376 2435 ediscet
1413 2390 1641 2436 attonitus

118 2456 147 2517 μ’
179 2468 270 2519 os.
317 2456 415 2506 imo
448 2457 493 2504 in
527 2457 650 2503 omni
683 2456 962 2520 spectaculo
995 2456 1165 2504 nullum
1194 2459 1343 2521 magis
1368 2457 1638 2506 scandalum

6 2521 255 2591 occurret,
301 2543 435 2594 quam
481 2529 582 2593 ipse
630 2526 708 2575 ille
748 2526 991 2574 mulierum
1033 2536 1080 2574 ct
1120 2529 1326 2574 virorum
1367 2531 1641 2577 accuratior

6 2594 184 2670 tultus.
237 2601 339 2666 ipsa
384 2599 662 2656 consensio,
710 2598 809 2662 ipsa
856 2598 901 2644 in
950 2597 1188 2644 favoribus
1228 2607 1307 2646 aut
1346 2601 1637 2664 conspiratio

20 2667 102 2735 ini*
132 2670 365 2720 dissensio
411 2672 534 2719 inter
578 2685 629 2718 se
676 2667 735 2716 de
783 2669 1070 2716 commercio
1117 2669 1345 2717 scintillas
1392 2669 1634 2720 libidinum

6 2741 357 2804 ›conflabellant.
432 2740 587 2790 Nemo
628 2739 831 2805 denique
872 2741 915 2786 in
956 2739 1229 2802 spectaculo
1265 2739 1469 2789 ineundo
1501 2743 1635 2807 prius

17 2807 210 2886 efif‘itat,
264 2813 354 2861 nisi
388 2811 541 2862 videri
581 2821 629 2859 et
667 2810 850 2859 videre.
928 2808 1024 2857 Scd
1064 2809 1295 2874 tragoedo
1336 2813 1634 2862 vociferante

11 2883 376 2977 egl-amationes
408 2883 486 2933 ille
528 2883 727 2932 alicuius
765 2879 1030 2946 prophetae
1069 2882 1376 2932 retractabit?
1422 2893 1469 2932 ct
1508 2886 1635 2933 inter

192 3070 315 3108 Deut.
333 3070 400 3115 22,
420 3071 456 3106 5.
553 3066 598 3121 2)
624 3069 840 3106 tVouwer.
858 3068 984 3106 eMS.
1013 3070 1213 3113 utatur,
1245 3068 1376 3107 ceteri
1402 3074 1630 3107 curatur.

190 3127 312 3165 ltine:
357 3137 381 3164 n
412 3125 506 3163 deo
539 3136 647 3163 cum
687 3124 1037 3171 plasmaretur
1067 3125 1284 3174 accepit.
1345 3126 1465 3163 ldeo
1504 3126 1630 3164 illos

31 3185 38 3192 ⁴
85 3189 88 3192 ’
137 3191 192 3222 οι
223 3184 345 3222 deus
379 3181 759 3221 commendavit
793 3186 872 3217 etc.
