1942 3554
343 193 479 238 108
626 194 710 233 DE
736 191 1256 238 EXHORTATIONE
1286 191 1681 235 CASTITATIS.

342 309 635 370 alleguntur?
693 305 822 367 Ergo
861 320 1070 368 pugnare
1109 303 1354 362 debemus,
1395 314 1502 352 ante
1534 305 1702 352 laicum
1730 304 1942 355 iussum&

341 376 548 424 secundo
581 375 878 423 matrimonio
911 376 1165 433 abstinere,
1199 374 1305 422 dum
1336 376 1587 439 presbyter
1602 390 1706 423 esse
1731 391 1824 422 non
1840 376 1942 427 aliut

339 455 510 511 potest,
545 463 679 510 quam
712 447 858 506 lai-cus
889 447 966 509 qui
997 446 1141 493 semel
1172 446 1314 493 fuerit
1343 447 1548 494 maritus.

479 521 526 567 8.
566 516 735 564 Liceat
765 532 886 563 nunc
919 515 1071 564 denuo
1103 516 1296 574 nubere,
1329 518 1368 564 si
1399 533 1534 564 omne
1566 515 1688 580 quod
1718 517 1845 576 licet,
1869 518 1942 567 ho?

336 604 442 635 num
474 596 560 634 est.
623 586 750 634 Idem
783 588 1022 651 apostolus
1053 588 1306 634 exclamat:
1355 587 1534 635 ‘Omnia
1564 588 1723 645 licent,
1756 588 1838 636 sed
1862 603 1942 642 nom

338 660 492 705 omnia
521 660 794 721 prosunt1).
858 657 992 716 Quod
1023 675 1116 705 non
1146 657 1355 722 plodest,
1389 675 1474 705 oro
1507 667 1570 717 te,
1600 658 1770 706 bonum
1800 669 1942 724 potem

337 728 462 795 dici?
521 727 573 775 Si
606 729 734 776 licita
764 738 872 775 sunt
903 738 951 776 et
981 745 1098 792 quae
1139 746 1232 776 non
1263 746 1348 793 pro
1381 729 1553 787 salute,
1593 744 1710 792 ergo
1749 739 1798 776 et
1835 732 1942 794 quam

333 817 426 846 non
456 800 581 847 bona
612 809 717 846 sunt
748 799 875 846 licita
908 809 1027 847 sunt.
1078 798 1197 858 Quid
1228 809 1381 847 autem
1414 801 1560 863 magis
1589 800 1711 848 velle
1743 799 1942 850 debebis.

334 869 457 933 quod
495 869 603 917 ideo
641 870 813 918 bonum
845 880 939 927 est,
988 871 1094 934 quia
1125 871 1260 928 licet,
1307 887 1368 917 an
1398 870 1520 933 quod
1557 870 1666 919 ideo
1708 873 1814 934 quia
1843 889 1942 935 pro

334 941 468 988 dest?
539 941 734 988 Multum
773 942 987 988 existimo
1045 957 1148 988 esse
1195 943 1321 988 inter
1364 942 1601 1003 lleentiam
1646 951 1695 990 et
1738 943 1942 992 salutern

332 1010 403 1059 De
434 1012 560 1058 bono
594 1029 685 1058 non
719 1011 905 1069 dicitur,
939 1013 1053 1059 licet
1084 1013 1193 1075 quia
1220 1012 1392 1059 bonum
1422 1012 1630 1075 permitti
1659 1028 1753 1060 non
1784 1029 1935 1077 exspe

333 1091 443 1138 ctat,
477 1081 560 1129 sed
599 1082 792 1129 adsumi.
854 1081 1145 1129 Permittitur
1183 1091 1385 1139 autem,·
1408 1081 1531 1146 quod
1570 1098 1630 1130 an
1665 1083 1836 1130 bonum
1874 1085 1934 1132 sit

330 1154 377 1198 in
409 1152 550 1199 dubio
583 1161 678 1209 est,
725 1151 849 1216 quod
880 1161 1038 1216 potest
1078 1154 1217 1200 etiam
1256 1169 1350 1199 non
1387 1154 1617 1215 permitti,
1663 1155 1702 1200 si
1739 1171 1831 1200 non
1868 1155 1942 1202 ha=

327 1223 678 1285 beat‘aliquam
718 1224 788 1269 sui
827 1239 1036 1269 caussam
1074 1224 1285 1286 primam.
1344 1222 1548 1287 Propter
1582 1224 1939 1272 incontinentiat

328 1293 586 1356 periculum
617 1294 903 1356 permittitur
933 1293 1111 1340 nubere
1144 1292 1368 1350 secundo,
1389 1294 1509 1357 ‘quia
1539 1294 1626 1341 nisi
1658 1294 1850 1342 licentia
1866 1295 1938 1343 ali·

330 1365 461 1411 cuius
492 1380 585 1410 non
616 1364 769 1411 bonae
801 1365 872 1411 rei
903 1364 1195 1423 subiaceret,
1235 1380 1329 1411 non
1361 1372 1488 1412 esset
1524 1364 1692 1428 in-quo
1723 1365 1937 1429 probare.-

328 1444 425 1492 tur,
475 1436 551 1499 qui
591 1434 776 1482 divinae
814 1436 1067 1492 voluntati,
1115 1444 1164 1482 et
1201 1437 1278 1498 qui
1308 1451 1420 1482 suae
1458 1436 1682 1499 potestati
1722 1436 1939 1501 obsequen

327 1515 402 1552 tur
417 1507 488 1565 2),
523 1507 622 1569 quis
654 1515 861 1553 nostrum
900 1507 1113 1553 utilitatis
1143 1507 1457 1570 praesentiam
1489 1513 1720 1564 sectetur,
1765 1515 1814 1555 et
1849 1509 1942 1572 quis

328 1578 625 1624 occasionem
659 1577 878 1624 licentiae
910 1577 1233 1640 amplexetur,
1253 1577 1374 1640 [quis
1406 1575 1590 1624 divinae
1619 1577 1869 1636 voluntati,
1900 1594 1930 1626 e

328 1647 428 1710 quis
460 1663 569 1694 suae
600 1647 829 1710 voluptati
861 1648 1182 1711 obsequatur]
1244 1646 1462 1694 Licentia
1491 1647 1763 1711 plerumque
1793 1657 1942 1696 tentaa

326 1720 392 1765 tio
425 1726 499 1765 est
529 1716 823 1780 disciplinae,
857 1720 1074 1781 quoniam
1105 1717 1360 1781 disciplina
1383 1733 1472 1781 per
1501 1719 1806 1766 tentationem
1834 1735 1920 1783 pro

325 1789 487 1846 batur,
541 1790 740 1835 tentatio
786 1804 873 1852 per
913 1790 1149 1837 licentiam
1189 1796 1426 1852 operatur.
1489 1787 1559 1835 Ita
1589 1789 1663 1846 fit,
1708 1798 1759 1836 ut
1794 1791 1942 1837 omni.

327 1861 524 1916 liceant,
564 1858 647 1906 sed
679 1876 772 1906 non
812 1861 967 1907 omnia
1006 1859 1280 1924 expediant,
1328 1857 1434 1906 dum
1464 1867 1694 1920 tentatur,
1734 1861 1809 1908 cui
1838 1875 1923 1924 per

327 1932 546 1987 mittitur,
587 1929 921 1988 et-iudicatur,
963 1930 1069 1979 dum
1099 1932 1143 1978 in
1177 1930 1486 1994 permissione
1523 1938 1745 1978 tentatur.
1805 1929 1942 1980 Lice

324 2002 406 2048 bat
443 2010 493 2049 et
528 2002 754 2064 apostolis
792 2001 969 2049 nubere
1009 2011 1059 2049 et
1094 2017 1268 2049 uxores
1309 1999 1680 2049 circumducere.
1747 2000 1942 2051 Licebe

326 2081 374 2119 et
404 2071 462 2119 de
503 2072 760 2133 evangeliis
796 2074 956 2120 vivere
973 2074 1037 2131 3)
1101 2070 1197 2120 Sed
1229 2072 1306 2135 qui
1336 2072 1438 2119 iure
1476 2071 1568 2119 hoc
1598 2088 1692 2119 non
1728 2088 1836 2119 usus
1873 2085 1942 2121 ets

325 2144 373 2189 in
405 2143 722 2199 occasionem,
755 2142 814 2189 ad
845 2144 1106 2206 exemplum
1138 2158 1223 2189 nos
1253 2158 1382 2188 suum
1412 2150 1656 2205 provocat,
1689 2140 1908 2190 docens
1896 2160 1942 2190 ιι

326 2228 383 2259 eo
417 2228 520 2259 esse
565 2212 906 2274 probationem,
946 2214 993 2260 in
1032 2229 1122 2276 quo
1162 2212 1355 2260 licentia
1391 2213 1760 2275 experimentum
1799 2210 1942 2261 abst&

325 2283 514 2330 nentiae
545 2285 846 2346 praestruxit.

470 2357 517 2404 9.
580 2350 631 2398 Si
669 2355 853 2416 penitus
898 2369 1060 2401 sensus
1097 2354 1198 2400 eius
1242 2354 1634 2417 interpretemur,
1680 2368 1773 2400 non
1816 2353 1906 2400 aliu

326 2422 572 2470 dicendum
605 2425 696 2470 erit
725 2423 978 2471 secundum
1009 2424 1366 2480 matrimonium,
1400 2439 1533 2486 quam
1563 2424 1747 2487 species
1778 2432 1910 2488 stupr

327 2494 440 2541 Cum
473 2495 594 2541 enim
616 2494 758 2552 dicat,
790 2496 982 2542 maritos
998 2495 1154 2542 hocin
1170 2492 1484 2541 sollicitudine
1502 2494 1693 2552 habere,
1721 2510 1925 2558 quemac

325 2564 510 2612 modum
542 2565 630 2612 sibi
661 2566 900 2628 placeant,
941 2581 1033 2612 non
1063 2566 1222 2628 utique
1254 2562 1312 2612 de
1349 2564 1578 2623 moribus,
1618 2569 1742 2624 (nam
1770 2564 1902 2614 bona

326 2634 688 2683 sollicitudinem
720 2653 813 2683 non
859 2637 1137 2699 sugillaret,)
1188 2634 1272 2683 sed
1318 2634 1376 2682 de
1424 2635 1550 2683 cultu
1594 2643 1643 2683 et
1681 2644 1847 2683 ornatu
1891 2631 1930 2680 a!

328 2703 451 2753 omni
482 2705 635 2753 studio
664 2707 846 2761 ¹formae
878 2705 938 2753 ad
969 2706 1219 2754 illecebras
1250 2704 1502 2753 movendas
1529 2705 1762 2754 'sollicitos
1800 2707 1896 2761 inte

327 2776 450 2838 ligit,
496 2777 624 2824 velut
661 2775 720 2825 de
758 2778 910 2825 forma
924 2778 971 2837 4)
1004 2785 1053 2824 et
1083 2777 1209 2823 cultu
1245 2776 1442 2840 placere*
1475 2776 1676 2824 carnalis
1715 2792 1907 2845 concup⁴

332 2878 542 2889 a————

440 2915 487 2969 1)
517 2919 690 2958 Praeter
719 2919 949 2968 Rigaltium
980 2919 1022 2956 et
1050 2918 1119 2957 Fr.
1145 2918 1312 2955 Iunium
1338 2929 1504 2957 omues:
1547 2929 1637 2966 pro
1667 2917 1852 2956 salute.
1879 2927 1893 2946 ὁ

327 2975 351 3010 1
369 2974 517 3021 Confi,
538 2976 603 3011 12.
718 2977 761 3025 2)
779 2976 868 3024 mg.
893 2978 1288 3022 obsequeretur.
1353 2975 1428 3012 Vv.
1452 2974 1572 3012 uncis
1596 2974 1762 3013 inclusa
1785 2975 1895 3013 dcent

327 3029 369 3067 in
387 3029 474 3078 Rig.
488 3030 683 3068 editione.
759 3033 803 3081 3)
820 3034 909 3081 Rig.
939 3033 996 3070 de
1026 3031 1306 3079 evangelio
1337 3031 1493 3070 ali..--
1540 3028 1563 3067 1
1582 3033 1676 3069 Cor.
1694 3033 1732 3074 9,
1752 3033 1788 3069 5.
1807 3031 1902 3068 14:-

331 3083 555 3131 aynaeod.
576 3087 803 3125 Wouweri.
836 3090 923 3138 Rig.
955 3089 1253 3127 moliendas
1280 3087 1558 3126 sollicito·
1581 3086 1822 3135 intelligi
1850 3097 1889 3124 v*

326 3141 412 3192 lit5
437 3142 496 3180 de
526 3142 694 3180 forma
721 3149 888 3182 autem
917 3149 996 3183 etc.
