1942 3554
575 193 658 231 DE
694 192 1674 243 100LOLATR1A..45

47 311 373 401 zzffis'phemiam
411 335 645 382 ethnicum
691 331 895 380 deducat
931 342 1011 381 aut
1047 331 1214 382 fraude
1254 342 1335 381 aut
1373 334 1546 384 iniuria
1590 346 1671 384 aut

54 406 327 457 ‚fflumelia
356 406 506 453 aliave
537 404 734 451 materia
773 402 944 467 dignae
985 405 1235 468 querelae,
1283 406 1330 452 in
1374 422 1465 469 qua
1495 423 1667 455 nomen

58 479 212 527 corito
243 477 528 560 percutitur,
575 484 625 522 ut
662 476 830 522 merito
865 476 1101 522 irascatur
1132 475 1176 523 ei
1209 474 1424 523 dominus
1441 478 1507 536 1).
1577 478 1681 525 Ce-v

0 595 4 605 ,
44 564 191 597 mm
228 549 270 596 si
308 547 366 595 de
397 547 520 594 omni
550 546 840 609 blasphemia
874 545 1047 593 dictum
1081 555 1175 594 est:
1230 556 1390 594 vestra
1405 549 1449 606 2)
1501 564 1666 596 caussa

57 634 209 668 {omen
238 634 389 667 meum
418 617 855 681 blasphematur³)‚
895 618 1101 680 perimus
1132 617 1364 677 universi,
1399 635 1503 666 cum
1535 628 1664 667 totus

56 691 197 738 ,ἰωῆς
225 689 441 738 scelestis
472 688 708 752 suffragiis
741 688 866 735 nullo
900 689 1069 735 merito
1103 703 1273 735 nomen
1307 688 1512 736 lacessit.
1568 690 1664 738 De-

34 762 264 819 ¹hamus,
310 768 359 807 et
390 776 480 807 non
512 759 925 823 blasphemabitur.
1003 758 1099 805 Imo
1131 758 1506 823 blasphemetur,
1556 760 1662 809 dum

46 846 192 883 nunus
234 832 282 879 iu
330 829 684 889 observatione,
739 846 833 876 non
879 831 924 876 in
975 829 1324 878 exorbitatione
1365 829 1660 894 disciplinae,

39 901 143 956 tm
184 901 459 966 probamur,
521 918 613 949 non
661 900 765 948 dum
822 901 1145 965 reprobamur.
1238 899 1273 947 Ο
1320 900 1659 965 blasphemiam

35 972 250 1038 martyrii
276 972 481 1031 affinem,
538 988 655 1037 quae
688 981 797 1019 tunc
829 988 902 1018 me
934 980 1135 1019 testatur
1167 971 1505 1031 Christianum,
1555 990 1659 1021 cum

36 1043 231 1108 uli'op‘ter
260 1059 361 1092 eam
394 1042 676 1101 detestatur,
710 1042 982 1090 benedictio
1016 1051 1088 1090 est
1120 1043 1345 1101 nominis,
1388 1043 1658 1092 maledictio

32 1111 298 1163 custoditae
339 1114 631 1178 disciplinae.
711 1113 760 1161 Si
800 1113 1089 1172 hominibus,
1140 1115 1310 1178 inquit,
1358 1114 1527 1163 vellem
1560 1115 1658 1178 pla-

45 1199 171 1243 3ης,
224 1201 389 1234 servus
423 1185 597 1233 Christi
629 1202 721 1232 nou
754 1200 906 1232 essem
923 1185 990 1241 4).
1072 1183 1169 1232 Sed
1200 1183 1324 1232 idem
1356 1185 1467 1232 alibi
1501 1185 1656 1233 iubet:

43 1255 248 1304 amnibus
276 1257 469 1320 placere
503 1273 733 1304 curemus.
789 1254 1184 1314 Quemadmodum
1217 1271 1325 1319 ego,
1360 1256 1524 1319 inquit,
1560 1272 1658 1303 om-

30 1325 168 1374 nibus
210 1326 298 1390 per
341 1327 495 1374 onmia
543 1326 709 1390 placeo
727 1326 786 1389 5).
877 1325 1106 1373 Nimirum
1155 1326 1421 1373 Saturnalia
1466 1335 1515 1374 et
1561 1326 1656 1374 Ka-

30 1394 195 1444 lendas
225 1395 464 1445 lanuarias
498 1397 745 1445 celebrans
777 1396 1038 1444 hominibus
1063 1396 1311 1459 placebat?
1341 1413 1397 1444 an
1425 1396 1657 1445 modestia

27 1467 356 1531 *et-patientia,
403 1484 462 1515 an
500 1468 755 1532 gravitate,
805 1484 863 1514 an
894 1467 1202 1525 humanitate,
1250 1484 1308 1514 an
1349 1469 1658 1532 integritate?

20 1535 233 1586 ‘Proinde
265 1553 369 1586 cum
401 1537 540 1586 dicit:
590 1537 753 1585 Omnia
794 1537 1005 1585 omnibus
1044 1539 1198 1585 factus
1238 1554 1360 1596 sum,
1409 1548 1459 1586 ut
1490 1554 1654 1586 omnes

15 1608 316 1656 *lucrifaciam
335 1609 406 1670 ὅ),
467 1608 687 1673 numquid
746 1607 1010 1656 idololatris
1071 1607 1370 1666 idololatres,
1433 1609 1654 1674 numquid

24 1675 228 1728 ethnicis
259 1680 494 1738 ethnicus,
535 1679 755 1744 numquid
787 1678 1081 1727 secularibus
1110 1680 1371 1727 secularis?
1431 1679 1528 1728 Sed
1563 1682 1654 1728 etsi

24 1760 133 1798 mm
149 1750 372 1815 prohibet
402 1767 488 1799 nos
520 1752 792 1798 conversari
825 1767 928 1798 cum
967 1749 1231 1798 idololatris
1264 1760 1312 1797 et
1342 1750 1572 1799 adulteris
1605 1761 1654 1799 et

23 1821 205 1869 ceteris
238 1822 517 1880 criminosis,
552 1820 715 1869 dicens
732 1822 805 1880 ⁷):
846 1830 1058 1869 ceterum
1085 1820 1143 1869 de
1169 1820 1339 1868 mundo
1367 1823 1564 1870 exiretis
1581 1823 1651 1885 3);

11 1906 117 1939 non
148 1892 307 1957 utique
341 1909 423 1940 eas
454 1892 659 1940 habenas
692 1893 1068 1939 conversationis
1100 1893 1323 1949 immutat,
1357 1901 1408 1938 ut
1433 1894 1652 1956 quoniam

0 1977 224 2011 ¹necesse
257 1963 318 2010 sit
348 1972 396 2011 et
427 1964 680 2010 convivere
713 1978 799 2009 nos
834 1970 881 2009 et
913 1963 1210 2010 commisceri
1243 1978 1345 2009 cum
1377 1964 1652 2026 peccatori-

21 2031 133 2091 bus,
178 2031 290 2084 ideo
330 2043 379 2081 et
417 2049 519 2081 cum
559 2034 628 2081 eis
665 2049 870 2097 peceare
903 2034 1133 2097 possimus
1149 2033 1212 2092 9).
1290 2032 1360 2080 Ibi
1407 2043 1480 2081 est
1521 2051 1652 2082 com-

6 2103 250 2168 ³·mercium
277 2105 418 2162 vitae,
453 2103 577 2168 quod
608 2104 849 2168 apostolus
882 2102 1125 2152 concedit:
1158 2104 1235 2151 hic
1267 2119 1488 2167 peccare,
1524 2104 1651 2169 quod

0 2172 160 2224 *buno
190 2176 430 2238 permittit.
505 2174 646 2222 Licet
691 2175 945 2222 convivere
993 2192 1097 2222 cum
1144 2174 1369 2230 ethnicis,
1419 2177 1650 2223 commori

6 2254 116 2293 m
145 2244 276 2294 licet.
327 2246 637 2294 Convivamus
669 2261 773 2293 cum
806 2246 1032 2305 omnibus,
1067 2246 1392 2293 conlaetemur
1424 2261 1490 2294 ex
1517 2263 1651 2294 com-

119 2315 241 2365 ione
271 2325 487 2375 naturae,
535 2334 627 2364 non
659 2318 1026 2380 superstitionis.
1105 2316 1249 2365 Pares
1289 2318 1443 2364 anima
1474 2335 1646 2376 sumus,

120 2383 416 2452 disciplina,
461 2403 872 2452 compossessores
903 2386 1086 2470 mundi,
1126 2404 1218 2435 non
1252 2389 1447 2435 erroris.
1511 2387 1649 2447 Quod

0 2451 234 2509 -uffnohis
258 2459 429 2506 nullum
466 2460 538 2506 ius
577 2467 650 2507 est
689 2459 1031 2506 communionis
1073 2460 1120 2506 in
1153 2457 1385 2506 eiusmodi
1426 2474 1529 2505 cum
1563 2474 1649 2505 ex-

24 2528 224 2591 meisi,
271 2539 443 2593 quanto
476 2530 724 2578 scelestius
757 2538 852 2587 est,
908 2530 1027 2577 haec
1058 2531 1183 2576 inter
1221 2529 1392 2575 fratres
1423 2529 1648 2592 frequen-

22 2602 162 2650 ¹0¹¹!-
223 2599 336 2659 Quis
380 2601 472 2648 hoc
518 2601 750 2648 sustinere
791 2610 871 2648 aut
909 2598 1171 2647 defendere
1210 2600 1396 2662 potest?
1459 2598 1646 2647 Iudaeis

23 2663 127 2717 fles
163 2684 272 2718 suos
309 2670 458 2719 festos
498 2671 753 2736 exprobrat
784 2671 972 2735 spiritus
1012 2678 1219 2717 sanctus.
1298 2668 1526 2729 Sabbata,
1575 2672 1646 2717 in-

19 2927 50 2945 ᾑ,
135 2894 180 2944 1)
210 2895 313 2932 Edu.
330 2907 496 2936 omnes:
530 2898 799 2935 irascatur
829 2899 878 2934 et
910 2895 1158 2933 dominus.
1275 2897 1318 2946 2)
1352 2896 1505 2936 Rhen.t
1538 2907 1643 2944 vae,

15 2949 174 2996 ,ἰῆς
206 2962 395 2991 caussa
425 2956 506 2991 etc.
552 2954 701 3003 Rig.et
719 2953 901 2995 Semler:
933 2952 1100 2990 vestri
1131 2963 1331 2990 caussa.
1448 2954 1491 2999 3)
1524 2954 1642 2990 Rom.

14 3047 16 3051 ,
47 3005 57 3014 ‘¹
192 3009 269 3045 len.
287 3010 354 3057 52,
375 3012 412 3047 5.
456 3009 610 3048 Ezech.
628 3012 695 3058 36,
715 3012 780 3047 20.
904 3009 949 3057 4)
981 3009 1071 3046 Gal.
1089 3010 1128 3057 1,
1145 3010 1211 3046 10.
1341 3007 1383 3059 5)
1417 3012 1439 3046 1
1459 3011 1554 3047 Cor.
1575 3011 1642 3056 10,

91 3075 93 3078 ’
176 3063 222 3112 6)
254 3065 390 3102 1cor.
407 3067 447 3114 9,
466 3067 532 3103 22.
626 3065 670 3115 7)
701 3067 839 3104 1Cor.
860 3066 982 3116 5,1o.
1076 3064 1120 3112 8)
1152 3065 1332 3106 Semler:
1364 3065 1642 3113 exissetis,

8 3156 18 3163 μ,
107 3119 253 3158 ‘’Rhen.
285 3125 328 3159 et
357 3122 534 3171 Rigalt:
577 3122 818 3161 exiretis.
952 3121 996 3170 9)
1027 3123 1074 3158 In
1106 3122 1198 3159 cod.
1229 3123 1377 3171 Agob.:
1426 3122 1557 3159 idem
1595 3123 1646 3157 et

14 3164 359 3237 'lffpeccare
391 3178 670 3228 possimun,
704 3190 812 3226 quae
828 3189 893 3216 vv.
909 3178 1071 3226 recepit
1086 3178 1239 3228 Rigalt.
