<?xml version="1.0" encoding="UTF-8"?>
<!DOCTYPE html PUBLIC "-//W3C//DTD XHTML 1.0 Transitional//EN"
    "http://www.w3.org/TR/xhtml1/DTD/xhtml1-transitional.dtd">
<html xmlns="http://www.w3.org/1999/xhtml" xml:lang="en" lang="en">
 <head>
  <title>
</title>
<meta http-equiv="Content-Type" content="text/html;charset=utf-8" />
  <meta name='ocr-system' content='tesseract 3.04.00' />
  <meta name='ocr-capabilities' content='ocr_page ocr_carea ocr_par ocr_line ocrx_word'/>
</head>
<body>
  <div class='ocr_page' id='page_1' title='image "./operatert12tertuoft_0423.png"; bbox 0 0 1942 3554; ppageno 0'>
   <div class='ocr_carea' id='block_1_1' title="bbox 631 164 1658 215">
    <p class='ocr_par' dir='ltr' id='par_1_1' title="bbox 631 164 1658 215">
     <span class='ocr_line' id='line_1_1' title="bbox 631 164 1658 215; baseline -0.007 0"><span class='ocrx_word' id='word_1_1' title='bbox 631 175 714 215; x_wconf 85' lang='lat' dir='ltr'><strong>DE</strong></span> <span class='ocrx_word' id='word_1_2' title='bbox 742 171 1083 213; x_wconf 68' lang='lat' dir='ltr'><strong>Punicum.</strong></span> <span class='ocrx_word' id='word_1_3' title='bbox 1535 164 1658 209; x_wconf 68' lang='lat'><strong>151</strong></span> 
     </span>
    </p>
   </div>
   <div class='ocr_carea' id='block_1_2' title="bbox 0 0 117 1680">
    <p class='ocr_par' dir='ltr' id='par_1_2' title="bbox 0 0 117 1680">
     <span class='ocr_line' id='line_1_2' title="bbox 0 0 117 597; baseline 0 -286"><span class='ocrx_word' id='word_1_4' title='bbox 0 0 117 597; x_wconf 95' lang='lat' dir='ltr'><strong>     </strong></span> 
     </span>
     <span class='ocr_line' id='line_1_3' title="bbox 0 608 108 890; baseline 0 0"><span class='ocrx_word' id='word_1_5' title='bbox 0 608 108 890; x_wconf 95' lang='lat' dir='ltr'><strong>      </strong></span> 
     </span>
     <span class='ocr_line' id='line_1_4' title="bbox 0 890 27 1680; baseline 0 -431"><span class='ocrx_word' id='word_1_6' title='bbox 0 890 27 1680; x_wconf 95' lang='lat' dir='ltr'><strong>    </strong></span> 
     </span>
    </p>
   </div>
   <div class='ocr_carea' id='block_1_3' title="bbox 0 275 1720 3042">
    <p class='ocr_par' dir='ltr' id='par_1_3' title="bbox 0 275 1720 3042">
     <span class='ocr_line' id='line_1_5' title="bbox 91 275 1720 357; baseline -0.009 -15"><span class='ocrx_word' id='word_1_7' title='bbox 91 275 464 357; x_wconf 62' lang='lat' dir='ltr'><strong>&#39;congruentiae</strong></span> <span class='ocrx_word' id='word_1_8' title='bbox 495 305 649 338; x_wconf 89' lang='lat' dir='ltr'><strong>rerum</strong></span> <span class='ocrx_word' id='word_1_9' title='bbox 680 298 729 338; x_wconf 90' lang='lat' dir='ltr'><strong>et</strong></span> <span class='ocrx_word' id='word_1_10' title='bbox 756 283 1306 350; x_wconf 86' lang='lat' dir='ltr'><strong>tutelae·disciplinarum</strong></span> <span class='ocrx_word' id='word_1_11' title='bbox 1330 279 1656 330; x_wconf 88' lang='lat' dir='ltr'><strong>accommoda·</strong></span> <span class='ocrx_word' id='word_1_12' title='bbox 1711 313 1720 319; x_wconf 74' lang='lat'><em>-</em></span> 
     </span>
     <span class='ocr_line' id='line_1_6' title="bbox 117 353 1657 427; baseline -0.007 -15"><span class='ocrx_word' id='word_1_13' title='bbox 117 364 197 412; x_wconf 72' lang='lat' dir='ltr'><strong>‘res</strong></span> <span class='ocrx_word' id='word_1_14' title='bbox 225 362 637 427; x_wconf 64' lang='lat' dir='ltr'><strong>interpretationes</strong></span> <span class='ocrx_word' id='word_1_15' title='bbox 666 359 942 408; x_wconf 77' lang='lat' dir='ltr'><strong>reddidisse.</strong></span> <span class='ocrx_word' id='word_1_16' title='bbox 998 358 1216 405; x_wconf 88' lang='lat' dir='ltr'><strong>Ceterum</strong></span> <span class='ocrx_word' id='word_1_17' title='bbox 1247 355 1286 401; x_wconf 91' lang='lat' dir='ltr'><strong>si</strong></span> <span class='ocrx_word' id='word_1_18' title='bbox 1315 354 1362 400; x_wconf 91' lang='lat' dir='ltr'><strong>in</strong></span> <span class='ocrx_word' id='word_1_19' title='bbox 1392 353 1483 400; x_wconf 90' lang='lat' dir='ltr'><strong>hoc</strong></span> <span class='ocrx_word' id='word_1_20' title='bbox 1514 354 1657 416; x_wconf 89' lang='lat' dir='ltr'><strong>gestit</strong></span> 
     </span>
     <span class='ocr_line' id='line_1_7' title="bbox 51 423 1656 498; baseline -0.007 -15"><span class='ocrx_word' id='word_1_21' title='bbox 51 424 54 425; x_wconf 32' lang='lat'><em>⁷</em></span> <span class='ocrx_word' id='word_1_22' title='bbox 159 434 236 482; x_wconf 84' lang='lat' dir='ltr'><strong>rsa</strong></span> <span class='ocrx_word' id='word_1_23' title='bbox 263 435 371 498; x_wconf 74' lang='lat' dir='ltr'><strong>pars</strong></span> <span class='ocrx_word' id='word_1_24' title='bbox 401 448 533 480; x_wconf 92' lang='lat' dir='ltr'><strong>ovem</strong></span> <span class='ocrx_word' id='word_1_25' title='bbox 564 439 613 480; x_wconf 90' lang='lat' dir='ltr'><strong>et</strong></span> <span class='ocrx_word' id='word_1_26' title='bbox 642 430 907 484; x_wconf 81' lang='lat' dir='ltr'><strong>drachmam</strong></span> <span class='ocrx_word' id='word_1_27' title='bbox 937 437 987 477; x_wconf 88' lang='lat' dir='ltr'><strong>et</strong></span> <span class='ocrx_word' id='word_1_28' title='bbox 1015 428 1098 475; x_wconf 86' lang='lat' dir='ltr'><strong>filii</strong></span> <span class='ocrx_word' id='word_1_29' title='bbox 1133 426 1359 491; x_wconf 81' lang='lat' dir='ltr'><strong>luxuriam</strong></span> <span class='ocrx_word' id='word_1_30' title='bbox 1391 423 1656 472; x_wconf 90' lang='lat' dir='ltr'><strong>Christiano</strong></span> 
     </span>
     <span class='ocr_line' id='line_1_8' title="bbox 62 496 1655 568; baseline -0.006 -14"><span class='ocrx_word' id='word_1_31' title='bbox 62 512 64 514; x_wconf 82' lang='grc'><strong>’</strong></span> <span class='ocrx_word' id='word_1_32' title='bbox 101 504 293 555; x_wconf 62' lang='lat' dir='ltr'><strong>&#39;coateri</strong></span> <span class='ocrx_word' id='word_1_33' title='bbox 324 504 642 568; x_wconf 68' lang='lat' dir='ltr'><strong>configurare,</strong></span> <span class='ocrx_word' id='word_1_34' title='bbox 689 511 740 550; x_wconf 91' lang='lat' dir='ltr'><strong>ut</strong></span> <span class='ocrx_word' id='word_1_35' title='bbox 783 500 1042 549; x_wconf 79' lang='lat' dir='ltr'><strong>moechiam</strong></span> <span class='ocrx_word' id='word_1_36' title='bbox 1073 506 1123 545; x_wconf 90' lang='lat' dir='ltr'><strong>et</strong></span> <span class='ocrx_word' id='word_1_37' title='bbox 1151 496 1510 544; x_wconf 83' lang='lat' dir='ltr'><strong>fornicationem</strong></span> <span class='ocrx_word' id='word_1_38' title='bbox 1539 511 1655 560; x_wconf 90' lang='lat' dir='ltr'><strong>poe·-</strong></span> 
     </span>
     <span class='ocr_line' id='line_1_9' title="bbox 118 567 1655 633; baseline -0.008 -8"><span class='ocrx_word' id='word_1_39' title='bbox 118 575 260 629; x_wconf 33' lang='lat' dir='ltr'><strong>entia,</strong></span> <span class='ocrx_word' id='word_1_40' title='bbox 273 573 469 633; x_wconf 83' lang='lat' dir='ltr'><strong>donent,</strong></span> <span class='ocrx_word' id='word_1_41' title='bbox 499 581 581 622; x_wconf 84' lang='lat' dir='ltr'><strong>&#39;aut</strong></span> <span class='ocrx_word' id='word_1_42' title='bbox 611 581 659 621; x_wconf 90' lang='lat' dir='ltr'><strong>et</strong></span> <span class='ocrx_word' id='word_1_43' title='bbox 689 567 851 621; x_wconf 85' lang='lat' dir='ltr'><strong>cetera</strong></span> <span class='ocrx_word' id='word_1_44' title='bbox 881 569 1055 619; x_wconf 86' lang='lat' dir='ltr'><strong>delicta</strong></span> <span class='ocrx_word' id='word_1_45' title='bbox 1083 570 1263 633; x_wconf 83' lang='lat' dir='ltr'><strong>pariter</strong></span> <span class='ocrx_word' id='word_1_46' title='bbox 1293 567 1511 631; x_wconf 89' lang='lat' dir='ltr'><strong>capitalia</strong></span> <span class='ocrx_word' id='word_1_47' title='bbox 1541 583 1655 614; x_wconf 90' lang='lat' dir='ltr'><strong>con-</strong></span> 
     </span>
     <span class='ocr_line' id='line_1_10' title="bbox 36 635 1654 711; baseline -0.004 -16"><span class='ocrx_word' id='word_1_48' title='bbox 36 637 155 709; x_wconf 56' lang='lat' dir='ltr'><strong>ffli</strong></span> <span class='ocrx_word' id='word_1_49' title='bbox 185 635 443 711; x_wconf 75' lang='lat' dir='ltr'><strong>oportebit,</strong></span> <span class='ocrx_word' id='word_1_50' title='bbox 490 653 571 692; x_wconf 88' lang='lat' dir='ltr'><strong>aut</strong></span> <span class='ocrx_word' id='word_1_51' title='bbox 612 646 745 708; x_wconf 89' lang='lat' dir='ltr'><strong>paria</strong></span> <span class='ocrx_word' id='word_1_52' title='bbox 783 656 965 707; x_wconf 86' lang='lat' dir='ltr'><strong>quoque</strong></span> <span class='ocrx_word' id='word_1_53' title='bbox 996 655 1157 688; x_wconf 88' lang='lat' dir='ltr'><strong>eorum</strong></span> <span class='ocrx_word' id='word_1_54' title='bbox 1187 643 1448 689; x_wconf 85' lang='lat' dir='ltr'><strong>moechiam</strong></span> <span class='ocrx_word' id='word_1_55' title='bbox 1479 650 1527 689; x_wconf 91' lang='lat' dir='ltr'><strong>et</strong></span> <span class='ocrx_word' id='word_1_56' title='bbox 1555 643 1654 689; x_wconf 83' lang='lat' dir='ltr'><strong>for-</strong></span> 
     </span>
     <span class='ocr_line' id='line_1_11' title="bbox 32 708 1654 779; baseline -0.004 -13"><span class='ocrx_word' id='word_1_57' title='bbox 32 710 328 770; x_wconf 56' lang='lat' dir='ltr'><strong>flc&#39;atiouem</strong></span> <span class='ocrx_word' id='word_1_58' title='bbox 357 716 736 764; x_wconf 71' lang='lat' dir='ltr'><strong>inconcessibilia</strong></span> <span class='ocrx_word' id='word_1_59' title='bbox 766 712 958 762; x_wconf 82' lang='lat' dir='ltr'><strong>servari.</strong></span> <span class='ocrx_word' id='word_1_60' title='bbox 1008 708 1103 758; x_wconf 85' lang='lat' dir='ltr'><strong>Sed</strong></span> <span class='ocrx_word' id='word_1_61' title='bbox 1133 710 1234 773; x_wconf 92' lang='lat' dir='ltr'><strong>plus</strong></span> <span class='ocrx_word' id='word_1_62' title='bbox 1265 720 1360 773; x_wconf 88' lang='lat' dir='ltr'><strong>est,</strong></span> <span class='ocrx_word' id='word_1_63' title='bbox 1393 714 1515 779; x_wconf 91' lang='lat' dir='ltr'><strong>quod</strong></span> <span class='ocrx_word' id='word_1_64' title='bbox 1540 713 1654 760; x_wconf 88' lang='lat' dir='ltr'><strong>nihil</strong></span> 
     </span>
     <span class='ocr_line' id='line_1_12' title="bbox 111 779 1652 852; baseline -0.001 -16"><span class='ocrx_word' id='word_1_65' title='bbox 111 787 171 837; x_wconf 81' lang='lat' dir='ltr'><strong>ud</strong></span> <span class='ocrx_word' id='word_1_66' title='bbox 201 787 516 852; x_wconf 75' lang='lat' dir='ltr'><strong>argumentari</strong></span> <span class='ocrx_word' id='word_1_67' title='bbox 547 787 660 836; x_wconf 83' lang='lat' dir='ltr'><strong>licet</strong></span> <span class='ocrx_word' id='word_1_68' title='bbox 690 787 809 833; x_wconf 82' lang='lat' dir='ltr'><strong>citra</strong></span> <span class='ocrx_word' id='word_1_69' title='bbox 838 783 886 831; x_wconf 91' lang='lat' dir='ltr'><strong>id</strong></span> <span class='ocrx_word' id='word_1_70' title='bbox 916 781 974 830; x_wconf 89' lang='lat' dir='ltr'><strong>de</strong></span> <span class='ocrx_word' id='word_1_71' title='bbox 1007 797 1097 844; x_wconf 92' lang='lat' dir='ltr'><strong>quo</strong></span> <span class='ocrx_word' id='word_1_72' title='bbox 1135 779 1378 842; x_wconf 84' lang='lat' dir='ltr'><strong>agebatur.</strong></span> <span class='ocrx_word' id='word_1_73' title='bbox 1440 786 1652 850; x_wconf 81' lang='lat' dir='ltr'><strong>Denique</strong></span> 
     </span>
     <span class='ocr_line' id='line_1_13' title="bbox 115 849 1654 923; baseline -0.01 -16"><span class='ocrx_word' id='word_1_74' title='bbox 115 860 334 907; x_wconf 81' lang='lat' dir='ltr'><strong>aliorsum</strong></span> <span class='ocrx_word' id='word_1_75' title='bbox 363 857 612 923; x_wconf 80' lang='lat' dir='ltr'><strong>parabolas</strong></span> <span class='ocrx_word' id='word_1_76' title='bbox 641 855 946 903; x_wconf 85' lang='lat' dir='ltr'><strong>transducere</strong></span> <span class='ocrx_word' id='word_1_77' title='bbox 971 852 1160 908; x_wconf 88' lang='lat' dir='ltr'><strong>liceret,</strong></span> <span class='ocrx_word' id='word_1_78' title='bbox 1193 849 1252 896; x_wconf 89' lang='lat' dir='ltr'><strong>ad</strong></span> <span class='ocrx_word' id='word_1_79' title='bbox 1275 859 1543 921; x_wconf 63' lang='lat' dir='ltr'><strong>martyrium</strong></span> <span class='ocrx_word' id='word_1_80' title='bbox 1567 873 1654 921; x_wconf 72' lang='lat' dir='ltr'><strong>po-</strong></span> 
     </span>
     <span class='ocr_line' id='line_1_14' title="bbox 32 920 1652 993; baseline -0.002 -15"><span class='ocrx_word' id='word_1_81' title='bbox 32 920 140 993; x_wconf 49' lang='grc' dir='ltr'><strong>ὥς</strong></span> <span class='ocrx_word' id='word_1_82' title='bbox 165 928 471 993; x_wconf 78' lang='lat' dir='ltr'><strong>dirigeremus</strong></span> <span class='ocrx_word' id='word_1_83' title='bbox 501 943 628 992; x_wconf 92' lang='lat' dir='ltr'><strong>spem</strong></span> <span class='ocrx_word' id='word_1_84' title='bbox 659 928 862 985; x_wconf 88' lang='lat' dir='ltr'><strong>illarum,</strong></span> <span class='ocrx_word' id='word_1_85' title='bbox 910 924 1034 991; x_wconf 90' lang='lat' dir='ltr'><strong>quod</strong></span> <span class='ocrx_word' id='word_1_86' title='bbox 1063 927 1210 974; x_wconf 92' lang='lat' dir='ltr'><strong>solum</strong></span> <span class='ocrx_word' id='word_1_87' title='bbox 1243 930 1365 976; x_wconf 88' lang='lat' dir='ltr'><strong>omni</strong></span> <span class='ocrx_word' id='word_1_88' title='bbox 1396 927 1652 975; x_wconf 85' lang='lat' dir='ltr'><strong>substantia</strong></span> 
     </span>
     <span class='ocr_line' id='line_1_15' title="bbox 102 995 1652 1063; baseline -0.002 -15"><span class='ocrx_word' id='word_1_89' title='bbox 102 999 105 1006; x_wconf 78' lang='grc'><em>“</em></span> <span class='ocrx_word' id='word_1_90' title='bbox 132 998 270 1048; x_wconf 86' lang='lat' dir='ltr'><strong>dacta</strong></span> <span class='ocrx_word' id='word_1_91' title='bbox 301 997 550 1048; x_wconf 82' lang='lat' dir='ltr'><strong>restituere</strong></span> <span class='ocrx_word' id='word_1_92' title='bbox 582 998 723 1045; x_wconf 87' lang='lat' dir='ltr'><strong>filium</strong></span> <span class='ocrx_word' id='word_1_93' title='bbox 752 999 944 1063; x_wconf 87' lang='lat' dir='ltr'><strong>poterit,</strong></span> <span class='ocrx_word' id='word_1_94' title='bbox 977 1006 1026 1044; x_wconf 88' lang='lat' dir='ltr'><strong>ct</strong></span> <span class='ocrx_word' id='word_1_95' title='bbox 1049 995 1314 1046; x_wconf 86' lang='lat' dir='ltr'><strong>drachmam</strong></span> <span class='ocrx_word' id='word_1_96' title='bbox 1345 1000 1468 1046; x_wconf 88' lang='lat' dir='ltr'><strong>inter</strong></span> <span class='ocrx_word' id='word_1_97' title='bbox 1498 999 1652 1046; x_wconf 89' lang='lat' dir='ltr'><strong>omnia</strong></span> 
     </span>
     <span class='ocr_line' id='line_1_16' title="bbox 108 1066 1651 1133; baseline -0.002 -14"><span class='ocrx_word' id='word_1_98' title='bbox 108 1079 157 1119; x_wconf 87' lang='lat' dir='ltr'><strong>et</strong></span> <span class='ocrx_word' id='word_1_99' title='bbox 184 1071 232 1118; x_wconf 88' lang='lat' dir='ltr'><strong>iu</strong></span> <span class='ocrx_word' id='word_1_100' title='bbox 262 1078 474 1118; x_wconf 85' lang='lat' dir='ltr'><strong>stercore</strong></span> <span class='ocrx_word' id='word_1_101' title='bbox 505 1072 740 1133; x_wconf 80' lang='lat' dir='ltr'><strong>repertam</strong></span> <span class='ocrx_word' id='word_1_102' title='bbox 771 1085 873 1116; x_wconf 92' lang='lat' dir='ltr'><strong>cum</strong></span> <span class='ocrx_word' id='word_1_103' title='bbox 905 1066 1076 1132; x_wconf 85' lang='lat' dir='ltr'><strong>gaudio</strong></span> <span class='ocrx_word' id='word_1_104' title='bbox 1099 1067 1406 1133; x_wconf 84' lang='lat' dir='ltr'><strong>praedicabit,</strong></span> <span class='ocrx_word' id='word_1_105' title='bbox 1440 1078 1489 1117; x_wconf 90' lang='lat' dir='ltr'><strong>et</strong></span> <span class='ocrx_word' id='word_1_106' title='bbox 1517 1078 1651 1117; x_wconf 81' lang='lat' dir='ltr'><strong>ovem</strong></span> 
     </span>
     <span class='ocr_line' id='line_1_17' title="bbox 64 1138 1651 1206; baseline -0.002 -17"><span class='ocrx_word' id='word_1_107' title='bbox 64 1191 79 1201; x_wconf 35' lang='grc'><strong>,,</strong></span> <span class='ocrx_word' id='word_1_108' title='bbox 104 1154 130 1189; x_wconf 90' lang='lat' dir='ltr'><strong>r</strong></span> <span class='ocrx_word' id='word_1_109' title='bbox 159 1156 328 1206; x_wconf 88' lang='lat' dir='ltr'><strong>aspera</strong></span> <span class='ocrx_word' id='word_1_110' title='bbox 358 1140 567 1204; x_wconf 85' lang='lat' dir='ltr'><strong>quae&#39;que</strong></span> <span class='ocrx_word' id='word_1_111' title='bbox 601 1148 649 1187; x_wconf 91' lang='lat' dir='ltr'><strong>et</strong></span> <span class='ocrx_word' id='word_1_112' title='bbox 677 1140 874 1204; x_wconf 87' lang='lat' dir='ltr'><strong>abrupta</strong></span> <span class='ocrx_word' id='word_1_113' title='bbox 902 1140 1143 1203; x_wconf 84' lang='lat' dir='ltr'><strong>fugitivam</strong></span> <span class='ocrx_word' id='word_1_114' title='bbox 1166 1140 1369 1188; x_wconf 89' lang='lat' dir='ltr'><strong>humeris</strong></span> <span class='ocrx_word' id='word_1_115' title='bbox 1392 1141 1535 1204; x_wconf 87' lang='lat' dir='ltr'><strong>ipsius</strong></span> <span class='ocrx_word' id='word_1_116' title='bbox 1565 1138 1651 1186; x_wconf 92' lang='lat' dir='ltr'><strong>do-</strong></span> 
     </span>
     <span class='ocr_line' id='line_1_18' title="bbox 28 1208 1647 1275; baseline -0.003 -15"><span class='ocrx_word' id='word_1_117' title='bbox 28 1208 152 1261; x_wconf 64' lang='lat' dir='ltr'><strong>‘iiim</strong></span> <span class='ocrx_word' id='word_1_118' title='bbox 181 1213 230 1259; x_wconf 92' lang='lat' dir='ltr'><strong>in</strong></span> <span class='ocrx_word' id='word_1_119' title='bbox 260 1226 454 1275; x_wconf 86' lang='lat' dir='ltr'><strong>gregem</strong></span> <span class='ocrx_word' id='word_1_120' title='bbox 484 1212 679 1266; x_wconf 76' lang='lat' dir='ltr'><strong>referet.</strong></span> <span class='ocrx_word' id='word_1_121' title='bbox 756 1209 852 1258; x_wconf 89' lang='lat' dir='ltr'><strong>Sed</strong></span> <span class='ocrx_word' id='word_1_122' title='bbox 882 1211 1102 1257; x_wconf 91' lang='lat' dir='ltr'><strong>malumus</strong></span> <span class='ocrx_word' id='word_1_123' title='bbox 1133 1211 1179 1257; x_wconf 91' lang='lat' dir='ltr'><strong>in</strong></span> <span class='ocrx_word' id='word_1_124' title='bbox 1209 1212 1454 1275; x_wconf 90' lang='lat' dir='ltr'><strong>scripturis</strong></span> <span class='ocrx_word' id='word_1_125' title='bbox 1484 1211 1647 1265; x_wconf 89' lang='lat' dir='ltr'><strong>minus,</strong></span> 
     </span>
     <span class='ocr_line' id='line_1_19' title="bbox 25 1280 1650 1346; baseline -0.003 -15"><span class='ocrx_word' id='word_1_126' title='bbox 25 1281 82 1331; x_wconf 73' lang='lat' dir='ltr'><strong>nsi</strong></span> <span class='ocrx_word' id='word_1_127' title='bbox 111 1283 258 1340; x_wconf 74' lang='lat' dir='ltr'><strong>forte,</strong></span> <span class='ocrx_word' id='word_1_128' title='bbox 290 1296 456 1346; x_wconf 87' lang='lat' dir='ltr'><strong>sapere</strong></span> <span class='ocrx_word' id='word_1_129' title='bbox 497 1297 630 1345; x_wconf 88' lang='lat' dir='ltr'><strong>quam</strong></span> <span class='ocrx_word' id='word_1_130' title='bbox 663 1290 843 1329; x_wconf 88' lang='lat' dir='ltr'><strong>contra.</strong></span> <span class='ocrx_word' id='word_1_131' title='bbox 917 1280 1120 1328; x_wconf 88' lang='lat' dir='ltr'><strong>Proinde</strong></span> <span class='ocrx_word' id='word_1_132' title='bbox 1153 1296 1334 1330; x_wconf 92' lang='lat' dir='ltr'><strong>sensum</strong></span> <span class='ocrx_word' id='word_1_133' title='bbox 1365 1281 1538 1328; x_wconf 91' lang='lat' dir='ltr'><strong>domini</strong></span> <span class='ocrx_word' id='word_1_134' title='bbox 1569 1295 1650 1327; x_wconf 89' lang='lat' dir='ltr'><strong>cu-</strong></span> 
     </span>
     <span class='ocr_line' id='line_1_20' title="bbox 28 1344 1650 1416; baseline -0.001 -16"><span class='ocrx_word' id='word_1_135' title='bbox 28 1344 219 1400; x_wconf 72' lang='lat' dir='ltr'><strong>ust&#39;o&#39;dire</strong></span> <span class='ocrx_word' id='word_1_136' title='bbox 251 1350 472 1400; x_wconf 90' lang='lat' dir='ltr'><strong>debemus</strong></span> <span class='ocrx_word' id='word_1_137' title='bbox 503 1361 643 1416; x_wconf 90' lang='lat' dir='ltr'><strong>atque</strong></span> <span class='ocrx_word' id='word_1_138' title='bbox 673 1358 992 1416; x_wconf 84' lang='lat' dir='ltr'><strong>praeceptum.</strong></span> <span class='ocrx_word' id='word_1_139' title='bbox 1065 1351 1174 1398; x_wconf 90' lang='lat' dir='ltr'><strong>Non</strong></span> <span class='ocrx_word' id='word_1_140' title='bbox 1212 1362 1284 1400; x_wconf 90' lang='lat' dir='ltr'><strong>est</strong></span> <span class='ocrx_word' id='word_1_141' title='bbox 1320 1353 1469 1400; x_wconf 89' lang='lat' dir='ltr'><strong>levior</strong></span> <span class='ocrx_word' id='word_1_142' title='bbox 1497 1359 1650 1398; x_wconf 86' lang='lat' dir='ltr'><strong>trans·—</strong></span> 
     </span>
     <span class='ocr_line' id='line_1_21' title="bbox 25 1420 1394 1517; baseline 0 -47"><span class='ocrx_word' id='word_1_143' title='bbox 25 1420 222 1517; x_wconf 42' lang='lat' dir='ltr'><strong>gssressio</strong></span> <span class='ocrx_word' id='word_1_144' title='bbox 253 1423 300 1470; x_wconf 89' lang='lat' dir='ltr'><strong>in</strong></span> <span class='ocrx_word' id='word_1_145' title='bbox 330 1423 745 1486; x_wconf 87' lang='lat' dir='ltr'><strong>interpretatione,</strong></span> <span class='ocrx_word' id='word_1_146' title='bbox 779 1438 912 1486; x_wconf 89' lang='lat' dir='ltr'><strong>quam</strong></span> <span class='ocrx_word' id='word_1_147' title='bbox 941 1423 989 1468; x_wconf 93' lang='lat' dir='ltr'><strong>in</strong></span> <span class='ocrx_word' id='word_1_148' title='bbox 1021 1424 1394 1470; x_wconf 87' lang='lat' dir='ltr'><strong>conversatione.</strong></span> 
     </span>
     <span class='ocr_line' id='line_1_22' title="bbox 183 1491 1650 1558; baseline -0.001 -17"><span class='ocrx_word' id='word_1_149' title='bbox 183 1493 263 1546; x_wconf 84' lang='lat'><strong>10.</strong></span> <span class='ocrx_word' id='word_1_150' title='bbox 323 1492 535 1540; x_wconf 87' lang='lat' dir='ltr'><strong>Excusso</strong></span> <span class='ocrx_word' id='word_1_151' title='bbox 566 1493 710 1555; x_wconf 79' lang='lat' dir='ltr'><strong>igitur</strong></span> <span class='ocrx_word' id='word_1_152' title='bbox 739 1493 850 1556; x_wconf 87' lang='lat' dir='ltr'><strong>iugo</strong></span> <span class='ocrx_word' id='word_1_153' title='bbox 881 1493 928 1539; x_wconf 91' lang='lat' dir='ltr'><strong>in</strong></span> <span class='ocrx_word' id='word_1_154' title='bbox 958 1492 1191 1539; x_wconf 86' lang='lat' dir='ltr'><strong>ethnicum</strong></span> <span class='ocrx_word' id='word_1_155' title='bbox 1223 1491 1482 1542; x_wconf 89' lang='lat' dir='ltr'><strong>disserendi</strong></span> <span class='ocrx_word' id='word_1_156' title='bbox 1511 1507 1650 1558; x_wconf 89' lang='lat' dir='ltr'><strong>para-</strong></span> 
     </span>
     <span class='ocr_line' id='line_1_23' title="bbox 25 1556 1649 1628; baseline -0.002 -16"><span class='ocrx_word' id='word_1_157' title='bbox 25 1556 175 1620; x_wconf 56' lang='lat' dir='ltr'><strong>mulas</strong></span> <span class='ocrx_word' id='word_1_158' title='bbox 200 1565 336 1622; x_wconf 87' lang='lat' dir='ltr'><strong>istas,</strong></span> <span class='ocrx_word' id='word_1_159' title='bbox 383 1571 432 1611; x_wconf 91' lang='lat' dir='ltr'><strong>et</strong></span> <span class='ocrx_word' id='word_1_160' title='bbox 475 1564 619 1611; x_wconf 80' lang='lat' dir='ltr'><strong>semel</strong></span> <span class='ocrx_word' id='word_1_161' title='bbox 657 1561 868 1628; x_wconf 88' lang='lat' dir='ltr'><strong>dispecta</strong></span> <span class='ocrx_word' id='word_1_162' title='bbox 904 1563 980 1610; x_wconf 89' lang='lat' dir='ltr'><strong>vel</strong></span> <span class='ocrx_word' id='word_1_163' title='bbox 1018 1572 1211 1627; x_wconf 87' lang='lat' dir='ltr'><strong>recepta</strong></span> <span class='ocrx_word' id='word_1_164' title='bbox 1241 1565 1523 1612; x_wconf 85' lang='lat' dir='ltr'><strong>necessitate</strong></span> <span class='ocrx_word' id='word_1_165' title='bbox 1555 1579 1649 1609; x_wconf 91' lang='lat' dir='ltr'><strong>non</strong></span> 
     </span>
     <span class='ocr_line' id='line_1_24' title="bbox 25 1614 1651 1699; baseline -0.002 -16"><span class='ocrx_word' id='word_1_166' title='bbox 25 1614 179 1695; x_wconf 55' lang='lat' dir='ltr'><strong>ufliter</strong></span> <span class='ocrx_word' id='word_1_167' title='bbox 207 1632 571 1699; x_wconf 82' lang='lat' dir='ltr'><strong>interpretandi,</strong></span> <span class='ocrx_word' id='word_1_168' title='bbox 602 1649 738 1697; x_wconf 89' lang='lat' dir='ltr'><strong>quam</strong></span> <span class='ocrx_word' id='word_1_169' title='bbox 769 1634 964 1681; x_wconf 88' lang='lat' dir='ltr'><strong>materia</strong></span> <span class='ocrx_word' id='word_1_170' title='bbox 988 1636 1217 1698; x_wconf 88' lang='lat' dir='ltr'><strong>propositi</strong></span> <span class='ocrx_word' id='word_1_171' title='bbox 1242 1643 1327 1692; x_wconf 88' lang='lat' dir='ltr'><strong>est,</strong></span> <span class='ocrx_word' id='word_1_172' title='bbox 1361 1632 1651 1682; x_wconf 90' lang='lat' dir='ltr'><strong>contendunt</strong></span> 
     </span>
     <span class='ocr_line' id='line_1_25' title="bbox 22 1701 1646 1769; baseline -0.001 -17"><span class='ocrx_word' id='word_1_173' title='bbox 22 1704 37 1752; x_wconf 83' lang='lat' dir='ltr'><strong>l</strong></span> <span class='ocrx_word' id='word_1_174' title='bbox 84 1710 130 1753; x_wconf 73' lang='lat' dir='ltr'><strong>in</strong></span> <span class='ocrx_word' id='word_1_175' title='bbox 174 1721 262 1757; x_wconf 88' lang='lat' dir='ltr'><strong>nec</strong></span> <span class='ocrx_word' id='word_1_176' title='bbox 308 1713 579 1769; x_wconf 84' lang='lat' dir='ltr'><strong>competere</strong></span> <span class='ocrx_word' id='word_1_177' title='bbox 624 1701 824 1752; x_wconf 81' lang='lat' dir='ltr'><strong>ethnicis</strong></span> <span class='ocrx_word' id='word_1_178' title='bbox 869 1705 1186 1768; x_wconf 90' lang='lat' dir='ltr'><strong>poenitentiae</strong></span> <span class='ocrx_word' id='word_1_179' title='bbox 1233 1704 1646 1761; x_wconf 86' lang='lat' dir='ltr'><strong>denuntiationem,</strong></span> 
     </span>
     <span class='ocr_line' id='line_1_26' title="bbox 19 1695 1649 1971; baseline 0.001 -151.984"><span class='ocrx_word' id='word_1_180' title='bbox 19 1695 233 1971; x_wconf 55' lang='grc' dir='ltr'><strong>ιὲἶνιῂιι</strong></span> <span class='ocrx_word' id='word_1_181' title='bbox 263 1774 437 1823; x_wconf 74' lang='lat' dir='ltr'><strong>delicta</strong></span> <span class='ocrx_word' id='word_1_182' title='bbox 468 1775 671 1825; x_wconf 84' lang='lat' dir='ltr'><strong>obnoxia</strong></span> <span class='ocrx_word' id='word_1_183' title='bbox 702 1775 746 1821; x_wconf 91' lang='lat' dir='ltr'><strong>ei</strong></span> <span class='ocrx_word' id='word_1_184' title='bbox 777 1791 869 1821; x_wconf 92' lang='lat' dir='ltr'><strong>non</strong></span> <span class='ocrx_word' id='word_1_185' title='bbox 900 1775 1005 1832; x_wconf 91' lang='lat' dir='ltr'><strong>sint,</strong></span> <span class='ocrx_word' id='word_1_186' title='bbox 1038 1776 1331 1838; x_wconf 86' lang='lat' dir='ltr'><strong>ignorantiae</strong></span> <span class='ocrx_word' id='word_1_187' title='bbox 1356 1776 1540 1822; x_wconf 89' lang='lat' dir='ltr'><strong>scilicet</strong></span> <span class='ocrx_word' id='word_1_188' title='bbox 1562 1776 1649 1821; x_wconf 87' lang='lat' dir='ltr'><strong>im·</strong></span> 
     </span>
     <span class='ocr_line' id='line_1_27' title="bbox 22 1844 1646 1910; baseline -0.001 -16"><span class='ocrx_word' id='word_1_189' title='bbox 22 1859 33 1910; x_wconf 70' lang='lat'><em>1</em></span> <span class='ocrx_word' id='word_1_190' title='bbox 69 1844 264 1904; x_wconf 44' lang='lat' dir='ltr'><strong>tanda,</strong></span> <span class='ocrx_word' id='word_1_191' title='bbox 312 1862 445 1910; x_wconf 91' lang='lat' dir='ltr'><strong>quam</strong></span> <span class='ocrx_word' id='word_1_192' title='bbox 491 1846 592 1893; x_wconf 90' lang='lat' dir='ltr'><strong>sola</strong></span> <span class='ocrx_word' id='word_1_193' title='bbox 635 1853 802 1893; x_wconf 88' lang='lat' dir='ltr'><strong>natura</strong></span> <span class='ocrx_word' id='word_1_194' title='bbox 844 1861 972 1893; x_wconf 88' lang='lat' dir='ltr'><strong>ream</strong></span> <span class='ocrx_word' id='word_1_195' title='bbox 1018 1844 1107 1893; x_wconf 89' lang='lat' dir='ltr'><strong>deo</strong></span> <span class='ocrx_word' id='word_1_196' title='bbox 1153 1847 1311 1893; x_wconf 87' lang='lat' dir='ltr'><strong>faciat.</strong></span> <span class='ocrx_word' id='word_1_197' title='bbox 1379 1845 1539 1902; x_wconf 48' lang='lat' dir='ltr'><strong>Porro„</strong></span> <span class='ocrx_word' id='word_1_198' title='bbox 1559 1861 1646 1892; x_wconf 90' lang='lat' dir='ltr'><strong>nec</strong></span> 
     </span>
     <span class='ocr_line' id='line_1_28' title="bbox 0 1904 1647 1987; baseline -0.001 -23"><span class='ocrx_word' id='word_1_199' title='bbox 0 1904 31 1964; x_wconf 39' lang='lat' dir='ltr'><strong>i!</strong></span> <span class='ocrx_word' id='word_1_200' title='bbox 141 1916 245 1964; x_wconf 90' lang='lat' dir='ltr'><strong>edia</strong></span> <span class='ocrx_word' id='word_1_201' title='bbox 277 1931 465 1979; x_wconf 90' lang='lat' dir='ltr'><strong>sapere,</strong></span> <span class='ocrx_word' id='word_1_202' title='bbox 499 1917 661 1987; x_wconf 88' lang='lat' dir='ltr'><strong>quibus</strong></span> <span class='ocrx_word' id='word_1_203' title='bbox 691 1916 902 1980; x_wconf 88' lang='lat' dir='ltr'><strong>pericula</strong></span> <span class='ocrx_word' id='word_1_204' title='bbox 931 1917 1031 1980; x_wconf 87' lang='lat' dir='ltr'><strong>ipsa</strong></span> <span class='ocrx_word' id='word_1_205' title='bbox 1060 1933 1153 1963; x_wconf 91' lang='lat' dir='ltr'><strong>non</strong></span> <span class='ocrx_word' id='word_1_206' title='bbox 1184 1918 1386 1981; x_wconf 83' lang='lat' dir='ltr'><strong>sapiant3</strong></span> <span class='ocrx_word' id='word_1_207' title='bbox 1432 1916 1527 1962; x_wconf 88' lang='lat' dir='ltr'><strong>illic</strong></span> <span class='ocrx_word' id='word_1_208' title='bbox 1566 1931 1647 1962; x_wconf 87' lang='lat' dir='ltr'><strong>au-</strong></span> 
     </span>
     <span class='ocr_line' id='line_1_29' title="bbox 21 1976 1648 2050; baseline 0.003 -21"><span class='ocrx_word' id='word_1_209' title='bbox 21 1976 132 2042; x_wconf 57' lang='lat' dir='ltr'><strong>ttem</strong></span> <span class='ocrx_word' id='word_1_210' title='bbox 162 1987 480 2050; x_wconf 90' lang='lat' dir='ltr'><strong>poenitentiae</strong></span> <span class='ocrx_word' id='word_1_211' title='bbox 514 1995 731 2034; x_wconf 84' lang='lat' dir='ltr'><strong>constare</strong></span> <span class='ocrx_word' id='word_1_212' title='bbox 762 1988 1013 2045; x_wconf 84' lang='lat' dir='ltr'><strong>rationem,</strong></span> <span class='ocrx_word' id='word_1_213' title='bbox 1059 1988 1138 2034; x_wconf 92' lang='lat' dir='ltr'><strong>ubi</strong></span> <span class='ocrx_word' id='word_1_214' title='bbox 1170 1988 1457 2035; x_wconf 86' lang='lat' dir='ltr'><strong>conscientia</strong></span> <span class='ocrx_word' id='word_1_215' title='bbox 1488 1995 1537 2034; x_wconf 89' lang='lat' dir='ltr'><strong>et</strong></span> <span class='ocrx_word' id='word_1_216' title='bbox 1563 2003 1648 2034; x_wconf 89' lang='lat' dir='ltr'><strong>vo-</strong></span> 
     </span>
     <span class='ocr_line' id='line_1_30' title="bbox 0 2051 1646 2122; baseline 0.002 -21"><span class='ocrx_word' id='word_1_217' title='bbox 0 2051 215 2106; x_wconf 60' lang='lat' dir='ltr'><strong>&gt;¹liuntate</strong></span> <span class='ocrx_word' id='word_1_218' title='bbox 262 2055 565 2121; x_wconf 88' lang='lat' dir='ltr'><strong>delinquitur,</strong></span> <span class='ocrx_word' id='word_1_219' title='bbox 611 2057 690 2104; x_wconf 89' lang='lat' dir='ltr'><strong>ubi</strong></span> <span class='ocrx_word' id='word_1_220' title='bbox 734 2065 783 2104; x_wconf 90' lang='lat' dir='ltr'><strong>et</strong></span> <span class='ocrx_word' id='word_1_221' title='bbox 827 2058 963 2122; x_wconf 85' lang='lat' dir='ltr'><strong>culpa</strong></span> <span class='ocrx_word' id='word_1_222' title='bbox 1007 2060 1157 2122; x_wconf 90' lang='lat' dir='ltr'><strong>sapiat</strong></span> <span class='ocrx_word' id='word_1_223' title='bbox 1201 2067 1249 2106; x_wconf 90' lang='lat' dir='ltr'><strong>et</strong></span> <span class='ocrx_word' id='word_1_224' title='bbox 1285 2059 1459 2122; x_wconf 83' lang='lat' dir='ltr'><strong>gratia3</strong></span> <span class='ocrx_word' id='word_1_225' title='bbox 1519 2057 1646 2104; x_wconf 92' lang='lat' dir='ltr'><strong>illum</strong></span> 
     </span>
     <span class='ocr_line' id='line_1_31' title="bbox 23 2126 1647 2192; baseline 0 -18"><span class='ocrx_word' id='word_1_226' title='bbox 23 2131 26 2160; x_wconf 44' lang='grc' dir='ltr'><strong><em>ἕ</em></strong></span> <span class='ocrx_word' id='word_1_227' title='bbox 56 2127 225 2190; x_wconf 75' lang='lat' dir='ltr'><strong>‘gere,</strong></span> <span class='ocrx_word' id='word_1_228' title='bbox 256 2127 383 2175; x_wconf 91' lang='lat' dir='ltr'><strong>illum</strong></span> <span class='ocrx_word' id='word_1_229' title='bbox 411 2127 635 2184; x_wconf 78' lang='lat' dir='ltr'><strong>volutari,¹</strong></span> <span class='ocrx_word' id='word_1_230' title='bbox 669 2128 745 2191; x_wconf 91' lang='lat' dir='ltr'><strong>qui</strong></span> <span class='ocrx_word' id='word_1_231' title='bbox 777 2128 916 2186; x_wconf 90' lang='lat' dir='ltr'><strong>sciat,</strong></span> <span class='ocrx_word' id='word_1_232' title='bbox 964 2137 1014 2175; x_wconf 89' lang='lat' dir='ltr'><strong>et</strong></span> <span class='ocrx_word' id='word_1_233' title='bbox 1044 2128 1151 2192; x_wconf 89' lang='lat' dir='ltr'><strong>quid</strong></span> <span class='ocrx_word' id='word_1_234' title='bbox 1187 2130 1415 2186; x_wconf 89' lang='lat' dir='ltr'><strong>amiserit,</strong></span> <span class='ocrx_word' id='word_1_235' title='bbox 1460 2135 1508 2176; x_wconf 89' lang='lat' dir='ltr'><strong>et</strong></span> <span class='ocrx_word' id='word_1_236' title='bbox 1538 2126 1647 2192; x_wconf 89' lang='lat' dir='ltr'><strong>quid</strong></span> 
     </span>
     <span class='ocr_line' id='line_1_32' title="bbox 55 2193 1645 2262; baseline -0.001 -17"><span class='ocrx_word' id='word_1_237' title='bbox 55 2199 78 2215; x_wconf 54' lang='lat'><strong>²*</strong></span> <span class='ocrx_word' id='word_1_238' title='bbox 141 2193 527 2262; x_wconf 82' lang='lat' dir='ltr'><strong>recuperaturuS,</strong></span> <span class='ocrx_word' id='word_1_239' title='bbox 574 2198 613 2245; x_wconf 88' lang='lat' dir='ltr'><strong>si</strong></span> <span class='ocrx_word' id='word_1_240' title='bbox 656 2199 991 2262; x_wconf 88' lang='lat' dir='ltr'><strong>poenitentiam</strong></span> <span class='ocrx_word' id='word_1_241' title='bbox 1037 2198 1126 2247; x_wconf 91' lang='lat' dir='ltr'><strong>deo</strong></span> <span class='ocrx_word' id='word_1_242' title='bbox 1173 2200 1441 2257; x_wconf 86' lang='lat' dir='ltr'><strong>immolarit,</strong></span> <span class='ocrx_word' id='word_1_243' title='bbox 1486 2200 1645 2262; x_wconf 89' lang='lat' dir='ltr'><strong>utique</strong></span> 
     </span>
     <span class='ocr_line' id='line_1_33' title="bbox 18 2268 1649 2334; baseline 0 -19"><span class='ocrx_word' id='word_1_244' title='bbox 18 2270 140 2319; x_wconf 70' lang='lat' dir='ltr'><strong>-Iam</strong></span> <span class='ocrx_word' id='word_1_245' title='bbox 170 2269 317 2331; x_wconf 85' lang='lat' dir='ltr'><strong>magis</strong></span> <span class='ocrx_word' id='word_1_246' title='bbox 354 2268 460 2316; x_wconf 76' lang='lat' dir='ltr'><strong>filiis</strong></span> <span class='ocrx_word' id='word_1_247' title='bbox 506 2268 722 2316; x_wconf 83' lang='lat' dir='ltr'><strong>offerenti</strong></span> <span class='ocrx_word' id='word_1_248' title='bbox 768 2286 900 2333; x_wconf 88' lang='lat' dir='ltr'><strong>quam</strong></span> <span class='ocrx_word' id='word_1_249' title='bbox 946 2271 1195 2318; x_wconf 86' lang='lat' dir='ltr'><strong>extraneis.</strong></span> <span class='ocrx_word' id='word_1_250' title='bbox 1270 2269 1390 2317; x_wconf 91' lang='lat' dir='ltr'><strong>Num</strong></span> <span class='ocrx_word' id='word_1_251' title='bbox 1437 2286 1553 2334; x_wconf 86' lang='lat' dir='ltr'><strong>ergo</strong></span> <span class='ocrx_word' id='word_1_252' title='bbox 1599 2277 1649 2315; x_wconf 88' lang='lat' dir='ltr'><strong>et</strong></span> 
     </span>
     <span class='ocr_line' id='line_1_34' title="bbox 0 2335 1639 2406; baseline 0.001 -20"><span class='ocrx_word' id='word_1_253' title='bbox 0 2341 21 2399; x_wconf 53' lang='lat' dir='ltr'>J</span> <span class='ocrx_word' id='word_1_254' title='bbox 47 2335 80 2406; x_wconf 65' lang='grc' dir='ltr'><strong> ο</strong></span> <span class='ocrx_word' id='word_1_255' title='bbox 134 2340 236 2399; x_wconf 87' lang='lat' dir='ltr'><strong>s¹)</strong></span> <span class='ocrx_word' id='word_1_256' title='bbox 269 2338 448 2391; x_wconf 86' lang='lat' dir='ltr'><strong>idcirco</strong></span> <span class='ocrx_word' id='word_1_257' title='bbox 481 2339 679 2390; x_wconf 83' lang='lat' dir='ltr'><strong>ethnicis</strong></span> <span class='ocrx_word' id='word_1_258' title='bbox 709 2339 927 2388; x_wconf 88' lang='lat' dir='ltr'><strong>Ninivitis</strong></span> <span class='ocrx_word' id='word_1_259' title='bbox 957 2357 1049 2388; x_wconf 90' lang='lat' dir='ltr'><strong>non</strong></span> <span class='ocrx_word' id='word_1_260' title='bbox 1079 2341 1272 2406; x_wconf 85' lang='lat' dir='ltr'><strong>putabat</strong></span> <span class='ocrx_word' id='word_1_261' title='bbox 1306 2343 1639 2406; x_wconf 89' lang='lat' dir='ltr'><strong>poenitentiam</strong></span> 
     </span>
     <span class='ocr_line' id='line_1_35' title="bbox 18 2410 1638 2476; baseline 0.004 -24"><span class='ocrx_word' id='word_1_262' title='bbox 18 2450 21 2451; x_wconf 10' lang='grc' dir='ltr'><em>γ</em></span> <span class='ocrx_word' id='word_1_263' title='bbox 83 2410 372 2467; x_wconf 86' lang='lat' dir='ltr'><strong>cessariam,</strong></span> <span class='ocrx_word' id='word_1_264' title='bbox 419 2425 519 2457; x_wconf 92' lang='lat' dir='ltr'><strong>cum</strong></span> <span class='ocrx_word' id='word_1_265' title='bbox 553 2411 850 2458; x_wconf 83' lang='lat' dir='ltr'><strong>cavillaretur</strong></span> <span class='ocrx_word' id='word_1_266' title='bbox 878 2413 925 2458; x_wconf 93' lang='lat' dir='ltr'><strong>in</strong></span> <span class='ocrx_word' id='word_1_267' title='bbox 955 2412 1320 2476; x_wconf 88' lang='lat' dir='ltr'><strong>praedicationis</strong></span> <span class='ocrx_word' id='word_1_268' title='bbox 1352 2414 1533 2470; x_wconf 85' lang='lat' dir='ltr'><strong>officio,</strong></span> <span class='ocrx_word' id='word_1_269' title='bbox 1579 2428 1638 2458; x_wconf 87' lang='lat' dir='ltr'><strong>an</strong></span> 
     </span>
     <span class='ocr_line' id='line_1_36' title="bbox 63 2479 1646 2548; baseline 0.004 -24"><span class='ocrx_word' id='word_1_270' title='bbox 63 2479 193 2526; x_wconf 88' lang='lat' dir='ltr'><strong>tius</strong></span> <span class='ocrx_word' id='word_1_271' title='bbox 222 2479 590 2528; x_wconf 87' lang='lat' dir='ltr'><strong>misericordiam</strong></span> <span class='ocrx_word' id='word_1_272' title='bbox 621 2480 697 2528; x_wconf 91' lang='lat' dir='ltr'><strong>dei</strong></span> <span class='ocrx_word' id='word_1_273' title='bbox 727 2481 977 2545; x_wconf 87' lang='lat' dir='ltr'><strong>providens</strong></span> <span class='ocrx_word' id='word_1_274' title='bbox 1009 2484 1148 2530; x_wconf 91' lang='lat' dir='ltr'><strong>etiam</strong></span> <span class='ocrx_word' id='word_1_275' title='bbox 1179 2485 1225 2530; x_wconf 93' lang='lat' dir='ltr'><strong>in</strong></span> <span class='ocrx_word' id='word_1_276' title='bbox 1256 2492 1505 2531; x_wconf 84' lang='lat' dir='ltr'><strong>extraneos</strong></span> <span class='ocrx_word' id='word_1_277' title='bbox 1535 2499 1646 2548; x_wconf 88' lang='lat' dir='ltr'><strong>pro-</strong></span> 
     </span>
     <span class='ocr_line' id='line_1_37' title="bbox 36 2549 1644 2617; baseline 0.002 -21"><span class='ocrx_word' id='word_1_278' title='bbox 36 2563 209 2606; x_wconf 84' lang='lat' dir='ltr'><strong>sam,</strong></span> <span class='ocrx_word' id='word_1_279' title='bbox 243 2551 371 2613; x_wconf 91' lang='lat' dir='ltr'><strong>quasi</strong></span> <span class='ocrx_word' id='word_1_280' title='bbox 402 2549 740 2599; x_wconf 87' lang='lat' dir='ltr'><strong>destructuram</strong></span> <span class='ocrx_word' id='word_1_281' title='bbox 771 2553 1094 2615; x_wconf 82' lang='lat' dir='ltr'><strong>praeconium,</strong></span> <span class='ocrx_word' id='word_1_282' title='bbox 1139 2553 1419 2600; x_wconf 82' lang='lat' dir='ltr'><strong>verebatur?</strong></span> <span class='ocrx_word' id='word_1_283' title='bbox 1488 2551 1644 2617; x_wconf 87' lang='lat' dir='ltr'><strong>Atque</strong></span> 
     </span>
     <span class='ocr_line' id='line_1_38' title="bbox 20 2621 1642 2688; baseline 0.004 -22"><span class='ocrx_word' id='word_1_284' title='bbox 20 2645 26 2687; x_wconf 72' lang='lat' dir='ltr'><em>j</em></span> <span class='ocrx_word' id='word_1_285' title='bbox 68 2625 86 2658; x_wconf 57' lang='lat' dir='ltr'><strong>f·</strong></span> <span class='ocrx_word' id='word_1_286' title='bbox 102 2634 160 2667; x_wconf 86' lang='lat' dir='ltr'><strong>eo</strong></span> <span class='ocrx_word' id='word_1_287' title='bbox 191 2627 386 2684; x_wconf 87' lang='lat' dir='ltr'><strong>propter</strong></span> <span class='ocrx_word' id='word_1_288' title='bbox 416 2621 649 2686; x_wconf 87' lang='lat' dir='ltr'><strong>civitatem</strong></span> <span class='ocrx_word' id='word_1_289' title='bbox 687 2622 952 2685; x_wconf 83' lang='lat' dir='ltr'><strong>profanam,</strong></span> <span class='ocrx_word' id='word_1_290' title='bbox 998 2622 1198 2669; x_wconf 89' lang='lat' dir='ltr'><strong>nondum</strong></span> <span class='ocrx_word' id='word_1_291' title='bbox 1244 2622 1319 2671; x_wconf 90' lang='lat' dir='ltr'><strong>dei</strong></span> <span class='ocrx_word' id='word_1_292' title='bbox 1366 2634 1642 2688; x_wconf 90' lang='lat' dir='ltr'><strong>compotem,</strong></span> 
     </span>
     <span class='ocr_line' id='line_1_39' title="bbox 18 2689 1644 2758; baseline 0.004 -22"><span class='ocrx_word' id='word_1_293' title='bbox 18 2704 20 2707; x_wconf 87' lang='grc'><strong><em>·</em></strong></span> <span class='ocrx_word' id='word_1_294' title='bbox 114 2704 191 2738; x_wconf 88' lang='lat' dir='ltr'><strong>uc</strong></span> <span class='ocrx_word' id='word_1_295' title='bbox 221 2690 486 2753; x_wconf 84' lang='lat' dir='ltr'><strong>ignorantia</strong></span> <span class='ocrx_word' id='word_1_296' title='bbox 516 2689 881 2755; x_wconf 86' lang='lat' dir='ltr'><strong>delinquentem,</strong></span> <span class='ocrx_word' id='word_1_297' title='bbox 914 2708 1063 2757; x_wconf 91' lang='lat' dir='ltr'><strong>paene</strong></span> <span class='ocrx_word' id='word_1_298' title='bbox 1086 2694 1227 2757; x_wconf 91' lang='lat' dir='ltr'><strong>periit</strong></span> <span class='ocrx_word' id='word_1_299' title='bbox 1248 2694 1523 2758; x_wconf 83' lang='lat' dir='ltr'><strong>prophetes3</strong></span> <span class='ocrx_word' id='word_1_300' title='bbox 1555 2696 1644 2742; x_wconf 87' lang='lat' dir='ltr'><strong>nisi</strong></span> 
     </span>
     <span class='ocr_line' id='line_1_40' title="bbox 46 2753 1643 2828; baseline 0.003 -21"><span class='ocrx_word' id='word_1_301' title='bbox 46 2766 106 2828; x_wconf 45' lang='grc' dir='ltr'><strong>,ᾗ</strong></span> <span class='ocrx_word' id='word_1_302' title='bbox 209 2761 468 2825; x_wconf 81' lang='lat' dir='ltr'><strong>exemplum</strong></span> <span class='ocrx_word' id='word_1_303' title='bbox 512 2753 672 2824; x_wconf 84' lang='lat' dir='ltr'><strong>passus</strong></span> <span class='ocrx_word' id='word_1_304' title='bbox 718 2770 789 2809; x_wconf 88' lang='lat' dir='ltr'><strong>est</strong></span> <span class='ocrx_word' id='word_1_305' title='bbox 839 2762 1100 2811; x_wconf 90' lang='lat' dir='ltr'><strong>dominicae</strong></span> <span class='ocrx_word' id='word_1_306' title='bbox 1151 2765 1379 2827; x_wconf 89' lang='lat' dir='ltr'><strong>passionis</strong></span> <span class='ocrx_word' id='word_1_307' title='bbox 1431 2766 1643 2812; x_wconf 88' lang='lat' dir='ltr'><strong>ethnicos</strong></span> 
     </span>
     <span class='ocr_line' id='line_1_41' title="bbox 27 2830 1641 2898; baseline 0.004 -21"><span class='ocrx_word' id='word_1_308' title='bbox 27 2879 58 2882; x_wconf 72' lang='grc'><strong>,,</strong></span> <span class='ocrx_word' id='word_1_309' title='bbox 103 2835 222 2894; x_wconf 80' lang='lat' dir='ltr'><strong>‘oque</strong></span> <span class='ocrx_word' id='word_1_310' title='bbox 266 2831 562 2894; x_wconf 82' lang='lat' dir='ltr'><strong>poenitentes</strong></span> <span class='ocrx_word' id='word_1_311' title='bbox 606 2830 949 2897; x_wconf 87' lang='lat' dir='ltr'><strong>redempturae.</strong></span> <span class='ocrx_word' id='word_1_312' title='bbox 1010 2833 1138 2881; x_wconf 92' lang='lat' dir='ltr'><strong>Bene</strong></span> <span class='ocrx_word' id='word_1_313' title='bbox 1186 2834 1306 2898; x_wconf 92' lang='lat' dir='ltr'><strong>quod</strong></span> <span class='ocrx_word' id='word_1_314' title='bbox 1352 2844 1399 2883; x_wconf 91' lang='lat' dir='ltr'><strong>et</strong></span> <span class='ocrx_word' id='word_1_315' title='bbox 1443 2835 1641 2883; x_wconf 88' lang='lat' dir='ltr'><strong>loannes</strong></span> 
     </span>
     <span class='ocr_line' id='line_1_42' title="bbox 0 2894 1640 2971; baseline 0.004 -24"><span class='ocrx_word' id='word_1_316' title='bbox 0 2919 22 2927; x_wconf 91' lang='grc'><strong>-·</strong></span> <span class='ocrx_word' id='word_1_317' title='bbox 48 2894 90 2967; x_wconf 43' lang='lat'><strong>2³</strong></span> <span class='ocrx_word' id='word_1_318' title='bbox 119 2901 215 2947; x_wconf 56' lang='lat' dir='ltr'><strong>aini</strong></span> <span class='ocrx_word' id='word_1_319' title='bbox 256 2901 356 2959; x_wconf 88' lang='lat' dir='ltr'><strong>vias</strong></span> <span class='ocrx_word' id='word_1_320' title='bbox 386 2909 620 2959; x_wconf 88' lang='lat' dir='ltr'><strong>sternens,</strong></span> <span class='ocrx_word' id='word_1_321' title='bbox 667 2918 758 2948; x_wconf 91' lang='lat' dir='ltr'><strong>non</strong></span> <span class='ocrx_word' id='word_1_322' title='bbox 789 2905 934 2951; x_wconf 90' lang='lat' dir='ltr'><strong>minus</strong></span> <span class='ocrx_word' id='word_1_323' title='bbox 963 2905 1261 2952; x_wconf 88' lang='lat' dir='ltr'><strong>militantibus</strong></span> <span class='ocrx_word' id='word_1_324' title='bbox 1292 2914 1340 2954; x_wconf 89' lang='lat' dir='ltr'><strong>et</strong></span> <span class='ocrx_word' id='word_1_325' title='bbox 1367 2904 1640 2971; x_wconf 87' lang='lat' dir='ltr'><strong>publicanis,</strong></span> 
     </span>
     <span class='ocr_line' id='line_1_43' title="bbox 87 2968 1640 3042; baseline 0.006 -25.649"><span class='ocrx_word' id='word_1_326' title='bbox 87 2980 176 3018; x_wconf 72' lang='lat' dir='ltr'><strong>‘am</strong></span> <span class='ocrx_word' id='word_1_327' title='bbox 206 2970 311 3018; x_wconf 81' lang='lat' dir='ltr'><strong>liliis</strong></span> <span class='ocrx_word' id='word_1_328' title='bbox 340 2968 600 3030; x_wconf 88' lang='lat' dir='ltr'><strong>Abraham,</strong></span> <span class='ocrx_word' id='word_1_329' title='bbox 632 2974 950 3035; x_wconf 88' lang='lat' dir='ltr'><strong>poenitentiae</strong></span> <span class='ocrx_word' id='word_1_330' title='bbox 982 2984 1084 3023; x_wconf 88' lang='lat' dir='ltr'><strong>erat</strong></span> <span class='ocrx_word' id='word_1_331' title='bbox 1111 2991 1286 3040; x_wconf 86' lang='lat' dir='ltr'><strong>praeco</strong></span> <span class='ocrx_word' id='word_1_332' title='bbox 1303 2979 1365 3038; x_wconf 85' lang='lat'><strong>2).</strong></span> <span class='ocrx_word' id='word_1_333' title='bbox 1421 2976 1524 3042; x_wconf 89' lang='lat' dir='ltr'><strong>Ipse</strong></span> <span class='ocrx_word' id='word_1_334' title='bbox 1557 2976 1640 3024; x_wconf 92' lang='lat' dir='ltr'><strong>do-</strong></span> 
     </span>
    </p>
   </div>
   <div class='ocr_carea' id='block_1_4' title="bbox 1 2175 391 3203">
    <p class='ocr_par' dir='ltr' id='par_1_4' title="bbox 1 2175 391 3203">
     <span class='ocr_line' id='line_1_44' title="bbox 26 2175 104 2365; baseline 0.064 -134"><span class='ocrx_word' id='word_1_335' title='bbox 26 2175 104 2365; x_wconf 95' lang='lat' dir='ltr'><strong>    </strong></span> 
     </span>
     <span class='ocr_line' id='line_1_45' title="bbox 19 2377 101 2721; baseline 0.22 -218"><span class='ocrx_word' id='word_1_336' title='bbox 19 2377 101 2721; x_wconf 95' lang='lat' dir='ltr'><strong>      </strong></span> 
     </span>
     <span class='ocr_line' id='line_1_46' title="bbox 19 2721 132 2792; baseline 0 -70"><span class='ocrx_word' id='word_1_337' title='bbox 19 2721 132 2792; x_wconf 95' lang='lat' dir='ltr'><strong>  </strong></span> 
     </span>
     <span class='ocr_line' id='line_1_47' title="bbox 17 2792 103 3006; baseline 0.012 -75"><span class='ocrx_word' id='word_1_338' title='bbox 17 2792 103 3006; x_wconf 95' lang='lat' dir='ltr'><strong>    </strong></span> 
     </span>
     <span class='ocr_line' id='line_1_48' title="bbox 1 3006 391 3203; baseline 0 -124"><span class='ocrx_word' id='word_1_339' title='bbox 1 3006 391 3203; x_wconf 95' lang='lat' dir='ltr'><strong>   </strong></span> 
     </span>
    </p>
   </div>
   <div class='ocr_carea' id='block_1_5' title="bbox 153 3125 892 3180">
    <p class='ocr_par' dir='ltr' id='par_1_5' title="bbox 153 3125 892 3180">
     <span class='ocr_line' id='line_1_49' title="bbox 153 3125 892 3180; baseline 0.007 -16"><span class='ocrx_word' id='word_1_340' title='bbox 153 3125 198 3176; x_wconf 85' lang='lat'><strong>1)</strong></span> <span class='ocrx_word' id='word_1_341' title='bbox 213 3126 301 3168; x_wconf 82' lang='lat' dir='ltr'><strong>lou.</strong></span> <span class='ocrx_word' id='word_1_342' title='bbox 317 3126 358 3177; x_wconf 74' lang='lat'><strong>8,</strong></span> <span class='ocrx_word' id='word_1_343' title='bbox 373 3127 412 3164; x_wconf 64' lang='grc' dir='ltr'><strong>Δ.</strong></span> <span class='ocrx_word' id='word_1_344' title='bbox 527 3128 572 3178; x_wconf 84' lang='lat'><strong>2)</strong></span> <span class='ocrx_word' id='word_1_345' title='bbox 587 3129 688 3167; x_wconf 76' lang='lat' dir='ltr'><strong>Luc.</strong></span> <span class='ocrx_word' id='word_1_346' title='bbox 706 3130 745 3180; x_wconf 77' lang='lat'><strong>3,</strong></span> <span class='ocrx_word' id='word_1_347' title='bbox 763 3130 814 3172; x_wconf 76' lang='lat'><strong>13</strong></span> <span class='ocrx_word' id='word_1_348' title='bbox 831 3140 892 3178; x_wconf 68' lang='lat' dir='ltr'><strong>tq.</strong></span> 
     </span>
    </p>
   </div>
  </div>
 </body>
</html>
