1942 3554
312 213 449 278 140‘
889 233 973 270 DE
1016 232 1353 270 PUD101T1A.

305 362 473 410 pacem
511 342 722 391 sufficere
760 359 852 388 non
893 342 1065 400 credit,
1113 341 1235 406 quod
1273 343 1505 391 ecclesiae
1542 347 1713 394 mavult
1748 350 1915 398 erube-

294 419 443 463 ‘scere
484 414 1013 476 quamcommunicare.
1072 411 1273 459 Adsistit
1311 415 1430 460 enim
1468 431 1553 478 pro
1591 417 1768 464 foribus
1799 421 1914 477 eius,

305 492 356 530 et
386 482 444 530 de
475 491 616 528 notae
648 497 757 528 suae
790 483 1003 544 exemplo
1036 491 1223 529 ceteros
1253 481 1473 530 admonet
1502 493 1550 531 et
1578 486 1791 534 lacrimas
1821 489 1917 537 fra-

303 561 426 599 trum
458 553 545 598 sibi
578 567 758 614 quoque
805 550 1029 608 advocat,
1076 561 1124 599 et
1167 551 1290 599 redit
1325 554 1427 615 plus
1464 555 1622 617 utique
1658 558 1917 619 negotiata,

305 622 675 684 compassionem
707 622 914 678 scilicet,
949 638 1083 684 quam
1117 623 1594 671 communicationem.
1656 625 1719 672 Et
1755 627 1795 674 si
1833 644 1918 691 pa-

304 706 406 738 cem
437 691 512 739 hic
546 707 639 737 non
671 691 826 748 metit,
873 691 994 754 apud
1026 691 1257 738 dominum
1296 694 1507 740 seminat.
1580 693 1685 742 Nec
1731 698 1916 756 amittit,

303 759 388 808 sed
418 769 671 824 praeparat
701 762 923 819 fructum,
958 778 1049 808 non
1080 762 1267 808 vacabit
1297 762 1354 808 ab
1386 764 1720 823 emolumento,
1753 767 1794 813 si
1823 783 1917 814 non

302 832 543 877 vacaverit
567 831 643 877 ‘ab
691 830 858 877 officio.
920 830 989 877 Ita
1029 847 1115 878 nec
1155 832 1446 894 poenitentia
1483 833 1743 882 huiusmodi
1780 853 1916 895 vana,

302 915 391 947 nec
430 899 677 963 disciplina
715 899 941 947 eiusmodi
980 900 1094 946 dura
1133 910 1218 947 est.
1278 900 1425 949 Deum
1463 903 1626 952 ambae
1664 905 1917 964 honorant,

301 970 384 1016 illa
413 970 527 1016 nihil
566 970 654 1016 sibi
684 969 968 1016 blandiendo
1009 971 1192 1018 facilius
1230 972 1518 1035 impetrabit,
1558 974 1648 1021 ista
1685 975 1798 1023 nihil
1829 977 1917 1024 sibi

302 1038 578 1086 assumendo
610 1040 790 1102 plenius
821 1039 1075 1087 adiuvabit.

442 1114 490 1157 4.
523 1107 770 1156 Possumus
801 1110 945 1170 igitur
975 1109 1252 1156 demandata
1282 1112 1598 1173 poenitentiae
1617 1112 1916 1164 distinctione

301 1176 362 1224 ad
406 1178 611 1240 ipsorum
658 1179 747 1224 iam
794 1177 1072 1227 delictorum
1116 1178 1306 1240 regredi
1355 1195 1563 1238 censum,
1610 1199 1669 1229 an
1705 1199 1764 1232 ea
1807 1187 1915 1243 sint,

302 1262 420 1310 quae
450 1248 633 1293 veniam
671 1247 729 1293 ab
770 1248 980 1294 omnibus
1029 1250 1252 1311 consequi
1287 1250 1482 1311 possint.
1544 1250 1756 1315 Inprimis
1793 1254 1918 1318 quod

298 1316 561 1363 moechiam
607 1325 656 1363 et
699 1317 1058 1364 fornicationem
1111 1319 1424 1376 nominamus,
1484 1336 1592 1368 usus
1627 1325 1915 1386 expostulat.

299 1384 456 1433 Habet
493 1394 541 1433 et
578 1385 693 1433 fides
733 1386 1019 1450 quorundam
1059 1389 1290 1434 nominum
1335 1389 1719 1449 familiaritatem,
1765 1394 1832 1442 ita
1869 1396 1916 1445 in

299 1456 425 1502 omni
458 1457 681 1519 opusculo
715 1473 842 1503 usum
875 1456 1174 1504 custodimus.
1237 1458 1454 1505 Ceterum
1491 1461 1530 1507 si
1561 1460 1835 1510 adulterium
1868 1472 1918 1512 et

297 1527 339 1572 si
371 1534 577 1589 stuprum
610 1525 797 1584 dixero,
837 1543 974 1574 unum
1007 1529 1099 1574 erit
1130 1530 1481 1582 contaminatae
1511 1531 1664 1601 carnis
1695 1533 1914 1595 elogium.

295 1593 403 1643 Nec
436 1597 558 1642 enim
588 1596 786 1644 interest
817 1606 1000 1659 nuptam
1034 1598 1232 1644 alienam
1264 1615 1322 1644 an
1346 1597 1527 1646 viduam
1560 1602 1659 1664 quis
1689 1598 1921 1661 incurset,

297 1663 405 1711 dum
437 1681 529 1711 non
560 1682 686 1712 suam
717 1668 955 1725 feminam,
990 1668 1111 1714 sicut
1143 1684 1228 1714 nec
1262 1668 1378 1714 locis
1407 1670 1576 1727 refert,
1610 1672 1656 1717 in
1689 1673 1915 1720 cubiculis

295 1750 357 1781 an
403 1736 449 1781 in
495 1736 698 1782 turribus
715 1738 759 1795 1)
806 1736 1031 1799 pudicitia
1077 1736 1351 1784 trucidetur.
1428 1738 1570 1787 Omne
1615 1740 1914 1790 homicidium

296 1813 434 1851 extra
465 1806 624 1852 silvam
657 1806 950 1852 latrocinium
984 1807 1173 1853 est.1ta
1204 1816 1252 1853 et
1282 1808 1542 1889 ubicunque
1572 1811 1689 1857 vel'
1677 1827 1723 1857 ιιι
1755 1828 1914 1875 quam·-

298 1890 479 1938 cunquc
512 1877 806 1938 semetipsum
838 1875 1072 1923 adulterat
1102 1886 1150 1923 et
1179 1886 1372 1940 stuprat,
1393 1879 1468 1941 qui
1485 1877 1637 1926 aliter
1666 1896 1797 1943 quam
1828 1899 1913 1930 nu-

293 1945 406 2008 ptiis
436 1946 594 1991 utitur.
643 1945 756 1992 Ideo
789 1962 932 2008 penes
965 1964 1048 1994 nos
1081 1948 1294 1994 occultae
1327 1963 1508 2011 quoque
1541 1948 1911 2010 coniunctiones,

293 2013 345 2061 id
378 2024 450 2061 est
481 2032 573 2061 non
604 2017 730 2078 prius
770 2016 890 2078 apud
922 2018 1172 2064 ecclesiam
1204 2019 1461 2079 professae,
1495 2020 1622 2066 iuxta
1652 2021 1912 2071 moechiam

297 2092 349 2130 et
378 2085 739 2132 fornicationem
771 2086 967 2133 iudicari
999 2088 1338 2150 periclitantur.
1385 2087 1488 2135 Nec
1520 2089 1628 2137 inde
1662 2090 1910 2140 consertae

296 2153 492 2200 obtentu
523 2157 803 2202 matrimonii
836 2158 1011 2202 crimen
1049 2156 1251 2205 eludant.
1300 2157 1531 2238 ⁸Reliquas
1570 2169 1722 2208 autem
1755 2161 1910 2211 libidi-

294 2238 403 2270 num
435 2224 578 2270 furias
608 2227 771 2286 impias
811 2235 858 2271 et
896 2228 941 2271 in
982 2243 1180 2289 corpora
1220 2236 1267 2273 et
1297 2228 1342 2272 in
1381 2244 1517 2274 sexus
1547 2231 1711 2276 ultra
1688 2247 1798 2278 lura
1828 2239 1909 2278 na-

294 2300 453 2349 turae,
501 2310 593 2340 non
625 2293 762 2340 modo
796 2296 973 2351 limine,
1019 2312 1177 2342 verum
1210 2297 1332 2342 omni
1371 2298 1603 2346 ecclesiae
1642 2308 1769 2379 tecto
1801 2301 1907 2348 sub-

294 2378 547 2420 movemus,
582 2364 687 2426 quia
718 2380 809 2410 non
842 2374 943 2410 sunt
976 2364 1162 2421 delicta,
1196 2364 1278 2411 sed
1310 2375 1529 2414 monstima

438 2437 484 2484 5.
546 2433 674 2496 Ergo
721 2435 955 2491 moechia,
1004 2435 1125 2497 quod
1171 2436 1308 2482 etiam
1346 2437 1671 2484 fornicationis
1707 2447 1776 2486 est
1813 2456 1905 2499 reS‚

296 2502 550 2550 secundum
585 2521 698 2566 opus
732 2506 938 2551 criminis
969 2507 1123 2567 quanti
1156 2505 1442 2552 aestimanda
1472 2508 1532 2553 sit
1561 2509 1777 2566 sceleris,
1809 2511 1906 2573 pri-

292 2589 370 2620 ma
401 2574 478 2620 lex
509 2572 584 2620 dei
615 2583 803 2637 praesto
836 2583 921 2621 est.
985 2573 1221 2638 Siquidem
1254 2584 1358 2638 post
1395 2576 1689 2625 interdictam
1728 2580 1906 2626 alieno-

293 2659 396 2691 rum
428 2641 621 2691 deorum
653 2646 1025 2707 superstitionem
1057 2647 1349 2708 ipsorumque
1380 2645 1608 2694 idolorum
1633 2648 1905 2703 fabricatio-

293 2728 416 2770 nem,
449 2722 556 2777 post
588 2713 954 2761 commendatam
993 2715 1171 2761 sabbati
1202 2716 1572 2774 venerationem,
1617 2727 1723 2781 post
1758 2721 1910 2782 impe-¹

293 2792 442 2831 ratam
475 2785 522 2829 in
543 2793 771 2847 parentes
801 2783 1051 2832 secundam
1083 2801 1110 2831 a
1142 2784 1231 2831 deo
1256 2786 1545 2847 religionem,
1578 2786 1903 2837 nullumaliud

292 2853 342 2899 in
382 2854 550 2899 talibus
588 2856 731 2901 titulis
769 2853 1004 2901 firmandis
1042 2854 1372 2918 monendisque
1411 2857 1664 2922 substruxit
1705 2874 1902 2921 praece·-

292 2929 437 2985 ptum,
472 2939 628 2985 quam:
676 2941 768 2970 non
799 2924 1121 2971 moechaberis
1137 2927 1199 2983 2).
1247 2925 1359 2972 Post
1387 2921 1789 2989 spiritalcm'enim
1821 2944 1900 2975 ca·-

294 2992 498 3039 stitatem
551 2996 932 3058 sanctitatemque
987 2996 1244 3058 corporalis
1302 2997 1590 3059 sequebatur
1637 2998 1894 3060 integritas.

409 3145 453 3195 1)
471 3145 679 3199 Ciaccon„
695 3148 850 3197 Latin„
868 3149 956 3197 Rig.
975 3161 1138 3188 correx.
1158 3149 1410 3188 curribus.
1538 3147 1579 3199 2)
1593 3149 1727 3189 Exod.
1744 3151 1811 3198 2⁰,
1829 3152 1891 3191 14.
