1942 3554
75 170 90 186 -1
66 126 100 139 ”
65 0 115 109 ⁴⁴?AE

147 133 156 138 ,
135 26 146 45 κ
130 0 150 13 r

551 163 1140 208 APOLOGETIGUS.
1595 164 1672 214 67

43 311 356 370 Christianus,
396 319 446 359 et
475 308 599 375 quod
628 317 677 356 et
708 318 774 360 tu.
851 306 949 356 Sed
979 306 1308 372 ignorantibus
1341 306 1589 355 subiicitur
1621 316 1674 355 et

29 383 309 448 ³inponitur.
382 381 514 430 Nihil
553 381 674 428 enim
706 379 799 426 tale
833 378 891 427 de
926 378 1202 426 Christianis
1241 379 1509 426 asseverari
1544 379 1673 426 scie-

25 453 171 511 ¹liant,
226 450 568 501 observandum
606 451 765 514 utique
812 450 903 497 sibi
941 459 991 497 et
1030 450 1155 497 omni
1194 449 1438 513 vigilantia
1476 450 1673 497 investi-

38 522 262 589 gandum.
310 522 486 587 Atquin
517 521 783 569 volentibus
815 521 991 568 initiari
1024 521 1168 568 moris
1194 528 1282 578 est,
1318 520 1505 585 opinor,
1538 520 1672 584 prius

38 603 220 660 patrem
251 594 377 642 illum
409 607 651 640 sacrorum
683 590 834 650 adire,
869 608 988 656 quae
1019 589 1346 655 praeparanda
1370 591 1464 637 sint
1489 589 1673 639 descri-

12 665 172 714 bere.
210 663 344 712 'Tum
373 662 476 711 ille:
524 663 677 710 infans
708 662 794 710 tibi
824 662 1148 719 necessarius,
1198 659 1351 708 adhuc
1385 669 1544 719 tener,
1595 662 1675 725 qui

41 736 225 784 neseiat
253 741 472 794 mortem,
505 735 583 798 qui
617 733 701 781 sub
734 733 887 781 cultro
919 741 1000 780 tuo
1033 731 1212 790 rideat,
1248 732 1361 779 item
1393 733 1545 795 panis,
1580 749 1672 796 quo

39 805 279 870 sanguinis
325 804 683 863 iurulentiam1)
738 804 960 868 colligas,
1013 811 1267 867 praeterea
1306 801 1589 849 candelabra
1624 811 1673 849 et

0 877 285 934 wlucernae,
338 884 387 923 et
425 891 569 924 canes
610 876 751 940 aliqui
791 884 839 923 et
877 874 1071 932 offulae,
1121 887 1240 938 quae
1280 872 1388 920 illos
1428 871 1488 920 ad
1535 888 1675 920 ever-

39 946 220 995 sionem
250 946 469 994 luminum
502 945 784 1005 extendant3
843 955 952 994 ante
992 946 1147 992 omnia
1187 959 1292 991 cum
1332 952 1482 991 matre
1516 952 1565 992 et
1596 960 1674 992 so-

38 1023 149 1066 rore
194 1026 272 1065 tua
317 1018 481 1065 venire
530 1017 743 1065 debebis.
821 1015 964 1076 Quid,
1013 1017 1053 1063 si
1091 1015 1354 1073 noluerint,
1401 1014 1478 1063 vel
1516 1015 1674 1063 nullae

11 1088 245 1136 ‘fuerint‘l
303 1087 415 1152 quid
460 1087 665 1152 denique
723 1088 988 1152 singulares
1036 1086 1322 1135 Christiani?
1401 1084 1512 1134 Non
1559 1086 1674 1143 erit,

41 1159 234 1223 opinor,
288 1159 524 1223 legitimus
557 1158 873 1217 Christianus,
928 1158 1018 1206 nisi
1049 1158 1200 1206 frater
1231 1165 1312 1204 aut
1343 1157 1485 1204 filius.
1553 1155 1678 1216 Quid

42 1245 188 1287 nunc,
243 1230 332 1277 etsi
370 1231 459 1277 ista
492 1230 646 1277 omnia
677 1230 854 1293 ignaris
885 1230 1258 1293 praeparantur?
1332 1226 1475 1274 Certe
1507 1235 1678 1290 postea

41 1308 343 1363 cognoscunt
382 1308 431 1346 et
468 1301 699 1347 sustinent
737 1308 786 1347 et
816 1301 1086 1364 ignoscunt.
1160 1299 1347 1346 Timent
1375 1298 1546 1362 plecti,
1598 1297 1677 1362 qui

43 1371 86 1417 si
116 1370 433 1434 proclament,
482 1369 674 1418 defendi
706 1371 1032 1428 merebuntur,
1081 1370 1157 1434 qui
1190 1370 1330 1417 etiam
1360 1369 1484 1416 ultro
1516 1369 1676 1433 perire

10 1473 16 1481 ‚
43 1440 228 1498 malint,
262 1456 396 1505 quam
422 1441 507 1488 sub
531 1441 614 1487 tali
639 1442 937 1489 conscientia
959 1441 1142 1488 vivere.
1181 1438 1289 1504 Age
1315 1455 1439 1488 nunc
1464 1440 1674 1498 timeant,

12 1526 134 1559 -eur
176 1512 316 1558 etiam
361 1513 700 1574 perseverant?
762 1511 987 1576 Sequitur
1026 1511 1171 1568 enim,
1219 1526 1278 1559 ue
1317 1510 1439 1558 ultra
1476 1510 1597 1558 velis
1629 1508 1678 1556 id

7 1596 13 1614 ’-
43 1590 94 1630 te
126 1597 255 1640 esse,
290 1580 414 1645 quod
444 1583 482 1629 si
514 1584 643 1646 prius
676 1583 874 1641 scisses,
915 1599 1008 1629 non
1041 1582 1231 1629 fuisses.

186 1656 235 1704 9.
275 1652 404 1700 Haec
430 1669 520 1717 quo
547 1654 696 1717 magis
721 1654 1050 1711 refutaverim,
1083 1669 1110 1699 a
1133 1652 1267 1700 vobis
1292 1652 1397 1700 lieri
1430 1650 1677 1700 ostendam

44 1723 212 1789 partim
243 1724 289 1769 in
320 1732 509 1787 aperto,
556 1725 724 1787 partim
763 1725 809 1770 in
851 1724 1066 1782 occulto,
1111 1740 1199 1787 per
1237 1722 1363 1788 quod
1395 1723 1595 1770 forsitan
1629 1731 1678 1770 et

45 1792 106 1842 de
145 1793 280 1841 nobis
319 1792 606 1842 credidistis.
668 1794 876 1842 Infantes
914 1810 1061 1858 penes
1100 1793 1313 1841 Africam
1348 1793 1553 1841 Saturno
1592 1794 1678 1840 im-

45 1865 343 1913 molabantur
372 1865 520 1928 palam
553 1881 700 1928 usque
732 1864 792 1912 ad
815 1865 1197 1928 proconsulatum
1214 1864 1411 1921 Tiberii,
1446 1865 1524 1928 qui
1549 1865 1678 1928 ipsos

47 1933 326 1983 sacerdotes
358 1935 405 1980 in
437 1934 613 1982 eisdem
652 1934 900 1982 arboribus
941 1935 1099 1999 templi
1140 1936 1210 1982 sui
1251 1933 1678 1982 obumbratricibus

48 2005 281 2054 scelerum
312 2006 484 2053 votivis
515 2005 733 2054 crucibus
749 2006 793 2068 2)
834 2007 1076 2070 exposuit,
1130 2013 1252 2053 teste
1292 2006 1455 2052 militia
1494 2005 1677 2068 patriae

48 2084 264 2134 nostrae,
311 2090 429 2140 quae
475 2075 523 2123 id
567 2077 714 2141 ipsum
758 2093 923 2124 munus
969 2077 1036 2123 illi
1077 2076 1350 2140 proconsuli
1389 2076 1551 2122 functa
1589 2084 1677 2122 est.

48 2144 148 2195 Sed
193 2155 243 2194 et
286 2162 408 2194 nunc
455 2148 502 2193 in
550 2147 739 2194 occulto
785 2156 1064 2211 perseverat
1109 2147 1199 2194 hoc
1247 2163 1431 2195 sacrum
1469 2146 1674 2195 facinus·

48 2215 159 2266 Non
204 2217 293 2264 soli
332 2234 416 2265 vos
456 2227 759 2266 contemnunt
792 2218 1068 2277 Christiani,
1124 2233 1213 2265 nec
1253 2218 1397 2265 ullum
1436 2218 1593 2265 scelus
1632 2218 1680 2264 in

49 2295 325 2352 perpetuum
372 2287 664 2347 eradicatur,
711 2298 791 2336 aut
835 2306 993 2337 mores
1032 2305 1142 2337 suos
1182 2289 1327 2353 aliqui
1367 2286 1482 2336 deus
1515 2296 1676 2335 mutat.

49 2355 166 2406 Cum
198 2359 399 2422 propriis
432 2359 540 2407 filiis
574 2359 803 2408 Saturnus
835 2377 928 2408 non
960 2361 1200 2424 pepercit,
1243 2360 1484 2407 extraneis
1517 2359 1678 2422 utique

49 2442 142 2476 non
172 2427 410 2493 parcendo
442 2431 799 2494 perseverabat,
850 2448 966 2496 quos
1006 2430 1192 2495 quidem
1231 2431 1320 2494 ipsi
1352 2437 1575 2493 parentes
1607 2429 1680 2476 sui

54 2497 341 2558 offerebant,
381 2509 429 2548 et
460 2501 662 2548 libentes
694 2501 1130 2566 respondebant3),
1181 2509 1229 2547 et
1260 2498 1513 2546 infantibus
1545 2498 1681 2546 blan-

52 2566 323 2628 diebantur,
354 2587 413 2618 ne
446 2572 746 2620 lacrimantes
779 2572 1146 2619 immolarentur.
1209 2570 1271 2616 Et
1300 2579 1455 2617 tamen
1488 2570 1678 2617 multum

51 2637 307 2688 homicidio
351 2642 654 2705 parricidium
702 2642 873 2690 differt.
962 2642 1118 2689 Maior
1163 2649 1294 2688 aetas
1348 2639 1469 2704 apud
1518 2640 1678 2689 Gallos

51 2707 293 2757 Mercurio
324 2713 678 2775 prosecabatur.
755 2713 960 2761 Remitto
999 2713 1227 2759 Tauricas
1267 2711 1447 2759 fabulas
1479 2712 1677 2759 theatris

168 2915 213 2968 1)
245 2919 398 2970 Rhem,
430 2923 638 2961 Barraeus
663 2926 705 2961 et
723 2924 958 2971 cod.Agob.
989 2924 1342 2962 virulentiam.
1459 2924 1501 2965 2)
1534 2926 1679 2963 vivos

46 2974 171 3012 addit
193 2976 371 3014 Haverc.
393 2989 416 3014 e
441 2980 530 3016 cod.
555 2981 674 3018 Fuld.
800 2980 844 3028 3)
874 2981 1030 3018 Vocem
1054 2981 1098 3018 in
1119 2983 1244 3019 rebus
1269 2981 1405 3019 sacris
1430 2981 1680 3019 sollemnem

52 3029 210 3070 habent
227 3033 345 3071 codd.
361 3034 466 3082 Put„
483 3037 631 3085 Bong.,
649 3037 781 3085 Fuld.‚
798 3037 945 3085 Lugd„
963 3035 1210 3087 edd.Rhen.,
1229 3038 1343 3076 Pam.
1361 3041 1402 3075 et
1421 3038 1566 3077 Seml.:
1592 3048 1678 3075 ex-

47 3090 326 3136 ponebant.
391 3091 474 3128 Sed
503 3091 546 3129 in
574 3093 664 3130 cod.
687 3095 816 3142 Agob.
845 3095 886 3130 et
917 3093 960 3130 in
985 3093 1119 3133 altero
1147 3095 1279 3145 Lugd.
1310 3095 1464 3133 desunt
1495 3105 1581 3131 vv.:
1629 3095 1682 3129 et

53 3140 284 3185 libentes
314 3157 444 3194 resp.
475 3154 523 3184 et
547 3145 636 3186 inf.
666 3149 1090 3188 blandiebantur.

145 3268 166 3278 ,
1256 3236 1284 3283 5
1304 3234 1327 3255 *

27 3382 39 3395 d<
75 3383 90 3408 ..⁷

20 3408 68 3426 j·
85 3409 91 3412 .

0 3426 116 3554 a
167 3473 173 3476 ·
