1942 3554
56 0 136 56 35-5-
148 4 158 14 ·’
178 12 188 57 q
215 36 219 37 ν
293 49 298 52 .

56 58 117 130 {s
196 68 218 95 ¹
358 64 363 65 ⁷

54 156 90 214 k
554 150 1154 208 ‘'APOLQGETIGUS.
1588 157 1706 216 105

65 312 303 380 appelleS,
336 324 492 358 nonne
522 309 764 357 maximam
796 315 847 354 et
876 305 1221 354 inexorabilem
1254 305 1478 355 offensam
1510 314 1698 355 contra·

68 385 156 438 hos
188 385 314 441 eiuS,
349 397 484 446 quem
514 378 733 436 habuisti,
767 377 912 426 etiam
944 377 1036 441 ipsi
1068 375 1335 435 timendam,
1369 393 1508 442 quem
1539 376 1700 441 appel-

67 454 210 505 lasti?
280 452 396 500 Esto
442 450 695 515 religiosus
744 448 793 495 in
841 446 1002 506 deum,
1052 449 1129 512 qui
1168 448 1240 496 vis
1278 448 1405 495 illum
1446 447 1703 511 propitium

68 523 397 590 imperatori.‘
438 521 614 570 Desine
646 518 787 567 alium
820 517 958 567 deum
992 517 1156 567 colere
1188 518 1266 567 vel
1299 517 1527 578 credere,
1560 526 1704 583 atque

68 597 138 645 ita
183 603 231 643 et
274 593 398 642 hunc
444 590 579 641 deum
626 588 816 648 dicere,
866 591 940 637 cui
981 588 1073 636 deo
1118 605 1233 653 opus
1266 598 1354 636 est.
1434 588 1610 636 Sinon
1645 587 1704 636 de

72 663 321 716 mendacio
354 660 595 712 erubescit
625 658 834 708 adulatio
875 658 1130 718 eiusmodi,
1182 660 1418 707 hominem
1454 658 1590 707 deum
1622 675 1705 723 ap-

71 736 277 802 pellans,
325 734 489 782 timeat
531 731 698 780 saltem
745 730 804 780 de
851 731 1074 778 infausto.
1150 730 1459 778 Maledictum
1492 739 1565 778 est
1596 738 1702 778 ante

69 805 352 872 apotheosin
391 802 527 852 deum
560 802 815 851 Caesarem
847 818 1136 866 nuncupare.
1156 803 1199 861 1)

210 879 294 928 35.
354 873 615 938 Propterea
662 873 809 937 igitur
845 872 1020 938 publici
1066 872 1230 921 hostes
1264 872 1548 931 Christiani,
1599 871 1707 936 quia

72 944 434 1012 imperatoribus
473 961 626 1009 neque
666 960 812 992 vanos
851 960 1007 1009 neque
1046 944 1328 991 mentientes
1369 959 1523 1008 neque
1557 952 1706 990 teme-

72 1018 226 1071 rarios
255 1017 465 1064 honores
498 1014 677 1074 dicant,
712 1016 820 1079 quia
850 1031 995 1062 verae
1029 1014 1280 1079 religionis
1313 1014 1530 1061 homines
1564 1014 1705 1060 etiam

73 1089 319 1138 sollemnia
351 1102 515 1134 eorum
547 1086 842 1134 conscientia
874 1087 1030 1149 potius
1064 1102 1198 1150 quam
1225 1086 1422 1134 lascivia
1443 1084 1704 1132 celebrant.

75 1158 265 1209 Grande
298 1156 525 1206 videlicet
557 1156 784 1215 officium,
826 1157 963 1204 focos
996 1166 1044 1204 et
1078 1165 1211 1203 toros
1242 1158 1289 1204 in
1320 1156 1557 1220 publicum
1592 1154 1707 1203 edu-

76 1246 215 1289 cere,
247 1229 436 1276 vicatim
468 1227 671 1292 epulari,
707 1228 953 1284 civitatem*
977 1227 1203 1275 tabernae
1237 1227 1398 1274 habitu
1430 1226 1706 1274 aboleface-

75 1317 131 1350 re
147 1301 220 1358 2),
256 1301 362 1347 vino
394 1299 539 1346 lutum
572 1314 776 1362 cogere,
829 1299 1104 1346 catervatim
1138 1299 1371 1345 cursitare
1404 1296 1463 1344 ad
1495 1297 1705 1352 iniurias,

77 1371 136 1420 ad
167 1369 503 1434 impudentias,
537 1368 596 1416 ad
627 1368 832 1416 libidinis
866 1368 1136 1416 illecebras.
1220 1367 1412 1416 Siccine
1432 1367 1710 1431 exprimitur

75 1441 315 1509 publicum
346 1438 567 1504 gaudium
606 1456 694 1504 per
733 1438 942 1487 dedecus
981 1439 1248 1503 publicum?
1324 1439 1567 1486 Haeccine
1615 1436 1709 1484 sol-

60 1513 256 1578 lemnes
295 1510 398 1558 dies
426 1511 689 1574 principum
722 1509 909 1568 decent,
944 1525 1064 1574 quae
1097 1510 1215 1557 alios
1249 1508 1353 1557 dies
1384 1526 1478 1557 non
1504 1508 1709 1556 decent?

81 1582 171 1644 Qui
219 1582 473 1631 observant
518 1580 811 1645 disciplinam
859 1579 918 1628 de
953 1579 1170 1628 Caesaris
1215 1589 1464 1645 respectu,
1513 1580 1560 1626 hi
1608 1594 1710 1626 eam

78 1650 276 1722 propter
322 1652 574 1700 Caesarem
622 1650 869 1710 deserent,
919 1660 966 1698 et
1010 1651 1236 1698 malorum
1290 1668 1470 1698 morum
1516 1649 1711 1697 licentia

79 1727 230 1792 pietas
277 1724 390 1781 erit,
438 1723 630 1770 occasio
672 1723 884 1769 luxuriae
927 1723 1097 1786 religio
1132 1721 1464 1787 deputabitur?
1554 1719 1590 1767 Ο
1625 1734 1711 1766 nos

81 1796 250 1845 merito
283 1792 590 1843 damnandos!
632 1792 727 1839 Cur
757 1794 879 1840 enim
912 1801 1022 1839 vota
1055 1802 1103 1839 et
1128 1792 1299 1855 gaudia
1318 1793 1571 1839 Caesarum
1592 1789 1713 1838 casti

82 1875 133 1917 et
163 1866 309 1913 sobrii
342 1873 390 1911 et
422 1863 558 1927 probi
591 1865 929 1926 expungimus?
985 1879 1070 1909 cur
1116 1862 1192 1910 die
1233 1864 1360 1910 laeto
1400 1879 1495 1908 non
1534 1860 1711 1908 laureis

82 1945 244 2002 postes
277 1934 636 1982 obumbramus?
688 1950 775 1981 nec
817 1934 1024 1980 lucernis
1066 1932 1188 1980 diem
1228 1933 1560 1995 infringimus?
1616 1931 1713 1978 Ho-

83 2015 219 2056 nesta
250 2022 327 2054 res
360 2013 433 2052 est
462 2004 777 2052 sollemnitate
815 2003 1001 2068 publica
1050 2006 1274 2067 exigente
1314 2002 1512 2050 induere
1554 2001 1713 2049 domui

84 2087 194 2126 tuae
225 2077 428 2125 habitum
461 2075 659 2122 alicuius
691 2075 800 2121 novi
833 2074 1087 2137 lupanaris.
1166 2074 1320 2123 Velim
1355 2083 1509 2121 tamen
1542 2074 1589 2120 in
1621 2072 1711 2118 hac

86 2163 271 2215 quoque
303 2147 540 2210 religione
573 2144 810 2192 secundae
844 2146 1125 2203 maiestatis,
1162 2144 1219 2192 dc
1253 2161 1343 2210 qua
1374 2145 1420 2191 in
1454 2141 1712 2192 secundum

83 2218 386 2282 sacrilegium
433 2217 741 2264 convenimur
773 2215 1048 2273 Christiani,
1098 2233 1190 2263 non
1232 2214 1520 2264 celebrando
1554 2214 1713 2263 vobis-

87 2304 191 2342 cum
223 2289 468 2337 sollemnia
502 2286 770 2344 Caesarum,
808 2304 898 2352 quo
924 2303 1055 2334 more
1090 2286 1325 2335 celebrari
1358 2303 1447 2334 nec
1480 2284 1715 2333 modestia

86 2375 178 2418 nec
208 2357 496 2408 verecundia
526 2373 615 2405 nec
653 2357 883 2422 pudicitia
922 2358 1219 2422 permittunt,
1270 2357 1355 2405 sed
1396 2357 1590 2405 occasio
1630 2372 1713 2402 vo-

89 2429 278 2496 luptatis
307 2430 455 2494 magis
487 2446 621 2493 quam
654 2427 796 2492 digna
828 2429 949 2476 ratio
980 2430 1239 2493 persuasit,
1288 2427 1428 2475 fidem
1461 2436 1510 2474 et
1539 2426 1715 2473 verita-

87 2509 184 2550 tem
225 2509 428 2550 vestram
475 2498 822 2557 demonstrare,
884 2515 942 2547 ne
991 2499 1115 2546 forte
1163 2508 1211 2546 et
1256 2499 1397 2545 isthic
1446 2496 1714 2544 deteriores

90 2570 369 2620 Christianis
417 2569 853 2634 deprehendantur,
903 2569 982 2633 qui
1028 2585 1115 2615 nos
1163 2569 1327 2616 nolunt
1358 2568 1594 2615 Romanos
1635 2567 1715 2614 ha-

89 2641 218 2700 beri,
267 2640 353 2689 sed
397 2641 558 2689 hostes
602 2642 863 2706 principum
915 2639 1244 2687 Romanorum.
1320 2639 1451 2703 Ipsos
1492 2639 1712 2698 Quirites,

207 2812 253 2859 1)
284 2811 411 2850 Codd.
434 2814 584 2862 Agob„
617 2812 748 2861 Lugd.
767 2816 965 2860 uterque,
1000 2815 1043 2849 et
1059 2813 1297 2850 ed.Pamel.
1321 2813 1629 2861 nuncupari.
1672 2814 1718 2849 In

93 2868 186 2908 eod.
201 2867 441 2906 Fam-haec
458 2880 520 2906 vv.
543 2873 801 2915 sequuntur:
836 2869 957 2909 Scio
985 2871 1034 2906 te
1065 2869 1168 2908 isto
1192 2870 1398 2909 nomine
1426 2871 1555 2908 male
1579 2869 1717 2907 velle

90 2927 144 2963 et
173 2924 306 2962 male
343 2925 660 2972 abominari,
694 2928 749 2964 ut
772 2926 981 2963 vivente
1015 2925 1187 2964 adhuc
1216 2926 1541 2976 imperatore
1569 2927 1717 2964 deum

92 2981 357 3030 appelles,
405 2981 538 3027 quod
568 2993 750 3020 nomen
790 2982 874 3019 illi
908 2986 1164 3020 mortuum
1205 2985 1417 3021 accidit.
1450 2985 1575 3033 (flav,
1607 2994 1718 3021 corr.

91 3041 295 3094 &ortuo
326 3037 569 3085 accedit).
713 3040 756 3087 2)
792 3039 947 3086 Rhea,
981 3038 1125 3076 Gelen.
1156 3043 1198 3077 et
1229 3041 1438 3089 Scaliger:
1485 3040 1716 3079 obolefa-

93 3102 231 3149 ρει-«κ
263 3106 339 3143 pro
371 3093 551 3132 habitu
579 3095 682 3131 Hav.
706 3096 892 3133 scribere
923 3094 1074 3132 maluit
1096 3095 1281 3134 halitu.
1342 3098 1441 3135 Cod.
1470 3097 1614 3135 Fuld.:
1647 3095 1717 3133 ci-

92 3149 311 3190 uitatem
343 3151 393 3188 in
425 3153 673 3190 tabernae
705 3152 935 3190 habitum
967 3151 1240 3190 demutare.

101 3389 160 3422 ἧδ’.

144 3459 166 3484 ,4,
204 3462 207 3464 ,

89 3503 98 3516 ἃ
158 3504 163 3508 ,

83 3467 196 3554 ἂψ
