1942 3554
368 117 460 156 DE
489 115 961 159 ‘ruenti-onio
1000 113 1291 153 ΛΝΙΜΑῈ.
1537 115 1649 167 185

0 248 154 329 [quam
185 257 351 306 maln-
381 259 557 307 nescis.
616 255 683 305 At
713 273 815 305 cum
839 257 999 315 times,
1033 257 1129 304 scis
1155 256 1344 314 malam,
1378 271 1470 303 non
1490 257 1648 306 scires

0 338 174 379 :autem
204 328 397 387 malam,
435 327 545 393 quia
575 343 665 376 nec
696 328 913 386 timeres,
953 327 993 374 si
1024 342 1119 374 uon
1150 326 1300 374 scires
1330 325 1508 391 aliquid
1540 341 1648 377 esso

21 408 126 467 post
149 407 370 458 mortem,
396 397 524 464 quod
547 413 648 446 eam
675 398 840 445 malam
866 396 1033 455 faciat,
1059 406 1110 445 ut
1134 398 1317 444 timeas.
1373 396 1649 446 Omittamus

21 486 144 519 nunc
167 469 425 518 naturalem
449 467 644 516 formam
667 466 1102 515 timendi-mortem.
1142 466 1296 515 Nemo
1313 468 1498 526 timeat,
1525 468 1651 532 quod

21 538 338 589 evaderenon
360 547 535 604 potest.
566 538 640 585 Ex
654 538 806 585 altera
829 546 963 602 parte
983 536 1294 602 congredior,
1316 538 1532 586 laetioris
1549 539 1652 604 spei

8 619 127 676 pont
147 617 360 658 mortem.
398 607 519 657 Nam
538 608 750 656 omnibus
769 609 872 655 fere
890 608 1107 671 ingenita
1122 617 1194 655 est
1217 607 1369 655 famae
1394 618 1503 672 post
1525 626 1652 657 mor-

13 690 115 730 ·tem
152 678 342 744 cupido.
414 678 627 742 Longum
656 687 728 726 est
763 687 985 725 retexere
1027 677 1218 725 Curtios
1251 687 1300 725 et
1330 677 1539 742 Regulos
1570 680 1649 728 vel

9 764 225 816 graecos
246 750 399 807 viros,
427 765 621 815 quorum
645 749 886 797 innumera
911 748 1070 812 elogia
1095 757 1201 795 sunt
1226 757 1492 798 contemtae
1522 766 1649 797 mor-

12 821 81 870 ·tia
104 828 306 886 propter
332 829 589 884 postumam
616 820 798 868 famam.
839 818 953 879 Quis
977 836 1070 866 non
1094 816 1238 866 hodie
1255 821 1511 867 memoriae
1539 828 1649 883 post

8 899 217 940 mortam
233 889 603 954 frequentandae
627 890 689 937 ita
708 889 887 948 studet,
913 899 963 937 ut
985 890 1062 938 vel
1087 890 1381 938 litteraturae
1407 890 1649 955 operibuS,

0 961 101 1011 rel·
120 961 323 1026 >simplici
353 960 489 1009 laude
520 976 723 1019 morum,
745 961 830 1009 vel
862 961 1067 1025 ipsorum
1107 961 1464 1024 sepulchrorum
1497 961 1648 1009 ambi-

0 1033 174 1091 ειίωιι),
204 1047 376 1080 nomen
401 1047 531 1079 suum
556 1034 747 1079 servet?
778 1030 911 1080 Unde
938 1033 1091 1080 anima
1113 1030 1256 1079 hodie
1281 1032 1531 1080 affectaret
1561 1033 1650 1080 ali-

0 1101 154 1168 quid,
187 1101 313 1167 quod
334 1102 450 1150 velit
476 1111 586 1166 post
615 1110 835 1160 mortem,
876 1111 1202 1166 ettantopere
1241 1112 1553 1167 praepararet
1578 1104 1646 1165 1),

9 1188 113 1238 *qu
138 1173 366 1220 sitnsura
379 1181 487 1236 post
502 1172 702 1220 obitum:
735 1174 774 1220 si
790 1172 907 1220 nihil
924 1171 984 1220 de
1001 1182 1195 1237 postero
1221 1174 1399 1221 sciret?
1425 1173 1521 1221 Sed
1547 1174 1648 1221 for-

6 1243 144 1291 sitan
169 1241 229 1290 de
267 1257 406 1291 sensu
429 1252 539 1307 post
560 1258 805 1291 excessum
830 1244 1101 1291 tuicertior
1130 1260 1204 1302 es,
1238 1260 1375 1308 quam
1401 1243 1460 1292 de
1493 1260 1653 1292 resur-

21 1313 239 1361 rectione
263 1312 567 1378 quandoque,
594 1314 726 1361 cuius
751 1329 838 1361 nos
862 1324 1212 1378 praesumtores
1238 1314 1530 1362 denotamur.
1563 1314 1653 1362 At-

9 1384 133 1449 equi·
163 1383 255 1431 hoc
287 1399 472 1448 quoque
503 1384 560 1431 ab
592 1385 745 1431 anima
774 1384 1094 1448 praedicatur.
1162 1384 1281 1432 Nam
1322 1385 1362 1432 si
1394 1384 1452 1432 de
1492 1386 1649 1450 aliquo

0 1455 114 1503 :iam
142 1451 326 1519 pridem
358 1453 581 1501 defuncto
613 1462 830 1518 tanquam
865 1452 923 1502 de
970 1455 1079 1502 vivo
1121 1456 1222 1519 quis
1260 1455 1494 1519 requirat,
1535 1473 1650 1519 prae

0 1524 400 1574 „nunonem-it
428 1523 617 1572 dicere:
650 1524 767 1572 abiit
795 1526 886 1572 iam
918 1534 966 1572 et
995 1527 1174 1573 reverti
1203 1525 1362 1573 debet.

124 1596 183 1646 ὖ.
230 1594 359 1642 Haec
383 1595 652 1643 testimonia
682 1596 864 1643 animae
897 1605 1068 1659 quanto
1093 1612 1230 1654 vera,
1255 1604 1384 1643 tanto
1403 1597 1648 1660 simplicia,

26 1674 197 1732 quanto
214 1666 464 1729 simplicia,
497 1674 627 1713 tanto
643 1666 881 1730 vulgaria,
912 1675 1086 1729 quanto
1104 1667 1340 1732 vulgaria,
1372 1675 1503 1715 tanto
1522 1684 1651 1715 com-

0 1737 202 1795 λυπῶ,
228 1745 400 1801 quanto
433 1736 717 1793 communia,
750 1744 880 1783 tanto
911 1737 1164 1795 naturalia,
1199 1745 1371 1801 quanto
1403 1739 1650 1796 naturalia,

0 1815 154 1855 ‘tanto
186 1806 355 1854 divina.
422 1804 531 1854 Non
556 1815 667 1870 puto
694 1808 905 1870 cuiquam
932 1806 1150 1854 frivolum
1175 1816 1224 1854 et
1246 1806 1467 1871 frigidum
1498 1807 1654 1855 videri

0 1907 5 1919 ὖ
26 1891 181 1942 posse,
199 1877 240 1925 si
256 1877 496 1940 recogitet
518 1885 711 1924 naturae
729 1878 1037 1935 maiestatem,
1058 1894 1118 1925 ex
1141 1893 1230 1942 qua
1248 1886 1472 1925 censetur
1487 1888 1654 1926 aucto-

25 1948 142 1996 ritas
160 1947 357 1994 animae.
392 1946 620 2006 Quantum
647 1946 837 1995 dederis
862 1949 1131 2011 magistrae,
1157 1956 1333 1996 tantum
1351 1948 1650 1997 adiudicabis

28 2017 304 2082 discipulae.
349 2016 578 2081 Magistra
608 2026 795 2076 natura,
827 2019 980 2065 anima
1019 2018 1263 2083 discipula.
1313 2018 1546 2084 Quicquid
1571 2029 1651 2067 aut

0 2088 105 2136 tua
133 2086 350 2146 edocuit,
382 2097 463 2135 aut
491 2089 582 2135 ista
613 2087 890 2151 perdidicit:
929 2105 958 2135 a
991 2087 1080 2136 deo
1111 2088 1333 2137 traditum
1365 2099 1461 2148 est,
1501 2092 1650 2154 magi-

0 2158 343 2208 ›stmsciticet
372 2158 518 2223 ipsius
543 2160 811 2222 magistrae.
874 2159 995 2219 Quid
1019 2160 1172 2208 anima
1200 2161 1351 2224 possit
1381 2159 1440 2209 de
1474 2162 1652 2226 princi-

0 2229 122 2294 ,put
149 2229 417 2277 institutore
448 2245 775 2294 praesumere,
808 2230 856 2276 in
886 2239 935 2278 te
969 2240 1042 2278 est
1061 2232 1312 2279 aestimare
1340 2230 1397 2278 de
1423 2248 1495 2290 ea,
1531 2248 1649 2296 quae

0 2299 153 2349 -ἰιῐο
183 2308 270 2348 est.
333 2298 476 2349 Senti
520 2301 667 2359 illam,
715 2317 833 2364 quae
869 2310 920 2348 ut
950 2303 1126 2350 sentias
1157 2302 1323 2361 efficit,
1355 2304 1572 2366 recogita
1604 2304 1651 2348 in

0 2370 490 2435 {praesagiis-vatem,
522 2373 568 2418 in
602 2372 834 2419 ominibus
871 2388 1120 2435 augurem,
1167 2373 1214 2419 in
1255 2372 1502 2420 eventibus
1541 2388 1654 2435 pro·

0 2465 2 2467 ·
29 2440 220 2505 apicem.
294 2441 485 2499 Mirum,
534 2442 572 2489 si
618 2458 646 2488 a
692 2441 782 2489 deo
831 2442 938 2489 data
983 2443 1180 2500 homini,
1235 2443 1366 2490 novit
1411 2441 1654 2490 divinare?

0 2509 137 2559 'Tun
166 2511 352 2569 mitum,
384 2511 423 2558 si
456 2527 582 2570 eum,
616 2529 642 2559 a
676 2529 766 2575 quo
799 2512 908 2559 data
940 2522 1033 2570 est,
1068 2514 1216 2559 novit.
1268 2513 1419 2559 Etiam
1447 2514 1651 2560 circum-

25 2588 166 2629 venta
204 2580 266 2630 ab
310 2580 607 2640 adversario,
656 2583 864 2629 meminit
909 2583 980 2629 sui
1011 2584 1219 2629 auctoris
1261 2591 1309 2630 et
1345 2582 1569 2630 bonitatis
1601 2593 1651 2630 et

0 2649 213 2699 -ἆοοηῑί
242 2652 345 2699 eius
375 2661 426 2700 et
458 2653 611 2700 exitus
644 2654 713 2700 sui
746 2661 795 2700 et
825 2652 1086 2700 adversarii
1118 2654 1280 2716 ipsiuS.
1351 2652 1433 2700 Sic
1465 2655 1645 2712 mirum,

28 2721 69 2768 si
100 2737 127 2768 a
158 2720 249 2768 deo
278 2721 409 2780 dua,
457 2722 620 2771 eadem
662 2724 810 2781 canit,
858 2738 976 2786 quae
1024 2722 1140 2770 deus
1187 2724 1281 2771 suis
1322 2722 1451 2771 dedit
1489 2740 1647 2773 nosse.

31 2788 130 2838 sed
160 2792 236 2854 qui
266 2790 496 2840 eiusnodi
528 2793 803 2856 eruptiones
835 2794 1017 2840 animae
1050 2809 1141 2839 non
1175 2794 1353 2856 putavit
1383 2793 1648 2842 doctrinam

30 2875 137 2908 ease
183 2869 378 2908 naturae
423 2864 709 2926 congenitae
756 2872 804 2910 et
847 2864 1087 2926 ingenitae
1135 2865 1455 2912 conscientiae
1503 2867 1648 2913 tacita

145 3067 187 3119 1)
215 3070 389 3119 iugale:
421 3073 622 3111 animae
657 3096 699 3103 -
738 3074 1007 3112 affectare
1068 3097 1084 3103 -
1122 3084 1462 3124 praeparare.
