1942 3554
295 169 387 212 60
814 166 898 203 ὈΕ
934 163 1392 202 ΡΟΕΝΙΤΕΝΤΙΑ.

295 281 380 330 sed
410 282 491 329 ubi
520 276 855 344 poenitendum
887 286 981 333 est,
1015 275 1189 322 desinit
1217 275 1458 330 miserum,
1506 275 1614 336 quia
1642 275 1814 321 factum
1847 283 1920 322 est

294 354 514 400 salutare.
573 349 798 395 Miserum
830 355 903 392 est
933 346 1087 392 secari
1119 353 1168 391 et
1199 345 1412 391 cauterio
1459 345 1591 390 exuri
1630 352 1679 390 et
1712 345 1942 409 pulveris3

271 423 489 498 ‘alicuius
520 416 832 465 mordacitate
866 416 1092 473 cruciari,
1140 423 1296 460 tamen
1328 427 1445 477 quae
1477 415 1937 479 perinsuavitatemy·

293 490 561 546 medentur,
595 496 644 535 et
675 487 990 534 emolumento
1024 486 1282 532 curationis
1315 482 1548 543 offensam-
1579 485 1648 531 sui
1694 482 1942 545 excusantg

294 570 343 608 et
371 567 671 624 praesentem
702 557 919 604 iniuriam
951 563 1319 619 superventurae
1359 555 1573 619 utilitatis
1604 555 1760 618 gratia
1792 557 1942 637 com-g

294 630 529 678 mendant.
1247 628 1250 630 Α
1458 630 1460 633 ’
1905 619 1942 686 „24¹

441 706 518 751 11.
584 697 705 757 Quid
736 699 775 745 si
805 706 1001 762 praeter
1028 696 1281 761 pudorem,
1317 711 1452 760 quem
1482 696 1717 758 potiorem
1740 703 1942 758 putant,·›

294 774 436 819 etiam
467 767 766 818 incommoda
799 770 1013 832 corporis
1044 766 1386 823 reformident,
1427 765 1551 829 quod
1578 766 1765 822 illotos,
1800 763 1923 828 quod

294 841 615 898 sordulentos,
651 838 774 903 quod
807 847 942 885 extra
973 838 1199 885 laetitiam
1233 844 1421 901 oportet
1451 834 1692 883 deversari
1717 836 1764 882 in
1789 832 1934 898 aspa-f

293 911 498 960 ritudine
532 912 661 959 sacci
693 918 741 957 et
771 910 971 956 horrore
1006 909 1177 955 cineris
1204 916 1252 971 et
1283 908 1379 954 oris
1404 905 1462 953 de
1487 906 1662 953 ieiunio
1687 907 1936 970 vanitate?⁴

294 982 418 1030 Num
450 998 567 1044 ergo
600 983 647 1028 iu
681 980 879 1028 coccino
920 988 969 1026 et
997 978 1142 1041 Tyrio
1189 994 1274 1041 pro
1309 976 1494 1023 delictis
1540 976 1805 1040 supplicare
1839 991 1925 1023 nos

296 1052 560 1100 condecet?
621 1050 752 1098 Cedo
785 1066 919 1096 acum
953 1049 1161 1096 crinibus
1201 1045 1542 1109 distinguendis
1574 1055 1638 1093 -et
1681 1046 1923 1110 pulverem

296 1122 513 1170 dentibus
546 1119 790 1168 elimandis
822 1127 872 1166 et
901 1119 1130 1165 bisulcum
1162 1116 1337 1180 aliquid
1368 1117 1585 1163 ferri-vel
1609 1118 1733 1163 aeris
1757 1117 1925 1178 ungui-

292 1193 379 1239 bus
410 1190 780 1255 repastinandis,
814 1190 852 1235 si
885 1186 995 1251 quid
1027 1187 1125 1234 ficti
1157 1187 1349 1251 nitoris,
1381 1186 1420 1233 si
1452 1184 1561 1249 quid
1595 1187 1751 1232 coacti
1782 1186 1926 1232 rubo-

294 1264 359 1309 ris
390 1264 437 1308 in
469 1262 594 1309 labia
625 1269 705 1307 aut
736 1275 881 1321 genas
913 1266 1098 1320 urgeat.
1175 1256 1435 1303 Praeterea
1466 1257 1705 1320 exquirito¹
1722 1256 1926 1306 balneas

302 1333 527 1382 laetiores
565 1331 803 1378 hortulani
848 1328 1127 1376 maritimive
1174 1342 1412 1383 secessus,
1459 1325 1654 1377 adiicito
1701 1320 1928 1376 ad‚sum·.

294 1412 444 1467 ptum,
481 1402 746 1465 conquirito
779 1400 973 1457 altilium
1007 1392 1247 1445 enormem
1279 1398 1503 1460 saginam,
1538 1395 1928 1446 defecato,sene-.

297 1482 470 1520 ctutem
500 1473 849 1533 vini3·cumque
883 1470 984 1533 quis
1015 1470 1346 1531 interrogarit,
1381 1468 1563 1531 cuinam
1596 1483 1653 1514 ea
1684 1467 1938 1530 largiarisr·

296 1543 495 1606 deliqui,
530 1541 698 1598 dicito,
747 1542 794 1587 in
825 1539 985 1598 deum,
1035 1548 1083 1586 et
1112 1539 1361 1602 periclitor
1390 1539 1437 1585 in
1469 1539 1710 1590 aeternum
1742 1539 1931 1602 perire3

295 1615 452 1677 itaque
486 1629 606 1659 nunc
639 1610 824 1674 pendeo
858 1618 906 1657 et
936 1612 1154 1656 maceror
1185 1618 1234 1655 et
1264 1609 1539 1666 excrucior,
1579 1617 1637 1654 -ut
1682 1607 1818 1655 deum
1849 1624 1929 1656 re·-

297 1684 547 1731 conciliem
579 1683 716 1738 mihi,
764 1696 900 1744 quem
933 1678 1249 1743 delinquendo
1282 1680 1413 1726 laesi.
1492 1676 1589 1724 Sed
1635 1679 1757 1724 enim
1803 1679 1937 1736 illos,

297 1756 375 1818 qui
406 1754 580 1801 ambitu
598 1754 642 1812 1)
678 1752 853 1799 obeunt
892 1748 1170 1813 capessendi
1215 1750 1536 1812 magistratus,
1584 1752 1735 1811 neque
1778 1740 1935 1817 pudet*

295 1840 447 1888 neque
479 1826 611 1887 piget
641 1819 951 1869 incommodis
981 1821 1163 1867 animae
1197 1829 1246 1867 et
1277 1820 1514 1882 corporis,
1546 1834 1635 1866 nec
1667 1819 1926 1871 incommo-

296 1894 366 1942 dis
398 1903 598 1951 tantum,
630 1908 791 1940 verum
824 1900 872 1939 et
911 1891 1205 1939 contumeliis
1252 1889 1463 1939 omnibus
1509 1889 1624 1954 eniti
1668 1890 1716 1943 in
1762 1905 1929 1942 caussa

293 1974 510 2012 votorum
542 1980 746 2011 suorum.
810 1961 934 2020 Quas
966 1978 1058 2008 non
1090 1959 1414 2024 ignobilitates
1444 1960 1642 2019 vestium
1673 1958 1930 2007 affectant?

297 2052 415 2098 quae
447 2051 542 2084 nou
573 2035 694 2082 atria
725 2033 969 2110 nocturiu‘s
1001 2040 1050 2079 et
1082 2029 1239 2078 crudis
1271 2030 1631 2082 salutationibus
1664 2030 1930 2093 occupant?

294 2105 356 2152 ad
387 2117 571 2162 omnem
605 2120 852 2153 occursum
884 2103 1074 2149 maioris
1107 2103 1330 2164 cuiusque
1369 2116 1602 2164 personae
1641 2098 1927 2148 decrescen-

297 2184 390 2232 tes,
423 2176 561 2223 nullis
609 2174 834 2221 conviviis
882 2172 1123 2228 celebres,
1170 2172 1307 2218 nullis
1348 2170 1768 2217 comessationibus
1815 2186 1928 2218 coni

295 2260 493 2307 greges,
520 2242 611 2304 ‘sed
644 2243 829 2290 exsules
861 2258 889 2288 a
919 2242 1153 2288 libertatis
1184 2249 1233 2287 et
1256 2232 1477 2288 laetitiae
1491 2241 1758 2288 felicitates
1781 2239 1926 2303 quue

296 2323 443 2362 totum
475 2313 673 2377 propter
702 2313 836 2359 unius
868 2312 976 2358 anni
1013 2312 1266 2358 volaticum
1313 2309 1549 2372 gaudium.
1623 2309 1751 2367 Nos,
1801 2308 1926 2373 quod

295 2386 528 2432 securium
559 2385 855 2445 virgarumve
887 2381 1054 2445 petitio
1087 2382 1306 2438 sustinet,
1346 2381 1405 2427 in*
1424 2379 1636 2443 periculo
1669 2381 1926 2427 aeternita-

295 2456 353 2501 tis
384 2456 593 2502 tolerare
627 2453 920 2500 dubitamus?
950 2460 999 2498 et
1031 2451 1388 2513 castigationem
1419 2451 1570 2507 victus
1601 2458 1741 2513 atque
1775 2451 1927 2499 cultus

297 2525 477 2571 offenso
511 2523 700 2570 domino
732 2530 977 2587 praestare
1011 2521 1320 2578 cessabimus,
1354 2532 1472 2584 quae
1505 2520 1708 2583 gentiles
1740 2521 1930 2570 nemine&

296 2596 483 2642 omnino
517 2595 646 2641 laeso
679 2594 768 2641 sibi
807 2594 1051 2655 irrogant?
1123 2591 1182 2638 Hi
1226 2599 1333 2638 sunt
1376 2589 1435 2638 de
1483 2590 1647 2654 quibus
1692 2592 1927 2655 scriptura

297 2673 654 2713 commemorat:
702 2663 805 2712 Vae
837 2664 952 2720 illis,
993 2662 1070 2725 qui
1102 2660 1277 2709 delicta
1308 2677 1391 2709 sua
1419 2662 1548 2708 velut
1576 2677 1781 2725 procero
1813 2662 1923 2710 fune

295 2745 491 2783 nectunt
506 2737 572 2796 2).
1751 2787 1754 2791 ,

439 2811 518 2857 12.
584 2804 635 2852 Si
666 2804 724 2852 de
758 2804 1083 2866 exomologesi
1114 2811 1370 2858 retractas,
1404 2801 1666 2864 gehennam
1697 2802 1744 2848 in
1777 2799 1923 2851 corde

297 2875 568 2932 considera,
618 2892 752 2939 quam
798 2875 884 2922 tibi
923 2873 1273 2935 exomologesis
1318 2873 1597 2934 exstinguit,
1645 2879 1695 2918 et
1737 2865 1940 2935 poenae

295 2946 422 3008 prius
454 2946 820 3008 magnitudinem
851 2946 1134 3007 imaginare,
1167 2952 1218 2990 ut
1242 2942 1300 2992 de
1326 2941 1524 2991 remedii
1548 2940 1801 3007 adeptione
1815 2957 1935 3001 *non-

411 3100 454 3149 1)
474 3101 619 3149 Rigalt.
643 3100 883 3140 ambitus.
1001 3101 1044 3151 2)
1062 3101 1138 3137 les.
1160 3100 1198 3148 5,
1218 3100 1285 3139 18.
