<?xml version="1.0" encoding="UTF-8"?>
<!DOCTYPE html PUBLIC "-//W3C//DTD XHTML 1.0 Transitional//EN"
    "http://www.w3.org/TR/xhtml1/DTD/xhtml1-transitional.dtd">
<html xmlns="http://www.w3.org/1999/xhtml" xml:lang="en" lang="en">
 <head>
  <title>
</title>
<meta http-equiv="Content-Type" content="text/html;charset=utf-8" />
  <meta name='ocr-system' content='tesseract 3.04.00' />
  <meta name='ocr-capabilities' content='ocr_page ocr_carea ocr_par ocr_line ocrx_word'/>
</head>
<body>
  <div class='ocr_page' id='page_1' title='image "./operatert12tertuoft_0075.png"; bbox 0 0 1942 3554; ppageno 0'>
   <div class='ocr_carea' id='block_1_1' title="bbox 0 829 3 2409">
    <p class='ocr_par' dir='ltr' id='par_1_1' title="bbox 0 829 3 2409">
     <span class='ocr_line' id='line_1_1' title="bbox 0 829 3 2409; baseline 0 0"><span class='ocrx_word' id='word_1_1' title='bbox 0 829 3 2409; x_wconf 95' lang='lat' dir='ltr'><strong> </strong></span> 
     </span>
    </p>
   </div>
   <div class='ocr_carea' id='block_1_2' title="bbox 0 2581 3 3554">
    <p class='ocr_par' dir='ltr' id='par_1_2' title="bbox 0 2581 3 3554">
     <span class='ocr_line' id='line_1_2' title="bbox 0 2581 3 3554; baseline 0 0"><span class='ocrx_word' id='word_1_2' title='bbox 0 2581 3 3554; x_wconf 95' lang='lat' dir='ltr'><strong> </strong></span> 
     </span>
    </p>
   </div>
   <div class='ocr_carea' id='block_1_3' title="bbox 567 200 1678 254">
    <p class='ocr_par' dir='ltr' id='par_1_3' title="bbox 567 200 1678 254">
     <span class='ocr_line' id='line_1_3' title="bbox 567 200 1678 254; baseline -0.005 -12"><span class='ocrx_word' id='word_1_3' title='bbox 567 200 1153 243; x_wconf 68' lang='lat' dir='ltr'><strong>Aronoenmcus.</strong></span> <span class='ocrx_word' id='word_1_4' title='bbox 1599 203 1678 254; x_wconf 74' lang='lat'><strong>35</strong></span> 
     </span>
    </p>
   </div>
   <div class='ocr_carea' id='block_1_4' title="bbox 0 341 1681 2813">
    <p class='ocr_par' dir='ltr' id='par_1_4' title="bbox 24 341 1680 957">
     <span class='ocr_line' id='line_1_4' title="bbox 39 341 1676 409; baseline 0 -15"><span class='ocrx_word' id='word_1_5' title='bbox 39 344 402 394; x_wconf 77' lang='lat' dir='ltr'><strong>accusatoribus</strong></span> <span class='ocrx_word' id='word_1_6' title='bbox 431 343 745 401; x_wconf 81' lang='lat' dir='ltr'><strong>damnatione,</strong></span> <span class='ocrx_word' id='word_1_7' title='bbox 779 351 829 390; x_wconf 89' lang='lat' dir='ltr'><strong>et</strong></span> <span class='ocrx_word' id='word_1_8' title='bbox 859 341 1046 407; x_wconf 88' lang='lat' dir='ltr'><strong>quidem</strong></span> <span class='ocrx_word' id='word_1_9' title='bbox 1077 344 1299 391; x_wconf 85' lang='lat' dir='ltr'><strong>tetriore.</strong></span> <span class='ocrx_word' id='word_1_10' title='bbox 1349 344 1523 403; x_wconf 79' lang='lat' dir='ltr'><strong>Quales</strong></span> <span class='ocrx_word' id='word_1_11' title='bbox 1555 361 1676 409; x_wconf 85' lang='lat' dir='ltr'><strong>ergo</strong></span> 
     </span>
     <span class='ocr_line' id='line_1_5' title="bbox 39 411 1678 481; baseline -0.001 -16"><span class='ocrx_word' id='word_1_12' title='bbox 39 415 177 480; x_wconf 77' lang='lat' dir='ltr'><strong>leges</strong></span> <span class='ocrx_word' id='word_1_13' title='bbox 207 415 352 474; x_wconf 88' lang='lat' dir='ltr'><strong>istae,</strong></span> <span class='ocrx_word' id='word_1_14' title='bbox 407 430 519 481; x_wconf 82' lang='lat' dir='ltr'><strong>quas</strong></span> <span class='ocrx_word' id='word_1_15' title='bbox 548 411 776 462; x_wconf 84' lang='lat' dir='ltr'><strong>adversus</strong></span> <span class='ocrx_word' id='word_1_16' title='bbox 807 430 895 461; x_wconf 91' lang='lat' dir='ltr'><strong>nos</strong></span> <span class='ocrx_word' id='word_1_17' title='bbox 926 413 1016 461; x_wconf 90' lang='lat' dir='ltr'><strong>soli</strong></span> <span class='ocrx_word' id='word_1_18' title='bbox 1047 422 1371 478; x_wconf 83' lang='lat' dir='ltr'><strong>exsequuntur</strong></span> <span class='ocrx_word' id='word_1_19' title='bbox 1400 416 1556 479; x_wconf 91' lang='lat' dir='ltr'><strong>impii,</strong></span> <span class='ocrx_word' id='word_1_20' title='bbox 1605 417 1678 463; x_wconf 86' lang='lat' dir='ltr'><strong>in·</strong></span> 
     </span>
     <span class='ocr_line' id='line_1_6' title="bbox 26 482 1678 550; baseline 0.001 -18"><span class='ocrx_word' id='word_1_21' title='bbox 26 486 176 544; x_wconf 80' lang='lat' dir='ltr'><strong>iusti,</strong></span> <span class='ocrx_word' id='word_1_22' title='bbox 223 494 409 550; x_wconf 81' lang='lat' dir='ltr'><strong>turpes,</strong></span> <span class='ocrx_word' id='word_1_23' title='bbox 454 491 637 543; x_wconf 77' lang='lat' dir='ltr'><strong>truceS,</strong></span> <span class='ocrx_word' id='word_1_24' title='bbox 685 485 818 543; x_wconf 86' lang='lat' dir='ltr'><strong>vani,</strong></span> <span class='ocrx_word' id='word_1_25' title='bbox 867 482 1145 532; x_wconf 82' lang='lat' dir='ltr'><strong>dementes?</strong></span> <span class='ocrx_word' id='word_1_26' title='bbox 1202 501 1318 549; x_wconf 86' lang='lat' dir='ltr'><strong>quas</strong></span> <span class='ocrx_word' id='word_1_27' title='bbox 1349 485 1578 533; x_wconf 82' lang='lat' dir='ltr'><strong>Traianus</strong></span> <span class='ocrx_word' id='word_1_28' title='bbox 1617 502 1678 534; x_wconf 87' lang='lat' dir='ltr'><strong>ex</strong></span> 
     </span>
     <span class='ocr_line' id='line_1_7' title="bbox 39 554 1678 622; baseline 0 -18"><span class='ocrx_word' id='word_1_29' title='bbox 39 565 178 622; x_wconf 86' lang='lat' dir='ltr'><strong>parte</strong></span> <span class='ocrx_word' id='word_1_30' title='bbox 211 556 462 604; x_wconf 69' lang='lat' dir='ltr'><strong>frustratim</strong></span> <span class='ocrx_word' id='word_1_31' title='bbox 494 563 568 603; x_wconf 85' lang='lat' dir='ltr'><strong>est</strong></span> <span class='ocrx_word' id='word_1_32' title='bbox 595 554 800 603; x_wconf 86' lang='lat' dir='ltr'><strong>vetando</strong></span> <span class='ocrx_word' id='word_1_33' title='bbox 832 555 1005 619; x_wconf 76' lang='lat' dir='ltr'><strong>inquiri</strong></span> <span class='ocrx_word' id='word_1_34' title='bbox 1025 554 1346 616; x_wconf 76' lang='lat' dir='ltr'><strong>Christianos3</strong></span> <span class='ocrx_word' id='word_1_35' title='bbox 1379 572 1492 621; x_wconf 85' lang='lat' dir='ltr'><strong>quas</strong></span> <span class='ocrx_word' id='word_1_36' title='bbox 1524 557 1678 605; x_wconf 90' lang='lat' dir='ltr'><strong>nullus</strong></span> 
     </span>
     <span class='ocr_line' id='line_1_8' title="bbox 41 625 1675 691; baseline -0.001 -16"><span class='ocrx_word' id='word_1_37' title='bbox 41 625 337 686; x_wconf 80' lang='lat' dir='ltr'><strong>Hadrianus,</strong></span> <span class='ocrx_word' id='word_1_38' title='bbox 405 641 677 690; x_wconf 86' lang='lat' dir='ltr'><strong>quamquam</strong></span> <span class='ocrx_word' id='word_1_39' title='bbox 740 626 1065 674; x_wconf 83' lang='lat' dir='ltr'><strong>curiositatum</strong></span> <span class='ocrx_word' id='word_1_40' title='bbox 1125 626 1327 674; x_wconf 88' lang='lat' dir='ltr'><strong>omnium</strong></span> <span class='ocrx_word' id='word_1_41' title='bbox 1382 627 1675 691; x_wconf 80' lang='lat' dir='ltr'><strong>explorator,</strong></span> 
     </span>
     <span class='ocr_line' id='line_1_9' title="bbox 39 695 1678 761; baseline 0.001 -16"><span class='ocrx_word' id='word_1_42' title='bbox 39 695 194 745; x_wconf 85' lang='lat' dir='ltr'><strong>nullus</strong></span> <span class='ocrx_word' id='word_1_43' title='bbox 223 696 556 761; x_wconf 74' lang='lat' dir='ltr'><strong>Vespasianus,</strong></span> <span class='ocrx_word' id='word_1_44' title='bbox 591 712 864 761; x_wconf 86' lang='lat' dir='ltr'><strong>quamquam</strong></span> <span class='ocrx_word' id='word_1_45' title='bbox 896 695 1177 744; x_wconf 89' lang='lat' dir='ltr'><strong>Iudaeorum</strong></span> <span class='ocrx_word' id='word_1_46' title='bbox 1209 695 1490 755; x_wconf 73' lang='lat' dir='ltr'><strong>debellator,</strong></span> <span class='ocrx_word' id='word_1_47' title='bbox 1524 699 1678 746; x_wconf 87' lang='lat' dir='ltr'><strong>nullus</strong></span> 
     </span>
     <span class='ocr_line' id='line_1_10' title="bbox 41 765 1676 832; baseline -0.001 -16"><span class='ocrx_word' id='word_1_48' title='bbox 41 765 174 826; x_wconf 88' lang='lat' dir='ltr'><strong>Pius,</strong></span> <span class='ocrx_word' id='word_1_49' title='bbox 222 767 374 815; x_wconf 87' lang='lat' dir='ltr'><strong>nullus</strong></span> <span class='ocrx_word' id='word_1_50' title='bbox 419 766 575 815; x_wconf 86' lang='lat' dir='ltr'><strong>Verus</strong></span> <span class='ocrx_word' id='word_1_51' title='bbox 620 767 872 831; x_wconf 77' lang='lat' dir='ltr'><strong>impressit.</strong></span> <span class='ocrx_word' id='word_1_52' title='bbox 948 766 1350 832; x_wconf 82' lang='lat' dir='ltr'><strong>Facilius-utique</strong></span> <span class='ocrx_word' id='word_1_53' title='bbox 1389 769 1579 832; x_wconf 88' lang='lat' dir='ltr'><strong>pessimi</strong></span> <span class='ocrx_word' id='word_1_54' title='bbox 1620 768 1676 815; x_wconf 89' lang='lat' dir='ltr'><strong>ab</strong></span> 
     </span>
     <span class='ocr_line' id='line_1_11' title="bbox 24 837 1680 905; baseline 0.001 -19"><span class='ocrx_word' id='word_1_55' title='bbox 24 838 234 902; x_wconf 50' lang='lat' dir='ltr'><strong>aoptimis</strong></span> <span class='ocrx_word' id='word_1_56' title='bbox 266 837 549 905; x_wconf 81' lang='lat' dir='ltr'><strong>quibusque,</strong></span> <span class='ocrx_word' id='word_1_57' title='bbox 589 846 641 885; x_wconf 90' lang='lat' dir='ltr'><strong>ut</strong></span> <span class='ocrx_word' id='word_1_58' title='bbox 672 837 729 886; x_wconf 90' lang='lat' dir='ltr'><strong>ab</strong></span> <span class='ocrx_word' id='word_1_59' title='bbox 762 837 983 895; x_wconf 81' lang='lat' dir='ltr'><strong>aemulis,</strong></span> <span class='ocrx_word' id='word_1_60' title='bbox 1039 853 1176 902; x_wconf 87' lang='lat' dir='ltr'><strong>quam</strong></span> <span class='ocrx_word' id='word_1_61' title='bbox 1206 851 1234 885; x_wconf 83' lang='lat' dir='ltr'><strong>a</strong></span> <span class='ocrx_word' id='word_1_62' title='bbox 1266 838 1362 886; x_wconf 85' lang='lat' dir='ltr'><strong>suis</strong></span> <span class='ocrx_word' id='word_1_63' title='bbox 1393 839 1539 886; x_wconf 86' lang='lat' dir='ltr'><strong>sociis</strong></span> <span class='ocrx_word' id='word_1_64' title='bbox 1573 854 1680 887; x_wconf 50' lang='lat' dir='ltr'><strong>eran</strong></span> 
     </span>
     <span class='ocr_line' id='line_1_12' title="bbox 45 904 611 957; baseline 0.004 -2"><span class='ocrx_word' id='word_1_65' title='bbox 45 904 231 956; x_wconf 79' lang='lat' dir='ltr'><strong>dicandi</strong></span> <span class='ocrx_word' id='word_1_66' title='bbox 262 907 611 957; x_wconf 76' lang='lat' dir='ltr'><strong>iudicarentur.</strong></span> 
     </span>
    </p>

    <p class='ocr_par' dir='ltr' id='par_1_5' title="bbox 0 976 1681 2813">
     <span class='ocr_line' id='line_1_13' title="bbox 182 976 1678 1044; baseline -0.001 -16"><span class='ocrx_word' id='word_1_67' title='bbox 182 979 233 1030; x_wconf 82' lang='lat'><strong>6.</strong></span> <span class='ocrx_word' id='word_1_68' title='bbox 275 976 415 1027; x_wconf 87' lang='lat' dir='ltr'><strong>Nunc</strong></span> <span class='ocrx_word' id='word_1_69' title='bbox 447 979 797 1044; x_wconf 82' lang='lat' dir='ltr'><strong>religiosissimi</strong></span> <span class='ocrx_word' id='word_1_70' title='bbox 836 980 992 1043; x_wconf 86' lang='lat' dir='ltr'><strong>legum</strong></span> <span class='ocrx_word' id='word_1_71' title='bbox 1026 987 1076 1026; x_wconf 89' lang='lat' dir='ltr'><strong>et</strong></span> <span class='ocrx_word' id='word_1_72' title='bbox 1103 987 1408 1043; x_wconf 86' lang='lat' dir='ltr'><strong>paternorum</strong></span> <span class='ocrx_word' id='word_1_73' title='bbox 1439 981 1678 1028; x_wconf 89' lang='lat' dir='ltr'><strong>instituto-</strong></span> 
     </span>
     <span class='ocr_line' id='line_1_14' title="bbox 39 1049 1678 1114; baseline 0.002 -18"><span class='ocrx_word' id='word_1_74' title='bbox 39 1060 142 1097; x_wconf 81' lang='lat' dir='ltr'><strong>rum</strong></span> <span class='ocrx_word' id='word_1_75' title='bbox 173 1057 475 1114; x_wconf 85' lang='lat' dir='ltr'><strong>protectores</strong></span> <span class='ocrx_word' id='word_1_76' title='bbox 507 1056 556 1098; x_wconf 85' lang='lat' dir='ltr'><strong>et</strong></span> <span class='ocrx_word' id='word_1_77' title='bbox 586 1051 767 1098; x_wconf 90' lang='lat' dir='ltr'><strong>ultores</strong></span> <span class='ocrx_word' id='word_1_78' title='bbox 785 1052 828 1112; x_wconf 82' lang='lat'><strong>¹)</strong></span> <span class='ocrx_word' id='word_1_79' title='bbox 860 1049 1183 1113; x_wconf 85' lang='lat' dir='ltr'><strong>respondeant</strong></span> <span class='ocrx_word' id='word_1_80' title='bbox 1206 1050 1348 1098; x_wconf 89' lang='lat' dir='ltr'><strong>velim</strong></span> <span class='ocrx_word' id='word_1_81' title='bbox 1380 1049 1439 1098; x_wconf 91' lang='lat' dir='ltr'><strong>de</strong></span> <span class='ocrx_word' id='word_1_82' title='bbox 1470 1067 1555 1098; x_wconf 87' lang='lat' dir='ltr'><strong>sua</strong></span> <span class='ocrx_word' id='word_1_83' title='bbox 1584 1049 1678 1099; x_wconf 87' lang='lat' dir='ltr'><strong>fide</strong></span> 
     </span>
     <span class='ocr_line' id='line_1_15' title="bbox 22 1117 1679 1187; baseline 0.002 -21"><span class='ocrx_word' id='word_1_84' title='bbox 22 1120 92 1174; x_wconf 54' lang='lat' dir='ltr'><strong>*et</strong></span> <span class='ocrx_word' id='word_1_85' title='bbox 119 1117 303 1168; x_wconf 84' lang='lat' dir='ltr'><strong>honore</strong></span> <span class='ocrx_word' id='word_1_86' title='bbox 343 1129 391 1168; x_wconf 88' lang='lat' dir='ltr'><strong>et</strong></span> <span class='ocrx_word' id='word_1_87' title='bbox 430 1120 663 1187; x_wconf 85' lang='lat' dir='ltr'><strong>obsequio</strong></span> <span class='ocrx_word' id='word_1_88' title='bbox 704 1137 821 1185; x_wconf 87' lang='lat' dir='ltr'><strong>erga</strong></span> <span class='ocrx_word' id='word_1_89' title='bbox 860 1122 1087 1168; x_wconf 86' lang='lat' dir='ltr'><strong>maiorum</strong></span> <span class='ocrx_word' id='word_1_90' title='bbox 1128 1121 1364 1179; x_wconf 84' lang='lat' dir='ltr'><strong>consulta,</strong></span> <span class='ocrx_word' id='word_1_91' title='bbox 1420 1122 1459 1168; x_wconf 90' lang='lat' dir='ltr'><strong>si</strong></span> <span class='ocrx_word' id='word_1_92' title='bbox 1492 1138 1519 1169; x_wconf 84' lang='lat' dir='ltr'><strong>a</strong></span> <span class='ocrx_word' id='word_1_93' title='bbox 1551 1122 1679 1169; x_wconf 91' lang='lat' dir='ltr'><strong>nullo</strong></span> 
     </span>
     <span class='ocr_line' id='line_1_16' title="bbox 23 1187 1681 1250; baseline 0.001 -12"><span class='ocrx_word' id='word_1_94' title='bbox 23 1187 370 1249; x_wconf 61' lang='lat' dir='ltr'><strong>desciverunt,</strong></span> <span class='ocrx_word' id='word_1_95' title='bbox 420 1192 460 1238; x_wconf 90' lang='lat' dir='ltr'><strong>si</strong></span> <span class='ocrx_word' id='word_1_96' title='bbox 491 1192 538 1238; x_wconf 91' lang='lat' dir='ltr'><strong>in</strong></span> <span class='ocrx_word' id='word_1_97' title='bbox 569 1192 698 1239; x_wconf 90' lang='lat' dir='ltr'><strong>nullo</strong></span> <span class='ocrx_word' id='word_1_98' title='bbox 732 1191 1147 1250; x_wconf 84' lang='lat' dir='ltr'><strong>exorbitaverunt,</strong></span> <span class='ocrx_word' id='word_1_99' title='bbox 1197 1192 1238 1239; x_wconf 89' lang='lat' dir='ltr'><strong>si</strong></span> <span class='ocrx_word' id='word_1_100' title='bbox 1277 1208 1370 1239; x_wconf 92' lang='lat' dir='ltr'><strong>non</strong></span> <span class='ocrx_word' id='word_1_101' title='bbox 1403 1193 1681 1240; x_wconf 87' lang='lat' dir='ltr'><strong>necessaria</strong></span> 
     </span>
     <span class='ocr_line' id='line_1_17' title="bbox 23 1260 1680 1326; baseline 0.001 -18"><span class='ocrx_word' id='word_1_102' title='bbox 23 1269 93 1308; x_wconf 75' lang='lat' dir='ltr'><strong>et</strong></span> <span class='ocrx_word' id='word_1_103' title='bbox 122 1261 365 1325; x_wconf 87' lang='lat' dir='ltr'><strong>aptissima</strong></span> <span class='ocrx_word' id='word_1_104' title='bbox 406 1276 620 1326; x_wconf 90' lang='lat' dir='ltr'><strong>quaeque</strong></span> <span class='ocrx_word' id='word_1_105' title='bbox 660 1260 938 1325; x_wconf 83' lang='lat' dir='ltr'><strong>disciplinae</strong></span> <span class='ocrx_word' id='word_1_106' title='bbox 978 1262 1388 1310; x_wconf 79' lang='lat' dir='ltr'><strong>oblitteraverunt.</strong></span> <span class='ocrx_word' id='word_1_107' title='bbox 1467 1262 1680 1322; x_wconf 82' lang='lat' dir='ltr'><strong>Quonam</strong></span> 
     </span>
     <span class='ocr_line' id='line_1_18' title="bbox 23 1330 1680 1397; baseline 0.001 -19"><span class='ocrx_word' id='word_1_108' title='bbox 23 1330 154 1379; x_wconf 83' lang='lat' dir='ltr'><strong>=illae</strong></span> <span class='ocrx_word' id='word_1_109' title='bbox 185 1331 322 1396; x_wconf 86' lang='lat' dir='ltr'><strong>leges</strong></span> <span class='ocrx_word' id='word_1_110' title='bbox 353 1333 572 1381; x_wconf 86' lang='lat' dir='ltr'><strong>abierunt</strong></span> <span class='ocrx_word' id='word_1_111' title='bbox 603 1341 831 1397; x_wconf 79' lang='lat' dir='ltr'><strong>sumptum</strong></span> <span class='ocrx_word' id='word_1_112' title='bbox 863 1341 911 1379; x_wconf 88' lang='lat' dir='ltr'><strong>et</strong></span> <span class='ocrx_word' id='word_1_113' title='bbox 948 1332 1250 1381; x_wconf 86' lang='lat' dir='ltr'><strong>ambitionem</strong></span> <span class='ocrx_word' id='word_1_114' title='bbox 1283 1334 1680 1397; x_wconf 74' lang='lat' dir='ltr'><strong>comprimentes?</strong></span> 
     </span>
     <span class='ocr_line' id='line_1_19' title="bbox 20 1403 1680 1467; baseline 0.001 -17"><span class='ocrx_word' id='word_1_115' title='bbox 20 1418 163 1467; x_wconf 75' lang='lat' dir='ltr'><strong>=quae</strong></span> <span class='ocrx_word' id='word_1_116' title='bbox 209 1410 397 1450; x_wconf 89' lang='lat' dir='ltr'><strong>centum</strong></span> <span class='ocrx_word' id='word_1_117' title='bbox 436 1419 549 1451; x_wconf 84' lang='lat' dir='ltr'><strong>aera</strong></span> <span class='ocrx_word' id='word_1_118' title='bbox 587 1419 680 1450; x_wconf 90' lang='lat' dir='ltr'><strong>non</strong></span> <span class='ocrx_word' id='word_1_119' title='bbox 719 1403 916 1466; x_wconf 84' lang='lat' dir='ltr'><strong>amplius</strong></span> <span class='ocrx_word' id='word_1_120' title='bbox 954 1405 1002 1451; x_wconf 88' lang='lat' dir='ltr'><strong>in</strong></span> <span class='ocrx_word' id='word_1_121' title='bbox 1041 1419 1238 1451; x_wconf 90' lang='lat' dir='ltr'><strong>coenam</strong></span> <span class='ocrx_word' id='word_1_122' title='bbox 1278 1403 1513 1451; x_wconf 85' lang='lat' dir='ltr'><strong>subscribi</strong></span> <span class='ocrx_word' id='word_1_123' title='bbox 1545 1404 1680 1452; x_wconf 87' lang='lat' dir='ltr'><strong>iube·</strong></span> 
     </span>
     <span class='ocr_line' id='line_1_20' title="bbox 21 1471 1680 1538; baseline 0.001 -19"><span class='ocrx_word' id='word_1_124' title='bbox 21 1471 175 1532; x_wconf 59' lang='lat' dir='ltr'><strong>want,</strong></span> <span class='ocrx_word' id='word_1_125' title='bbox 216 1488 306 1521; x_wconf 90' lang='lat' dir='ltr'><strong>nec</strong></span> <span class='ocrx_word' id='word_1_126' title='bbox 338 1474 533 1538; x_wconf 87' lang='lat' dir='ltr'><strong>amplius</strong></span> <span class='ocrx_word' id='word_1_127' title='bbox 566 1489 700 1538; x_wconf 85' lang='lat' dir='ltr'><strong>quam</strong></span> <span class='ocrx_word' id='word_1_128' title='bbox 732 1488 870 1520; x_wconf 86' lang='lat' dir='ltr'><strong>unam</strong></span> <span class='ocrx_word' id='word_1_129' title='bbox 902 1474 1069 1521; x_wconf 88' lang='lat' dir='ltr'><strong>inferri</strong></span> <span class='ocrx_word' id='word_1_130' title='bbox 1101 1474 1337 1537; x_wconf 86' lang='lat' dir='ltr'><strong>gallinam,</strong></span> <span class='ocrx_word' id='word_1_131' title='bbox 1372 1482 1420 1520; x_wconf 91' lang='lat' dir='ltr'><strong>et</strong></span> <span class='ocrx_word' id='word_1_132' title='bbox 1451 1490 1554 1522; x_wconf 88' lang='lat' dir='ltr'><strong>eam</strong></span> <span class='ocrx_word' id='word_1_133' title='bbox 1586 1491 1680 1522; x_wconf 91' lang='lat' dir='ltr'><strong>non</strong></span> 
     </span>
     <span class='ocr_line' id='line_1_21' title="bbox 42 1543 1681 1611; baseline 0.001 -20"><span class='ocrx_word' id='word_1_134' title='bbox 42 1545 325 1611; x_wconf 79' lang='lat' dir='ltr'><strong>saginatam3</strong></span> <span class='ocrx_word' id='word_1_135' title='bbox 393 1559 514 1609; x_wconf 87' lang='lat' dir='ltr'><strong>quae</strong></span> <span class='ocrx_word' id='word_1_136' title='bbox 560 1545 833 1608; x_wconf 86' lang='lat' dir='ltr'><strong>patricium,</strong></span> <span class='ocrx_word' id='word_1_137' title='bbox 895 1543 1022 1607; x_wconf 84' lang='lat' dir='ltr'><strong>quod</strong></span> <span class='ocrx_word' id='word_1_138' title='bbox 1066 1543 1233 1591; x_wconf 87' lang='lat' dir='ltr'><strong>decem</strong></span> <span class='ocrx_word' id='word_1_139' title='bbox 1285 1543 1445 1608; x_wconf 91' lang='lat' dir='ltr'><strong>pondo</strong></span> <span class='ocrx_word' id='word_1_140' title='bbox 1490 1545 1681 1608; x_wconf 86' lang='lat' dir='ltr'><strong>argenti</strong></span> 
     </span>
     <span class='ocr_line' id='line_1_22' title="bbox 22 1612 1679 1680; baseline 0 -18"><span class='ocrx_word' id='word_1_141' title='bbox 22 1612 299 1673; x_wconf 63' lang='lat' dir='ltr'><strong>{babuisset,</strong></span> <span class='ocrx_word' id='word_1_142' title='bbox 331 1631 418 1680; x_wconf 87' lang='lat' dir='ltr'><strong>pro</strong></span> <span class='ocrx_word' id='word_1_143' title='bbox 450 1630 619 1680; x_wconf 88' lang='lat' dir='ltr'><strong>magno</strong></span> <span class='ocrx_word' id='word_1_144' title='bbox 655 1614 788 1661; x_wconf 89' lang='lat' dir='ltr'><strong>titulo</strong></span> <span class='ocrx_word' id='word_1_145' title='bbox 813 1614 1081 1662; x_wconf 85' lang='lat' dir='ltr'><strong>ambitionis</strong></span> <span class='ocrx_word' id='word_1_146' title='bbox 1106 1624 1271 1663; x_wconf 88' lang='lat' dir='ltr'><strong>senatu</strong></span> <span class='ocrx_word' id='word_1_147' title='bbox 1297 1614 1679 1675; x_wconf 82' lang='lat' dir='ltr'><strong>summovebant3</strong></span> 
     </span>
     <span class='ocr_line' id='line_1_23' title="bbox 20 1683 1679 1753; baseline 0.001 -20"><span class='ocrx_word' id='word_1_148' title='bbox 20 1683 164 1753; x_wconf 84' lang='lat' dir='ltr'><strong>-quae</strong></span> <span class='ocrx_word' id='word_1_149' title='bbox 191 1685 380 1733; x_wconf 84' lang='lat' dir='ltr'><strong>theatra</strong></span> <span class='ocrx_word' id='word_1_150' title='bbox 409 1685 675 1751; x_wconf 83' lang='lat' dir='ltr'><strong>stuprandis</strong></span> <span class='ocrx_word' id='word_1_151' title='bbox 700 1685 909 1733; x_wconf 78' lang='lat' dir='ltr'><strong>moribus</strong></span> <span class='ocrx_word' id='word_1_152' title='bbox 935 1686 1140 1733; x_wconf 87' lang='lat' dir='ltr'><strong>orientia</strong></span> <span class='ocrx_word' id='word_1_153' title='bbox 1164 1688 1319 1733; x_wconf 86' lang='lat' dir='ltr'><strong>statim</strong></span> <span class='ocrx_word' id='word_1_154' title='bbox 1346 1685 1679 1747; x_wconf 79' lang='lat' dir='ltr'><strong>destruebant3</strong></span> 
     </span>
     <span class='ocr_line' id='line_1_24' title="bbox 21 1755 1679 1821; baseline 0.001 -17"><span class='ocrx_word' id='word_1_155' title='bbox 21 1770 164 1821; x_wconf 68' lang='lat' dir='ltr'><strong>quae</strong></span> <span class='ocrx_word' id='word_1_156' title='bbox 196 1755 475 1821; x_wconf 79' lang='lat' dir='ltr'><strong>dignitatum</strong></span> <span class='ocrx_word' id='word_1_157' title='bbox 500 1765 548 1805; x_wconf 89' lang='lat' dir='ltr'><strong>et</strong></span> <span class='ocrx_word' id='word_1_158' title='bbox 571 1758 877 1804; x_wconf 86' lang='lat' dir='ltr'><strong>honestorum</strong></span> <span class='ocrx_word' id='word_1_159' title='bbox 902 1757 1121 1804; x_wconf 86' lang='lat' dir='ltr'><strong>natalium</strong></span> <span class='ocrx_word' id='word_1_160' title='bbox 1145 1757 1351 1820; x_wconf 86' lang='lat' dir='ltr'><strong>insignia</strong></span> <span class='ocrx_word' id='word_1_161' title='bbox 1377 1773 1471 1805; x_wconf 90' lang='lat' dir='ltr'><strong>non</strong></span> <span class='ocrx_word' id='word_1_162' title='bbox 1495 1765 1679 1805; x_wconf 79' lang='lat' dir='ltr'><strong>temere</strong></span> 
     </span>
     <span class='ocr_line' id='line_1_25' title="bbox 0 1825 1680 1891; baseline 0.001 -17"><span class='ocrx_word' id='word_1_163' title='bbox 0 1860 1 1880; x_wconf 44' lang='lat'><em>÷</em></span> <span class='ocrx_word' id='word_1_164' title='bbox 42 1838 134 1876; x_wconf 86' lang='lat' dir='ltr'><strong>nec</strong></span> <span class='ocrx_word' id='word_1_165' title='bbox 165 1828 352 1891; x_wconf 89' lang='lat' dir='ltr'><strong>impune</strong></span> <span class='ocrx_word' id='word_1_166' title='bbox 384 1830 598 1891; x_wconf 85' lang='lat' dir='ltr'><strong>usurpari</strong></span> <span class='ocrx_word' id='word_1_167' title='bbox 631 1827 876 1874; x_wconf 82' lang='lat' dir='ltr'><strong>sinebant?</strong></span> <span class='ocrx_word' id='word_1_168' title='bbox 934 1825 1090 1875; x_wconf 76' lang='lat' dir='ltr'><strong>Video</strong></span> <span class='ocrx_word' id='word_1_169' title='bbox 1129 1828 1252 1874; x_wconf 89' lang='lat' dir='ltr'><strong>enim</strong></span> <span class='ocrx_word' id='word_1_170' title='bbox 1292 1837 1342 1875; x_wconf 89' lang='lat' dir='ltr'><strong>et</strong></span> <span class='ocrx_word' id='word_1_171' title='bbox 1380 1827 1680 1876; x_wconf 88' lang='lat' dir='ltr'><strong>centenarias</strong></span> 
     </span>
     <span class='ocr_line' id='line_1_26' title="bbox 0 1896 1681 1961; baseline 0.002 -17"><span class='ocrx_word' id='word_1_172' title='bbox 0 1945 1 1961; x_wconf 20' lang='grc' dir='ltr'>ξ</span> <span class='ocrx_word' id='word_1_173' title='bbox 45 1912 244 1955; x_wconf 81' lang='lat' dir='ltr'><strong>coenas,</strong></span> <span class='ocrx_word' id='word_1_174' title='bbox 293 1912 321 1945; x_wconf 88' lang='lat' dir='ltr'><strong>a</strong></span> <span class='ocrx_word' id='word_1_175' title='bbox 367 1899 581 1946; x_wconf 87' lang='lat' dir='ltr'><strong>centenis</strong></span> <span class='ocrx_word' id='word_1_176' title='bbox 629 1899 720 1944; x_wconf 88' lang='lat' dir='ltr'><strong>iam</strong></span> <span class='ocrx_word' id='word_1_177' title='bbox 760 1898 995 1945; x_wconf 84' lang='lat' dir='ltr'><strong>sestertiis</strong></span> <span class='ocrx_word' id='word_1_178' title='bbox 1034 1896 1283 1955; x_wconf 88' lang='lat' dir='ltr'><strong>dicendas,</strong></span> <span class='ocrx_word' id='word_1_179' title='bbox 1332 1906 1381 1945; x_wconf 90' lang='lat' dir='ltr'><strong>et</strong></span> <span class='ocrx_word' id='word_1_180' title='bbox 1425 1899 1471 1944; x_wconf 91' lang='lat' dir='ltr'><strong>in</strong></span> <span class='ocrx_word' id='word_1_181' title='bbox 1518 1898 1681 1947; x_wconf 85' lang='lat' dir='ltr'><strong>lances</strong></span> 
     </span>
     <span class='ocr_line' id='line_1_27' title="bbox 0 1966 1681 2032; baseline 0.001 -16"><span class='ocrx_word' id='word_1_182' title='bbox 0 1966 1 1972; x_wconf 70' lang='grc'>’</span> <span class='ocrx_word' id='word_1_183' title='bbox 47 1972 230 2032; x_wconf 84' lang='lat' dir='ltr'><strong>(parum</strong></span> <span class='ocrx_word' id='word_1_184' title='bbox 263 1977 336 2016; x_wconf 88' lang='lat' dir='ltr'><strong>est</strong></span> <span class='ocrx_word' id='word_1_185' title='bbox 371 1970 535 2030; x_wconf 90' lang='lat' dir='ltr'><strong>[enim]</strong></span> <span class='ocrx_word' id='word_1_186' title='bbox 572 1970 612 2015; x_wconf 92' lang='lat' dir='ltr'><strong>si</strong></span> <span class='ocrx_word' id='word_1_187' title='bbox 645 1976 914 2016; x_wconf 85' lang='lat' dir='ltr'><strong>senatorum</strong></span> <span class='ocrx_word' id='word_1_188' title='bbox 948 1977 996 2015; x_wconf 90' lang='lat' dir='ltr'><strong>et</strong></span> <span class='ocrx_word' id='word_1_189' title='bbox 1027 1985 1119 2015; x_wconf 91' lang='lat' dir='ltr'><strong>non</strong></span> <span class='ocrx_word' id='word_1_190' title='bbox 1145 1968 1472 2015; x_wconf 88' lang='lat' dir='ltr'><strong>libertinorum</strong></span> <span class='ocrx_word' id='word_1_191' title='bbox 1496 1970 1572 2016; x_wconf 91' lang='lat' dir='ltr'><strong>vel</strong></span> <span class='ocrx_word' id='word_1_192' title='bbox 1596 1968 1681 2017; x_wconf 89' lang='lat' dir='ltr'><strong>ad-</strong></span> 
     </span>
     <span class='ocr_line' id='line_1_28' title="bbox 42 2037 1679 2103; baseline 0.001 -15.975"><span class='ocrx_word' id='word_1_193' title='bbox 42 2037 136 2087; x_wconf 82' lang='lat' dir='ltr'><strong>huc</strong></span> <span class='ocrx_word' id='word_1_194' title='bbox 168 2040 316 2103; x_wconf 83' lang='lat' dir='ltr'><strong>flagra</strong></span> <span class='ocrx_word' id='word_1_195' title='bbox 347 2040 674 2103; x_wconf 90' lang='lat' dir='ltr'><strong>rumpentium)</strong></span> <span class='ocrx_word' id='word_1_196' title='bbox 706 2040 978 2102; x_wconf 83' lang='lat' dir='ltr'><strong>argentaria</strong></span> <span class='ocrx_word' id='word_1_197' title='bbox 1010 2039 1198 2087; x_wconf 84' lang='lat' dir='ltr'><strong>metalla</strong></span> <span class='ocrx_word' id='word_1_198' title='bbox 1228 2038 1474 2102; x_wconf 86' lang='lat' dir='ltr'><strong>producta.</strong></span> <span class='ocrx_word' id='word_1_199' title='bbox 1523 2039 1679 2088; x_wconf 91' lang='lat' dir='ltr'><strong>Video</strong></span> 
     </span>
     <span class='ocr_line' id='line_1_29' title="bbox 44 2109 1681 2175; baseline 0 -17"><span class='ocrx_word' id='word_1_200' title='bbox 44 2117 94 2158; x_wconf 87' lang='lat' dir='ltr'><strong>et</strong></span> <span class='ocrx_word' id='word_1_201' title='bbox 123 2110 310 2158; x_wconf 87' lang='lat' dir='ltr'><strong>theatra</strong></span> <span class='ocrx_word' id='word_1_202' title='bbox 341 2125 431 2158; x_wconf 88' lang='lat' dir='ltr'><strong>nec</strong></span> <span class='ocrx_word' id='word_1_203' title='bbox 465 2110 650 2175; x_wconf 85' lang='lat' dir='ltr'><strong>singula</strong></span> <span class='ocrx_word' id='word_1_204' title='bbox 682 2111 796 2157; x_wconf 84' lang='lat' dir='ltr'><strong>satis</strong></span> <span class='ocrx_word' id='word_1_205' title='bbox 829 2125 961 2168; x_wconf 88' lang='lat' dir='ltr'><strong>esse,</strong></span> <span class='ocrx_word' id='word_1_206' title='bbox 1009 2126 1098 2157; x_wconf 88' lang='lat' dir='ltr'><strong>nec</strong></span> <span class='ocrx_word' id='word_1_207' title='bbox 1138 2109 1276 2157; x_wconf 86' lang='lat' dir='ltr'><strong>nuda.</strong></span> <span class='ocrx_word' id='word_1_208' title='bbox 1352 2109 1472 2157; x_wconf 91' lang='lat' dir='ltr'><strong>Nam</strong></span> <span class='ocrx_word' id='word_1_209' title='bbox 1512 2126 1571 2158; x_wconf 87' lang='lat' dir='ltr'><strong>ne</strong></span> <span class='ocrx_word' id='word_1_210' title='bbox 1604 2110 1681 2158; x_wconf 88' lang='lat' dir='ltr'><strong>vel</strong></span> 
     </span>
     <span class='ocr_line' id='line_1_30' title="bbox 0 2179 1679 2246; baseline 0.001 -19"><span class='ocrx_word' id='word_1_211' title='bbox 0 2180 1 2184; x_wconf 70' lang='grc'>’</span> <span class='ocrx_word' id='word_1_212' title='bbox 22 2180 197 2232; x_wconf 57' lang='grc' dir='ltr'><strong>ἕῙιίοιιιθ</strong></span> <span class='ocrx_word' id='word_1_213' title='bbox 221 2181 436 2245; x_wconf 87' lang='lat' dir='ltr'><strong>voluptas</strong></span> <span class='ocrx_word' id='word_1_214' title='bbox 460 2180 693 2246; x_wconf 82' lang='lat' dir='ltr'><strong>impudica</strong></span> <span class='ocrx_word' id='word_1_215' title='bbox 718 2181 937 2244; x_wconf 85' lang='lat' dir='ltr'><strong>frigeret,</strong></span> <span class='ocrx_word' id='word_1_216' title='bbox 971 2182 1108 2245; x_wconf 90' lang='lat' dir='ltr'><strong>primi</strong></span> <span class='ocrx_word' id='word_1_217' title='bbox 1126 2179 1496 2229; x_wconf 86' lang='lat' dir='ltr'><strong>Lacedaemonii</strong></span> <span class='ocrx_word' id='word_1_218' title='bbox 1522 2180 1679 2229; x_wconf 89' lang='lat' dir='ltr'><strong>odium</strong></span> 
     </span>
     <span class='ocr_line' id='line_1_31' title="bbox 0 2246 1679 2318; baseline 0.002 -21"><span class='ocrx_word' id='word_1_219' title='bbox 0 2247 245 2318; x_wconf 53' lang='lat' dir='ltr'><strong>ffaepenul&#39;ae</strong></span> <span class='ocrx_word' id='word_1_220' title='bbox 277 2246 398 2299; x_wconf 80' lang='lat' dir='ltr'><strong>ludis</strong></span> <span class='ocrx_word' id='word_1_221' title='bbox 415 2253 461 2311; x_wconf 74' lang='grc'><strong>2)</strong></span> <span class='ocrx_word' id='word_1_222' title='bbox 513 2253 923 2316; x_wconf 86' lang='lat' dir='ltr'><strong>excogitaverunt.</strong></span> <span class='ocrx_word' id='word_1_223' title='bbox 1000 2251 1156 2299; x_wconf 82' lang='lat' dir='ltr'><strong>Video</strong></span> <span class='ocrx_word' id='word_1_224' title='bbox 1194 2261 1244 2299; x_wconf 89' lang='lat' dir='ltr'><strong>et</strong></span> <span class='ocrx_word' id='word_1_225' title='bbox 1274 2252 1402 2300; x_wconf 88' lang='lat' dir='ltr'><strong>inter</strong></span> <span class='ocrx_word' id='word_1_226' title='bbox 1438 2261 1679 2300; x_wconf 85' lang='lat' dir='ltr'><strong>matronas</strong></span> 
     </span>
     <span class='ocr_line' id='line_1_32' title="bbox 0 2320 1676 2388; baseline 0 -18"><span class='ocrx_word' id='word_1_227' title='bbox 0 2327 1 2378; x_wconf 47' lang='grc' dir='ltr'>ᾗ</span> <span class='ocrx_word' id='word_1_228' title='bbox 43 2321 184 2388; x_wconf 64' lang='lat' dir='ltr'><strong>atque</strong></span> <span class='ocrx_word' id='word_1_229' title='bbox 237 2320 522 2387; x_wconf 79' lang='lat' dir='ltr'><strong>prostibulas</strong></span> <span class='ocrx_word' id='word_1_230' title='bbox 577 2324 750 2370; x_wconf 89' lang='lat' dir='ltr'><strong>nullum</strong></span> <span class='ocrx_word' id='word_1_231' title='bbox 803 2322 862 2371; x_wconf 90' lang='lat' dir='ltr'><strong>de</strong></span> <span class='ocrx_word' id='word_1_232' title='bbox 916 2323 1080 2370; x_wconf 86' lang='lat' dir='ltr'><strong>habitu</strong></span> <span class='ocrx_word' id='word_1_233' title='bbox 1133 2322 1389 2372; x_wconf 83' lang='lat' dir='ltr'><strong>discrimen</strong></span> <span class='ocrx_word' id='word_1_234' title='bbox 1442 2324 1676 2372; x_wconf 86' lang='lat' dir='ltr'><strong>relictum.</strong></span> 
     </span>
     <span class='ocr_line' id='line_1_33' title="bbox 0 2385 1679 2458; baseline 0 -18"><span class='ocrx_word' id='word_1_235' title='bbox 0 2385 186 2451; x_wconf 41' lang='lat' dir='ltr'><strong>veina</strong></span> <span class='ocrx_word' id='word_1_236' title='bbox 215 2393 413 2442; x_wconf 76' lang='lat' dir='ltr'><strong>feminas</strong></span> <span class='ocrx_word' id='word_1_237' title='bbox 446 2393 632 2458; x_wconf 88' lang='lat' dir='ltr'><strong>quidem</strong></span> <span class='ocrx_word' id='word_1_238' title='bbox 674 2394 814 2441; x_wconf 89' lang='lat' dir='ltr'><strong>etiam</strong></span> <span class='ocrx_word' id='word_1_239' title='bbox 853 2394 934 2441; x_wconf 85' lang='lat' dir='ltr'><strong>illa</strong></span> <span class='ocrx_word' id='word_1_240' title='bbox 973 2396 1200 2442; x_wconf 90' lang='lat' dir='ltr'><strong>maiorum</strong></span> <span class='ocrx_word' id='word_1_241' title='bbox 1238 2395 1452 2441; x_wconf 88' lang='lat' dir='ltr'><strong>instituta</strong></span> <span class='ocrx_word' id='word_1_242' title='bbox 1483 2392 1679 2441; x_wconf 89' lang='lat' dir='ltr'><strong>cecide-</strong></span> 
     </span>
     <span class='ocr_line' id='line_1_34' title="bbox 0 2464 1678 2530; baseline -0.001 -18"><span class='ocrx_word' id='word_1_243' title='bbox 0 2468 166 2528; x_wconf 67' lang='lat' dir='ltr'><strong>}·runt‚</strong></span> <span class='ocrx_word' id='word_1_244' title='bbox 200 2478 319 2528; x_wconf 82' lang='lat' dir='ltr'><strong>quae</strong></span> <span class='ocrx_word' id='word_1_245' title='bbox 350 2464 632 2523; x_wconf 87' lang='lat' dir='ltr'><strong>modestiae,</strong></span> <span class='ocrx_word' id='word_1_246' title='bbox 670 2481 790 2530; x_wconf 91' lang='lat' dir='ltr'><strong>quae</strong></span> <span class='ocrx_word' id='word_1_247' title='bbox 822 2465 1070 2513; x_wconf 85' lang='lat' dir='ltr'><strong>sobrietati</strong></span> <span class='ocrx_word' id='word_1_248' title='bbox 1102 2464 1538 2528; x_wconf 81' lang='lat' dir='ltr'><strong>patrocinabantur,</strong></span> <span class='ocrx_word' id='word_1_249' title='bbox 1573 2479 1678 2511; x_wconf 90' lang='lat' dir='ltr'><strong>cum</strong></span> 
     </span>
     <span class='ocr_line' id='line_1_35' title="bbox 0 2529 1678 2600; baseline 0 -18"><span class='ocrx_word' id='word_1_250' title='bbox 0 2529 1 2576; x_wconf 57' lang='lat' dir='ltr'><strong>l</strong></span> <span class='ocrx_word' id='word_1_251' title='bbox 43 2542 207 2582; x_wconf 70' lang='lat' dir='ltr'><strong>aurum</strong></span> <span class='ocrx_word' id='word_1_252' title='bbox 235 2535 363 2583; x_wconf 71' lang='lat' dir='ltr'><strong>nulia</strong></span> <span class='ocrx_word' id='word_1_253' title='bbox 393 2544 553 2593; x_wconf 85' lang='lat' dir='ltr'><strong>norat,</strong></span> <span class='ocrx_word' id='word_1_254' title='bbox 607 2545 801 2600; x_wconf 89' lang='lat' dir='ltr'><strong>praeter</strong></span> <span class='ocrx_word' id='word_1_255' title='bbox 839 2538 981 2583; x_wconf 90' lang='lat' dir='ltr'><strong>unico</strong></span> <span class='ocrx_word' id='word_1_256' title='bbox 1021 2535 1172 2599; x_wconf 87' lang='lat' dir='ltr'><strong>digito</strong></span> <span class='ocrx_word' id='word_1_257' title='bbox 1190 2538 1262 2594; x_wconf 85' lang='lat'><strong>3),</strong></span> <span class='ocrx_word' id='word_1_258' title='bbox 1311 2551 1447 2598; x_wconf 87' lang='lat' dir='ltr'><strong>quem</strong></span> <span class='ocrx_word' id='word_1_259' title='bbox 1480 2551 1678 2598; x_wconf 90' lang='lat' dir='ltr'><strong>sponsus</strong></span> 
     </span>
     <span class='ocr_line' id='line_1_36' title="bbox 0 2602 1679 2672; baseline 0 -20"><span class='ocrx_word' id='word_1_260' title='bbox 0 2602 1 2658; x_wconf 70' lang='grc' dir='ltr'><strong>Ῑ</strong></span> <span class='ocrx_word' id='word_1_261' title='bbox 45 2604 409 2672; x_wconf 83' lang='lat' dir='ltr'><strong>oppignerasset</strong></span> <span class='ocrx_word' id='word_1_262' title='bbox 440 2607 655 2671; x_wconf 84' lang='lat' dir='ltr'><strong>pronubo</strong></span> <span class='ocrx_word' id='word_1_263' title='bbox 688 2608 885 2666; x_wconf 84' lang='lat' dir='ltr'><strong>annulo3</strong></span> <span class='ocrx_word' id='word_1_264' title='bbox 924 2623 1027 2653; x_wconf 88' lang='lat' dir='ltr'><strong>cum</strong></span> <span class='ocrx_word' id='word_1_265' title='bbox 1059 2606 1282 2654; x_wconf 90' lang='lat' dir='ltr'><strong>mulieres</strong></span> <span class='ocrx_word' id='word_1_266' title='bbox 1313 2621 1464 2670; x_wconf 91' lang='lat' dir='ltr'><strong>usque</strong></span> <span class='ocrx_word' id='word_1_267' title='bbox 1496 2604 1618 2652; x_wconf 86' lang='lat' dir='ltr'><strong>adeo</strong></span> <span class='ocrx_word' id='word_1_268' title='bbox 1649 2623 1679 2653; x_wconf 84' lang='lat' dir='ltr'><strong>a</strong></span> 
     </span>
     <span class='ocr_line' id='line_1_37' title="bbox 0 2674 1675 2744; baseline 0.001 -21"><span class='ocrx_word' id='word_1_269' title='bbox 0 2697 1 2744; x_wconf 35' lang='grc' dir='ltr'>ᾗ</span> <span class='ocrx_word' id='word_1_270' title='bbox 44 2674 156 2723; x_wconf 82' lang='lat' dir='ltr'><strong>vino</strong></span> <span class='ocrx_word' id='word_1_271' title='bbox 189 2674 495 2735; x_wconf 87' lang='lat' dir='ltr'><strong>abstinerent,</strong></span> <span class='ocrx_word' id='word_1_272' title='bbox 529 2688 580 2725; x_wconf 89' lang='lat' dir='ltr'><strong>ut</strong></span> <span class='ocrx_word' id='word_1_273' title='bbox 610 2687 870 2725; x_wconf 86' lang='lat' dir='ltr'><strong>matronam</strong></span> <span class='ocrx_word' id='word_1_274' title='bbox 903 2677 963 2724; x_wconf 91' lang='lat' dir='ltr'><strong>ob</strong></span> <span class='ocrx_word' id='word_1_275' title='bbox 996 2678 1263 2740; x_wconf 87' lang='lat' dir='ltr'><strong>resignatos</strong></span> <span class='ocrx_word' id='word_1_276' title='bbox 1289 2676 1441 2724; x_wconf 88' lang='lat' dir='ltr'><strong>cellae</strong></span> <span class='ocrx_word' id='word_1_277' title='bbox 1465 2678 1675 2725; x_wconf 88' lang='lat' dir='ltr'><strong>vinariae</strong></span> 
     </span>
     <span class='ocr_line' id='line_1_38' title="bbox 0 2741 1677 2813; baseline 0.001 -20"><span class='ocrx_word' id='word_1_278' title='bbox 0 2751 2 2795; x_wconf 72' lang='grc' dir='ltr'>ἰ</span> <span class='ocrx_word' id='word_1_279' title='bbox 44 2741 230 2794; x_wconf 69' lang='lat' dir='ltr'><strong>loculos</strong></span> <span class='ocrx_word' id='word_1_280' title='bbox 260 2748 331 2794; x_wconf 90' lang='lat' dir='ltr'><strong>sui</strong></span> <span class='ocrx_word' id='word_1_281' title='bbox 361 2747 519 2796; x_wconf 87' lang='lat' dir='ltr'><strong>inedia</strong></span> <span class='ocrx_word' id='word_1_282' title='bbox 550 2750 779 2798; x_wconf 85' lang='lat' dir='ltr'><strong>necarint.</strong></span> <span class='ocrx_word' id='word_1_283' title='bbox 858 2748 955 2796; x_wconf 86' lang='lat' dir='ltr'><strong>Sub</strong></span> <span class='ocrx_word' id='word_1_284' title='bbox 989 2748 1188 2795; x_wconf 84' lang='lat' dir='ltr'><strong>Romulo</strong></span> <span class='ocrx_word' id='word_1_285' title='bbox 1220 2763 1334 2795; x_wconf 84' lang='lat' dir='ltr'><strong>vero</strong></span> <span class='ocrx_word' id='word_1_286' title='bbox 1367 2765 1487 2813; x_wconf 86' lang='lat' dir='ltr'><strong>quae</strong></span> <span class='ocrx_word' id='word_1_287' title='bbox 1518 2749 1677 2796; x_wconf 88' lang='lat' dir='ltr'><strong>vinum</strong></span> 
     </span>
    </p>
   </div>
   <div class='ocr_carea' id='block_1_5' title="bbox 36 2956 1679 3235">
    <p class='ocr_par' dir='ltr' id='par_1_6' title="bbox 36 2956 1679 3235">
     <span class='ocr_line' id='line_1_39' title="bbox 55 2956 1679 3011; baseline 0.003 -16"><span class='ocrx_word' id='word_1_288' title='bbox 55 3008 58 3009; x_wconf 19' lang='lat'><em>⁷</em></span> <span class='ocrx_word' id='word_1_289' title='bbox 158 2956 204 3005; x_wconf 79' lang='lat'><strong>1)</strong></span> <span class='ocrx_word' id='word_1_290' title='bbox 238 2957 430 3007; x_wconf 61' lang='lat' dir='ltr'><strong>Hermu„</strong></span> <span class='ocrx_word' id='word_1_291' title='bbox 462 2961 572 3010; x_wconf 82' lang='lat' dir='ltr'><strong>Rig.,</strong></span> <span class='ocrx_word' id='word_1_292' title='bbox 603 2963 809 2999; x_wconf 59' lang='lat' dir='ltr'><strong>Hatera:</strong></span> <span class='ocrx_word' id='word_1_293' title='bbox 844 2962 1103 3008; x_wconf 80' lang='lat' dir='ltr'><strong>cultores;</strong></span> <span class='ocrx_word' id='word_1_294' title='bbox 1151 2962 1268 2999; x_wconf 85' lang='lat' dir='ltr'><strong>codd.</strong></span> <span class='ocrx_word' id='word_1_295' title='bbox 1299 2961 1441 3010; x_wconf 87' lang='lat' dir='ltr'><strong>Fuld.,</strong></span> <span class='ocrx_word' id='word_1_296' title='bbox 1470 2963 1602 3011; x_wconf 81' lang='lat' dir='ltr'><strong>Agob.</strong></span> <span class='ocrx_word' id='word_1_297' title='bbox 1635 2967 1679 3000; x_wconf 80' lang='lat' dir='ltr'><strong>et</strong></span> 
     </span>
     <span class='ocr_line' id='line_1_40' title="bbox 42 3008 1677 3067; baseline 0.002 -15"><span class='ocrx_word' id='word_1_298' title='bbox 42 3008 197 3064; x_wconf 53' lang='grc' dir='ltr'><strong>βηεᾱα</strong></span> <span class='ocrx_word' id='word_1_299' title='bbox 244 3015 462 3053; x_wconf 79' lang='lat' dir='ltr'><strong>ultores.</strong></span> <span class='ocrx_word' id='word_1_300' title='bbox 575 3019 620 3067; x_wconf 86' lang='lat'><strong>2)</strong></span> <span class='ocrx_word' id='word_1_301' title='bbox 651 3019 721 3058; x_wconf 89' lang='lat' dir='ltr'><strong>Sic</strong></span> <span class='ocrx_word' id='word_1_302' title='bbox 746 3018 835 3066; x_wconf 88' lang='lat' dir='ltr'><strong>Rig.</strong></span> <span class='ocrx_word' id='word_1_303' title='bbox 861 3020 903 3055; x_wconf 87' lang='lat' dir='ltr'><strong>et</strong></span> <span class='ocrx_word' id='word_1_304' title='bbox 927 3018 1032 3055; x_wconf 84' lang='lat' dir='ltr'><strong>Hav.</strong></span> <span class='ocrx_word' id='word_1_305' title='bbox 1057 3029 1080 3055; x_wconf 86' lang='lat' dir='ltr'><strong>e</strong></span> <span class='ocrx_word' id='word_1_306' title='bbox 1105 3019 1195 3055; x_wconf 84' lang='lat' dir='ltr'><strong>cod.</strong></span> <span class='ocrx_word' id='word_1_307' title='bbox 1219 3017 1363 3065; x_wconf 79' lang='lat' dir='ltr'><strong>Fuld.;</strong></span> <span class='ocrx_word' id='word_1_308' title='bbox 1396 3019 1518 3067; x_wconf 60' lang='lat' dir='ltr'><strong>Her„</strong></span> <span class='ocrx_word' id='word_1_309' title='bbox 1547 3018 1677 3056; x_wconf 78' lang='lat' dir='ltr'><strong>Semi.</strong></span> 
     </span>
     <span class='ocr_line' id='line_1_41' title="bbox 42 3066 1675 3123; baseline 0.002 -15"><span class='ocrx_word' id='word_1_310' title='bbox 42 3066 222 3119; x_wconf 60' lang='lat' dir='ltr'><strong>istique:</strong></span> <span class='ocrx_word' id='word_1_311' title='bbox 267 3071 671 3112; x_wconf 80' lang='lat' dir='ltr'><strong>Lacedaemonii</strong></span> <span class='ocrx_word' id='word_1_312' title='bbox 702 3075 942 3123; x_wconf 81' lang='lat' dir='ltr'><strong>penulam</strong></span> <span class='ocrx_word' id='word_1_313' title='bbox 980 3077 1083 3122; x_wconf 82' lang='lat' dir='ltr'><strong>etc.;</strong></span> <span class='ocrx_word' id='word_1_314' title='bbox 1135 3075 1266 3112; x_wconf 84' lang='lat' dir='ltr'><strong>Rhen.</strong></span> <span class='ocrx_word' id='word_1_315' title='bbox 1298 3076 1541 3123; x_wconf 82' lang='lat' dir='ltr'><strong>penulam</strong></span> <span class='ocrx_word' id='word_1_316' title='bbox 1579 3086 1675 3111; x_wconf 92' lang='lat' dir='ltr'><strong>nu-</strong></span> 
     </span>
     <span class='ocr_line' id='line_1_42' title="bbox 36 3119 1677 3187; baseline 0 -19"><span class='ocrx_word' id='word_1_317' title='bbox 36 3119 124 3187; x_wconf 56' lang='lat' dir='ltr'><strong>ss*</strong></span> <span class='ocrx_word' id='word_1_318' title='bbox 146 3129 228 3166; x_wconf 75' lang='lat' dir='ltr'><strong>etc.</strong></span> <span class='ocrx_word' id='word_1_319' title='bbox 338 3128 382 3176; x_wconf 89' lang='grc'><strong>3)</strong></span> <span class='ocrx_word' id='word_1_320' title='bbox 412 3129 660 3168; x_wconf 76' lang='lat' dir='ltr'><strong>Rhenanus:</strong></span> <span class='ocrx_word' id='word_1_321' title='bbox 696 3143 807 3169; x_wconf 88' lang='lat' dir='ltr'><strong>cum</strong></span> <span class='ocrx_word' id='word_1_322' title='bbox 839 3142 1017 3168; x_wconf 85' lang='lat' dir='ltr'><strong>aurum</strong></span> <span class='ocrx_word' id='word_1_323' title='bbox 1047 3132 1197 3169; x_wconf 80' lang='lat' dir='ltr'><strong>nulla.</strong></span> <span class='ocrx_word' id='word_1_324' title='bbox 1227 3134 1452 3170; x_wconf 84' lang='lat' dir='ltr'><strong>membra</strong></span> <span class='ocrx_word' id='word_1_325' title='bbox 1483 3136 1677 3169; x_wconf 81' lang='lat' dir='ltr'><strong>norant</strong></span> 
     </span>
     <span class='ocr_line' id='line_1_43' title="bbox 46 3186 1057 3235; baseline 0.004 -14"><span class='ocrx_word' id='word_1_326' title='bbox 46 3187 258 3235; x_wconf 61' lang='lat' dir='ltr'><strong>{tracter</strong></span> <span class='ocrx_word' id='word_1_327' title='bbox 290 3186 496 3223; x_wconf 87' lang='lat' dir='ltr'><strong>unicum</strong></span> <span class='ocrx_word' id='word_1_328' title='bbox 528 3187 770 3235; x_wconf 85' lang='lat' dir='ltr'><strong>digitum,</strong></span> <span class='ocrx_word' id='word_1_329' title='bbox 802 3199 947 3234; x_wconf 81' lang='lat' dir='ltr'><strong>quem</strong></span> <span class='ocrx_word' id='word_1_330' title='bbox 979 3189 1057 3225; x_wconf 70' lang='lat' dir='ltr'><strong>etc.</strong></span> 
     </span>
    </p>
   </div>
   <div class='ocr_carea' id='block_1_6' title="bbox 33 3343 135 3554">
    <p class='ocr_par' dir='ltr' id='par_1_7' title="bbox 33 3343 135 3554">
     <span class='ocr_line' id='line_1_44' title="bbox 33 3343 135 3554; baseline 0 0"><span class='ocrx_word' id='word_1_331' title='bbox 33 3343 135 3554; x_wconf 95' lang='lat' dir='ltr'><strong> </strong></span> 
     </span>
    </p>
   </div>
  </div>
 </body>
</html>
