1942 3554
425 345 504 390 12.
565 337 660 384 Iam
692 338 814 384 enim
852 344 901 382 et
930 337 976 381 in
1007 336 1097 381 ista
1127 334 1297 398 specie*
1326 333 1467 381 ditati
1499 334 1784 398 saturatique
1820 319 1922 398 req

278 411 432 474 gnatis
448 410 517 468 1),
564 424 656 454 non
695 406 871 454 delicta
914 407 1204 462 incusantes,
1252 421 1368 469 quae
1414 405 1598 452 ieiuniis
1636 401 1927 469 elimenturff·

279 497 368 528 nec
400 479 740 526 revelationum
772 477 972 524 scientia
1003 475 1292 538 indigentes,
1333 476 1787 540 quaexerophagiis
1817 475 1922 684 ei}

278 226 412 272 194
695 226 780 263 DE
807 222 1075 262 mamus
1105 222 1243 260 Anv.
1280 218 1492 260 Psycn.

277 557 608 614 torqueantur,
650 563 737 596 nec
768 547 895 594 bella
923 547 1115 610 propria
1146 554 1430 604 metuentes,
1473 561 1591 610 quae
1623 543 1920 593 stationibu'

280 620 603 668 discutiantur.
666 618 727 665 Ut
757 617 813 664 ab
846 617 1022 664 Ioanne
1054 617 1320 681 paracletus
1346 616 1665 674 obmutuissem
1697 617 1786 680 ipsi
1816 632 1877 664 no
1916 675 1918 679 y

278 692 351 739 bis
381 691 642 755 prophetae
682 690 729 736 in
760 689 882 735 hanc
920 690 1119 735 maxime
1161 703 1371 735 caussam
1403 688 1766 744 exstitissemus,
1811 681 1921 742 iam}

278 779 372 808 non
404 760 511 808 dico
545 759 604 808 ad
634 758 921 807 exorandam
953 758 1029 806 dei
1061 760 1177 805 iram
1209 773 1298 805 nec
1328 756 1389 805 ad
1418 756 1922 822 impetrandam-tute&

279 834 370 879 lam
415 833 515 879 eius
561 840 641 878 aut
676 831 899 893 gratiam,
931 828 1016 876 sed
1053 828 1114 876 ad
1150 827 1562 894 praemuniendam
1600 843 1688 893 per
1718 822 1919 876 >nosmelf'

279 905 406 966 ipsos
438 903 792 949 novissimorum
810 909 1070 964 temporum
1090 898 1422 957 conditionem,
1442 895 1919 947 indicentesomnenr·

278 968 716 1038 ταπεινοφρόνησιν,
764 988 867 1019 cum
906 986 1075 1017 carcer
1119 969 1400 1017 ediscendus
1446 978 1495 1017 et
1531 970 1678 1017 fames
1715 985 1773 1017 ac
1803 970 1910 1017 sitis

281 1042 580 1091 exercendae
627 1050 678 1089 et
720 1050 813 1088 tam
859 1039 1045 1088 inediae
1094 1057 1229 1104 quam
1273 1041 1402 1087 anxii
1453 1040 1606 1087 victus
1651 1039 1917 1087 tolerantia-

281 1112 546 1176 usurpanda
591 1114 672 1169 sit,
718 1120 770 1158 ut
812 1113 860 1158 in
907 1126 1150 1158 carcerem
1194 1110 1300 1157 talis
1347 1111 1558 1158 introeat·
1598 1109 1905 1169 Christianus,

281 1185 430 1247 qualis
461 1182 569 1229 inde
601 1181 859 1246 prodisset,
891 1197 985 1227 non
1015 1196 1214 1244 poenam
1245 1181 1342 1227 ill'ic
1373 1196 1616 1244 passurus,
1648 1178 1732 1227 sed
1763 1179 1909 1227 disci-

220 1294 223 1296 .
279 1256 475 1319 plinam,
509 1269 596 1300 nec
629 1253 777 1299 seculi
807 1259 1064 1308 tormenta,
1109 1250 1195 1298 sed
1225 1267 1309 1298 sua
1339 1251 1522 1309 officia,
1568 1265 1720 1314 eoque
1758 1250 1910 1299 fiden-

281 1326 376 1371 tior
414 1339 721 1387 processurus
761 1321 820 1369 ad
860 1330 1099 1369 certamen
1138 1337 1165 1369 e
1197 1320 1413 1369 custodia
1442 1321 1636 1378 abusuS,
1683 1322 1796 1370 nihil
1826 1321 1911 1368 ha*

281 1396 398 1442 bens
438 1395 614 1450 carnis,
662 1395 728 1440 sic
768 1400 819 1439 ut
856 1409 943 1440 nec
981 1392 1187 1440 habeant
1230 1399 1465 1441 tormenta
1494 1392 1760 1454 materiam,
1807 1404 1914 1439 eum

240 1510 243 1517 ,
284 1466 386 1512 sola
417 1474 466 1512 et
496 1464 630 1511 arida
662 1466 721 1511 sit
753 1472 860 1510 cute
894 1464 1133 1520 loricatus,
1168 1471 1217 1509 et
1248 1471 1414 1510 contra
1453 1463 1649 1526 ungulas
1689 1478 1907 1519 corneus,

283 1536 542 1600 praemisso
575 1537 664 1582 iam
697 1536 935 1596 sanguinis
967 1550 1109 1581 succo
1142 1542 1358 1598 tanquam
1391 1535 1573 1580 animae
1604 1531 1910 1597 impedimen?

286 1609 358 1664 tis,
391 1614 677 1670 properante
709 1607 799 1651 iam
833 1613 884 1651 et
911 1606 1026 1667 ipsa,
1060 1620 1177 1667 quae
1209 1605 1299 1650 iam
1317 1619 1459 1668 saepe
1477 1604 1688 1651 ieiunans
1712 1599 1914 1661 morteffi

285 1677 342 1724 de
375 1678 589 1741 proximo
622 1677 762 1723 norit.
823 1675 966 1722 Plane
996 1683 1200 1722 vestrum
1232 1683 1305 1721 est
1334 1675 1380 1720 in
1412 1671 1683 1722 carceribus
1704 1675 1911 1738 popinas

284 1748 509 1795 exhibere
548 1747 830 1810 martyribus
869 1747 1086 1802 incertis,
1134 1761 1191 1792 ne
1239 1742 1624 1792 consuetudinem
1663 1753 1908 1808 quaerant,

284 1835 341 1866 ne
374 1818 566 1866 taedeat
594 1819 742 1874 vitae,
784 1833 842 1863 ne
881 1833 1002 1863 nova
1040 1816 1351 1863 abstinentiae
1391 1814 1638 1880 disciplina
1675 1813 1912 1862 scandali-

282 1899 463 1947 zentur,
498 1905 632 1952 quam
665 1903 752 1934 nec
784 1888 864 1934 ille
897 1886 1124 1934 Pristinus
1153 1895 1313 1933 vester
1342 1903 1435 1933 non
1468 1886 1912 1933 Christianmmar—

284 1971 362 2024 tyr
405 1961 652 2022 attigerat,
701 1974 834 2022 quem
882 1974 942 2005 ex
986 1959 1209 2004 facultate
1227 1960 1272 2018 2)
1320 1956 1563 2004 custodiae
1609 1956 1787 2003 liberae
1826 1954 1915 2003 ali·-

285 2030 501 2094 quamdiu
532 2031 701 2076 fartum
742 2029 954 2075 omnibus
990 2029 1171 2075 balneis
1213 2029 1342 2091 qfiasi
1381 2026 1913 2091 baptismate-melior&

283 2103 368 2148 hus
401 2110 449 2148 et
488 2101 699 2148 omnibus
739 2101 950 2147 luxuriae
991 2099 1255 2146 secessibus
1296 2099 1426 2161 quasi
1472 2098 1706 2145 ecclesiae
1747 2111 1912 2144 secre-

285 2172 485 2218 tioribus
523 2180 572 2218 et
611 2171 983 2229 omnibus-vitae
1024 2170 1154 2215 istius
1208 2169 1448 2215 illecebris
1500 2169 1910 2231 quasissmeternae

286 2242 580 2304 dignioribus
610 2241 717 2296 hoc,
751 2249 879 2303 puto,
916 2240 1201 2286 oblectatum
1219 2240 1283 2297 ³),
1317 2255 1374 2285 ne
1406 2240 1525 2285 mori
1541 2238 1700 2304 vesset,
1726 2246 1913 2302 postre-

285 2330 358 2359 mo
392 2313 493 2375 ipso
526 2311 771 2357 tribunalis
810 2309 885 2356 die
929 2311 1033 2356 luce
1071 2325 1246 2355 summa
1285 2307 1476 2354 condito
1515 2323 1646 2354 mero
1692 2305 1909 2371 taflquam

286 2382 498 2429 antidoto
544 2380 945 2445 praemedicatum
993 2380 1058 2426 ita
1104 2379 1385 2436 enervastis,
1425 2387 1475 2424 ut
1519 2379 1682 2441 paucis
1727 2378 1912 2440 ungulis

285 2453 515 2509 titillatus,
551 2453 662 2511 (hoc
696 2453 817 2498 enim
850 2451 1057 2497 ebrietas
1089 2449 1359 2509 sentiebat,)
1394 2464 1527 2512 quem
1546 2447 1780 2495 dominum
1799 2464 1914 2495 con-

288 2526 504 2571 fiteretur
535 2523 848 2584 interroganti
880 2519 1086 2584 praesidi
1125 2518 1414 2583 respondere
1454 2535 1545 2565 non
1569 2520 1787 2582 ‘potuerit
1818 2535 1914 2565 ain-

286 2596 428 2658 plius;
463 2603 600 2657 atque
635 2594 700 2640 ita
731 2592 789 2639 de
811 2592 912 2638 'hoc
946 2593 1034 2638 iam
1068 2599 1304 2647 extortus,
1339 2606 1441 2636 cum
1482 2590 1709 2652 singultus
1749 2597 1799 2636 et
1834 2605 1914 2636 rue-

289 2674 390 2711 ctus
436 2665 563 2710 solos
609 2664 828 2720 haberet,
876 2663 922 2708 in
967 2663 1068 2726 ipsa
1113 2662 1365 2724 negatione
1413 2660 1708 2719 discessit4).
1799 2658 1913 2710 Idea

289 2736 559 2782 sobrietatis
619 2734 913 2797 disciplinam
973 2734 1050 2796 qui
1116 2731 1394 2796 praedicant
1451 2728 1911 2797 pseudoprophetae,

290 2805 399 2853 ideo
430 2806 668 2852 haeretici
703 2806 778 2867 qui
817 2804 1084 2851 observant.
1156 2801 1281 2861 Quid
1316 2818 1432 2864 ergo
1472 2801 1667 2848 cessatis
1698 2801 1914 2865 paracle·-¹

291 2885 400 2932 tum,
435 2893 567 2939 quem
599 2878 645 2922 in
675 2875 900 2922 Montano
932 2875 1133 2937 negatis,
1165 2875 1211 2920 in
1242 2873 1414 2936 Apicio
1446 2870 1678 2920 credere?

297 2968 511 2975 ..—--—.

405 3003 448 3049 1)
469 3005 490 3038 1
511 3004 603 3041 Cor.
621 3005 660 3048 4,
681 3006 718 3040 8.
892 3004 935 3051 2)
967 3003 1140 3039 Praeter
1170 3002 1442 3038 VVouwerum
1462 3010 1626 3038 onmes:
1657 3001 1706 3036 et
1738 2996 1912 3035 facul-

291 3062 413 3097 tate.
566 3060 778 3108 3)Xstngo
810 3057 1218 3108 obligatunishw
1256 3058 1576 3104 ablegatunh
1609 3055 1791 3103 quodin
1821 3056 1910 3113 ob-

291 3118 544 3153 lectatum
576 3117 843 3153 mutavimus.
1073 3115 1117 3164 4)
1156 3116 1218 3151 lta
1258 3113 1420 3153 emend.
1459 3113 1526 3152 Fr.
1557 3112 1724 3160 lunium
1757 3110 1910 3148 ceteri:

295 3172 529 3221 digessi&
