1942 3554
539 201 618 238 AD
665 199 940 238 UXOREM
982 199 1096 238 LIB.
1133 199 1192 237 11.
1613 196 1685 240 21

29 299 304 592 {udinem
335 312 814 379 comprehendissem.
881 312 1004 361 Nam
1036 321 1209 377 quanto
1241 309 1435 376 grandis
1466 315 1540 367 est
1570 328 1686 360 con-

31 434 35 435 ⁷
117 402 144 435 e

149 388 247 435 ntia
292 387 472 444 carnis,
521 401 640 449 quae
677 384 956 433 viduitatem
999 385 1256 442 ministrat,
1302 392 1459 441 tanto,
1506 384 1546 430 si
1590 400 1685 431 non

126 459 355 516 tineatur,
393 457 688 521 ignoscibilis
715 455 869 503 videri
906 464 1086 520 potest3
1128 453 1393 507 difficilium,
1413 454 1535 502 enim
1566 454 1685 502 faei-

133 531 208 577 est
234 529 390 576 venia.
444 527 637 588 Quanto
670 536 825 575 autem
856 527 1035 574 nubere
1066 527 1114 573 in
1139 525 1329 574 domino
1361 525 1682 590 perpetrabile

98 607 140 659 t,
178 600 248 648 uti
278 607 468 646 nostrae
500 599 774 663 potestatis,
814 606 946 645 tanto
979 597 1257 660 culpabilius
1289 606 1362 644 est
1392 613 1486 643 non
1518 596 1683 645 obser-

129 685 156 719 e
202 668 327 734 quod
372 670 568 751 possis.¹
616 668 688 716 Eo
735 667 925 716 accedit
969 666 1094 731 quod
1138 668 1379 731 apostolus
1425 666 1484 714 de
1529 667 1682 716 viduis

22 756 42 792 ι
104 739 232 789 idem
262 748 313 789 et
341 741 570 804 innuptis,
611 748 663 786 ut
698 740 765 786 ita
792 746 1133 802 mpermaneant
1172 736 1361 795 suadet,
1404 730 1508 785 cum
1539 738 1678 786 dicit:

82 812 194 876 upio
233 819 389 858 autem
429 825 607 857 omnes
627 825 733 856 meo
767 809 984 872 exemplo
1023 823 1334 872 perseverare
1352 809 1416 868 1).
1492 808 1564 856 De
1595 826 1680 856 nu-

20 878 197 948 ffindo
233 896 350 929 vero
389 871 437 927 in
476 879 689 937 domino,
731 896 835 926 cum
875 878 991 926 dicit
1028 887 1226 926 tantum.
1245 880 1293 925 in
1333 877 1547 937 domino,
1573 880 1679 926 iam

26 949 135 1014 {ficu
165 950 357 1009 suadet,
397 949 482 998 sed
513 959 703 998 exserte
735 949 882 1011 iubet.
958 949 1152 1013 Igitur
1139 967 1186 997 ιιι
1217 950 1308 996 ista
1339 949 1538 997 maxime
1571 965 1679 1014 spe-

24 1016 131 1086 ojie,
163 1023 252 1071 nisi
283 1022 597 1086 obsequimur,
629 1021 967 1085 periclitamur,
1002 1021 1111 1084 quia
1140 1037 1323 1068 suasum
1355 1021 1543 1085 impune
1568 1020 1678 1086 quid

23 1093 277 1158 «jegligas,
319 1108 455 1157 quam
492 1094 665 1147 iussum
682 1094 754 1153 2),
796 1090 921 1155 quod
959 1091 1075 1138 illud
1107 1090 1166 1139 de
1200 1092 1400 1139 consilio
1430 1092 1592 1139 veniat
1630 1100 1679 1139 et

21 1158 268 1232 vjoluntati
305 1172 619 1229 proponatur,
659 1163 751 1210 hoc
784 1171 939 1210 autem
971 1161 1029 1210 de
1060 1171 1298 1226 potestate
1331 1161 1592 1210 descendat
1630 1171 1679 1210 et

23 1229 313 1297 Qeeessitati
359 1235 620 1298 obligetur,
668 1235 765 1281 illic
805 1234 1024 1291 libertas,
1071 1233 1148 1281 hic
1189 1234 1488 1281 contumacia
1526 1232 1677 1281 delin-

18 1316 183 1375 φοι-ε
219 1304 452 1353 videatur.

51 1419 58 1422 Α
178 1381 226 1427 2
288 1375 440 1439 Igitur
478 1392 581 1424 cum
620 1373 848 1439 quaedam
885 1377 988 1423 istis
1028 1374 1194 1423 diebus
1238 1375 1424 1439 nuptias
1470 1391 1577 1422 suas
1616 1374 1676 1423 de

19 1447 243 1503 *ecclesia
282 1447 497 1504 tolleret,
544 1445 591 1494 id
638 1455 733 1504 est,
782 1447 948 1509 gentili
994 1448 1388 1510 coniungeretur,
1430 1445 1576 1510 idque
1615 1446 1675 1495 ab

18 1517 140 1579 aliis
169 1526 301 1565 retro
330 1518 508 1564 factum
538 1516 848 1575 recordarer,
889 1518 1083 1564 miratus
1113 1526 1194 1566 aut
1224 1518 1428 1582 ipsarum
1459 1517 1676 1581 petulan-

19 1588 146 1639 ttiam
177 1597 259 1657 aut
288 1589 665 1636 consiliariorum
704 1589 1185 1652 praevaricationem,
1227 1587 1352 1652 quod
1390 1589 1517 1635 nulla
1556 1589 1674 1636 scri-

14 1675 85 1744 1
209 1654 310 1708 eius
346 1659 463 1707 facti
501 1659 741 1707 licentiam
786 1659 988 1723 profert.
1061 1658 1323 1724 Numquid,
1363 1660 1572 1723 inquam,
1613 1659 1672 1708 de

154 1730 362 1796 capitulo
401 1730 491 1778 sibi
527 1729 831 1777 blandiuntur
868 1731 1049 1794 primae
1086 1729 1146 1779 ad
1184 1730 1458 1778 Corinthios
1477 1733 1545 1790 3),
1592 1732 1673 1779 ubi

15 1802 256 1867 ᾡιὴιῐιιιιι
289 1810 383 1849 est:
441 1799 499 1848 Si
532 1802 632 1865 quis
663 1802 815 1848 frater
829 1802 876 1862 4)
919 1800 1156 1850 infidelem
1187 1801 1334 1849 habet
1362 1817 1583 1859 uxorem,
1623 1811 1672 1851 et

14 1867 116 1931 ffl'a
142 1872 458 1921 matrimonio
472 1873 732 1930 consentit,
766 1887 823 1919 ne
857 1871 1061 1920 dimittat
1091 1888 1217 1930 eam,
1257 1871 1486 1919 similiter
1504 1873 1673 1922 mulier

13 1939 202 2002 miletis,
234 1941 415 1991 infideli
440 1951 599 2007 nupta,
632 1943 671 1990 si
703 1951 1069 1991 consentaneum
1088 1945 1133 2002 5)
1168 1943 1380 1989 maritum
1408 1943 1668 2007 experitur,

12 2010 92 2073 ιῇο
129 2013 362 2062 dimiserit
399 2029 526 2073 eum3
574 2013 899 2061 sanctificatur
943 2014 1064 2061 enim
1111 2012 1314 2060 infidelis
1357 2014 1430 2060 vir
1474 2030 1501 2061 a
1539 2013 1669 2062 fideli

11 2091 181 2148 ssxore
221 2093 270 2133 et
306 2083 510 2132 infidelis
547 2100 669 2131 uxor
707 2101 735 2148 a
774 2083 904 2132 fideli
947 2085 1140 2143 marit03
1189 2093 1398 2131 ceterum
1446 2084 1669 2133 immundi

7 2151 192 2219 1&th
221 2156 320 2203 filii
334 2156 496 2203 vestri.
573 2154 705 2202 Hanc
737 2156 1042 2203 monitionem
1073 2156 1172 2202 fors
1213 2154 1271 2203 de
1312 2154 1528 2203 fidelibus
1566 2158 1669 2203 iun-

9 2220 122 2287 tffis
144 2226 424 2291 simpliciter
446 2224 756 2289 intelligendo
781 2234 948 2290 putent
963 2227 1009 2287 6)
1037 2227 1177 2274 etiam
1202 2225 1469 2274 infidelibus
1487 2226 1667 2275 nubere

12 2289 195 2370 ὶῇετε.
259 2297 347 2356 Qui
377 2297 444 2344 ita
473 2298 849 2360 interpretatur,
862 2297 986 2347 absit
1015 2306 1067 2344 ut-
1096 2299 1251 2345 sciens
1283 2314 1333 2345 se
1368 2299 1668 2358 circumscri-

203 2367 426 2416 Ceterum
457 2369 753 2415 manifestum
785 2376 859 2416 est
888 2370 1170 2432 scripturam
1209 2370 1344 2415 istam
1385 2385 1469 2416 eos
1501 2369 1666 2416 fideles

10 2435 74 2502 t'f
118 2439 306 2503 ‘gnare,
353 2440 431 2503 qui
465 2439 516 2486 in
554 2440 854 2487 matrimonio
900 2440 1065 2503 gentili
1112 2440 1290 2486 inventi
1328 2456 1356 2486 a
1395 2438 1473 2486 dei
1512 2440 1667 2501 gratia

5 2501 232 2657 'minu
267 2526 312 2562 s,
350 2508 523 2558 undum
551 2510 698 2559 verba
729 2511 853 2574 ipsa:
917 2509 969 2556 Si
1002 2511 1125 2573 quis,
1158 2510 1330 2572 inquit,
1364 2508 1517 2573 fidelis
1548 2527 1667 2556 uxo-

45 2582 50 2589 ”
165 2580 332 2638 habetg
398 2579 600 2628 fidelem.
676 2580 786 2628 Non
825 2579 964 2627 dicit:
1003 2595 1200 2627 uxorem
1239 2579 1372 2627 ducit
1408 2579 1662 2628 infidelem.

0 2760 2 2788 l
38 2761 60 2815 ’ξ
144 2764 190 2813 1)
215 2766 254 2804 1.
273 2766 368 2803 Cor.
384 2767 424 2814 7,
441 2767 481 2804 7.
560 2767 563 2769 ’
599 2766 644 2814 2)
671 2765 1031 2803 Cod.Wouweri:
1062 2764 1180 2812 quia
1210 2767 1309 2802 tam
1341 2768 1664 2807 suammetc.

110 2832 141 2860 .:
178 2821 301 2868 quia.
338 2833 476 2862 suas.
506 2821 621 2869 imp.
654 2822 768 2867 quis
805 2821 1067 2869 negligat,
1101 2825 1182 2858 etc.
1239 2821 1441 2859 Fortasse
1473 2823 1663 2861 scriben-

90 2888 149 2916 m:
180 2875 300 2923 quia
338 2874 416 2916 nul
438 2877 553 2924 imp.
586 2877 787 2924 quidem
818 2878 1084 2926 negligas,
1119 2878 1421 2925 neutiquam
1451 2878 1663 2918 iussum.

110 2934 148 2971 1.
174 2933 270 2972 Cor.
295 2933 343 2981 7,
371 2934 553 2972 ‘12—14.
685 2933 731 2982 4)
762 2934 852 2982 Rig.
884 2935 1120 2972 fratrum.
1253 2932 1299 2987 5)
1330 2935 1421 2985 Rig.
1453 2938 1495 2973 et
1525 2937 1662 2975 Parm:

98 2991 470 3038 luentaneum‚
515 2989 664 3028 SemLx
703 2994 1075 3028 consentanea.
1204 2991 1248 3040 6)
1279 2991 1467 3031 lta'h.1.
1499 2994 1662 3032 emend.

89 3044 97 3051 '
152 3048 199 3089 t„
241 3045 346 3084 Alii:
390 3046 502 3083 fors
548 3045 804 3084 fidelibus
849 3047 1110 3085 invinctis
1156 3047 1237 3096 (al.
1276 3049 1558 3099 iniunctis,
1605 3049 1662 3088 al.

72 3101 292 3158 liventia)
339 3101 508 3150 simpl.
548 3102 949 3151 intelligendam
991 3107 1198 3154 putent,
1245 3107 1308 3144 et.
1338 3105 1366 3143 i.
1395 3117 1437 3145 n.
1470 3105 1660 3153 licere,

76 3155 118 3196 *i
152 3158 228 3197 ita
265 3158 708 3207 interpretantur.
766 3161 912 3199 Absit
953 3164 1035 3199 etc.
