1942 3554
675 232 765 270 DE
808 231 1085 270 PALLIO.
1585 227 1705 272 ²21

51 339 292 415 §distincta
327 347 540 396 confusio
583 345 814 394 interdum
849 344 1014 393 deiicit
1045 343 1177 409 quid,
1224 343 1459 393 interdum
1497 349 1702 396 resusci-

48 427 159 494 ρης
201 418 326 468 coeli
364 419 565 466 ambitus
605 435 726 465 nunc
766 417 849 465 sub
891 416 998 464 divo
1037 414 1330 481 splendidus,
1378 434 1500 466 nunc
1540 419 1700 468 nubilo

46 489 307 553 {poi-didus:
339 498 420 537 aut
450 491 624 538 imbres
655 499 809 547 ruunt,
844 497 893 535 et
923 490 961 536 si
994 505 1082 552 qua
1113 489 1304 537 missilia
1337 505 1439 536 cum
1459 490 1699 550 imbribus,

9 576 11 578 ’
48 560 237 624 ‚debinc
267 561 545 620 substillum,
580 570 629 609 et
659 559 814 609 denuo
846 558 1025 607 sudum.
1090 557 1171 606 Sic
1204 568 1253 607 et
1283 562 1400 608 mari
1433 560 1548 609 fides
1580 553 1711 610 infzfl

42 627 178 714 ᾇωίε,
198 631 306 681 dum
339 641 389 681 et
417 633 577 680 flabris
610 649 760 698 aeque
791 631 1090 688 mutantibus,
1123 629 1182 678 de
1215 634 1466 696 tranquillo
1483 637 1698 698 probum,

40 703 120 777 ple
149 706 324 754 flustris
354 714 680 771 temperatum,
713 713 762 752 et
792 703 1028 766 extemplo
1060 701 1119 749 de
1151 701 1421 752 decumanis
1452 707 1695 772 inquietat.

0 781 11 839 ’χ
37 775 142 845 ¹Sic
187 785 239 825 et
283 785 458 825 terram
503 778 866 832 sirecenseas,
914 775 1212 838 temporatim
1249 776 1415 824 vestiri
1446 788 1695 838 amantem,

0 853 3 855 ’
37 861 208 915 (prope
246 849 311 896 sis
349 847 548 896 eandem
586 863 788 911 negare,
821 860 1001 893 memor
1035 844 1257 905 viridem,
1306 864 1408 895 cum
1460 852 1696 914 conspicis

42 919 238 981 flavam,
270 935 381 967 mox
409 921 593 967 visurus
623 928 673 966 et
703 934 884 965 canam.
947 915 1111 963 Ceteri
1144 933 1328 982 quoque
1368 921 1468 968 eius
1501 932 1693 970 ornatus

31 973 168 1056 lyquid
198 989 452 1038 non2aliud
483 1006 546 1038 ex
575 991 669 1037 alio
701 997 894 1045 mutant,
928 996 977 1035 et
1006 988 1230 1035 montium
1269 992 1490 1055 scapulae
1523 992 1694 1041 decur-

30 1050 221 1119 isendo,
244 1069 305 1109 et
332 1061 531 1109 fontium
560 1077 709 1109 venae
743 1056 1024 1117 cavillando,
1059 1067 1107 1107 et
1137 1060 1374 1109 fluminum
1404 1066 1509 1111 viae
1543 1064 1693 1112 obhn-

45 1123 51 1181 s
100 1131 224 1181 ando
243 1134 320 1194 ¹)?
377 1132 582 1180 Mutavit
612 1140 661 1180 et
693 1140 816 1178 totus
849 1130 978 1178 orbis
1009 1130 1280 1195 aliquando,
1314 1135 1446 1198 aquis
1478 1137 1691 1183 omnibus

27 1200 260 1263 2sobsitus3
293 1202 447 1251 adbuc
480 1205 620 1251 maris
653 1202 864 1250 conchae
897 1210 946 1249 et
974 1201 1207 1250 buccinae
1246 1206 1614 1268 peregrinantur
1643 1209 1689 1255 in

15 1257 309 1351 fatentibus,
358 1276 604 1339 cupientes
641 1271 827 1321 Platoni
864 1272 1070 1337 probare
1110 1275 1252 1322 etiam
1284 1275 1433 1323 ardua
1461 1278 1686 1326 fluitasse.

51 1343 151 1394 Sed
196 1355 246 1395 et
289 1345 524 1394 enatando
570 1361 730 1393 rursus
775 1345 823 1391 in
867 1346 1042 1413 forma:
1104 1348 1299 1394 mutavit
1335 1364 1495 1395 rursus
1542 1350 1685 1407 orbis,

21 1403 168 1468 {alius
213 1415 337 1465 idem
353 1420 418 1478 2).
477 1417 631 1465 Mutat
675 1425 724 1464 et
768 1433 890 1463 nunc
929 1417 1151 1465 localiter
1180 1418 1388 1476 babitus,
1436 1436 1539 1467 cum
1572 1423 1687 1469 situs

18 1486 275 1546 ,laediturt
338 1504 442 1536 cum
473 1489 599 1536 inter
628 1489 803 1535 insulas
834 1487 960 1534 nulla
990 1489 1082 1535 iam
1113 1488 1274 1547 Delos,
1309 1506 1483 1538 arenae
1518 1489 1687 1544 Samos

40 1564 120 1617 (et
165 1557 348 1624 Sibylla
391 1576 485 1606 non
530 1558 769 1618 mendax,)
816 1575 937 1606 aeon
983 1560 1030 1606 in
1066 1559 1310 1612 Atlantico
1359 1560 1560 1630 Libyam
1605 1576 1687 1615 aut

34 1689 54 1697 ¹,
94 1637 210 1686 siam
240 1630 509 1701 adaequans
541 1631 783 1701 quaeritur
813 1649 958 1694 nunc,
1006 1635 1236 1696 Italiae3)
1277 1636 1511 1700 quondam
1543 1639 1682 1696 latus,

17 1689 227 1757 *suadria
254 1707 596 1772 Tyrrhenoque
630 1707 954 1772 quassantibus
985 1706 1141 1755 medio
1173 1716 1309 1755 tenus
1347 1709 1680 1774 interceptum,

27 1779 269 1844 'reliquias
294 1778 505 1827 Siciliam
534 1780 666 1836 facit,
700 1795 803 1826 cum
834 1787 936 1825 tota
965 1779 1046 1825 illa
1075 1779 1216 1842 plaga
1247 1778 1448 1838 discidii,
1484 1791 1682 1829 conten-

71 1850 199 1898 ’osos
229 1866 485 1914 aequorum
518 1851 669 1898 coitus
707 1850 934 1913 angustiis
972 1859 1276 1914 retorquens,
1318 1866 1487 1898 novum
1516 1853 1679 1900 vitium

43 1923 186 1970 maris
215 1920 380 1979 induit,
413 1938 506 1968 non
538 1922 808 1985 exspuentis
839 1921 1101 1984 naufragia,
1135 1919 1220 1969 sed
1251 1920 1539 1971 devorantis.
1586 1924 1678 1972 Pa‘

0 1991 159 2046 {titur
194 2001 246 2041 et
282 1993 527 2040 continens
565 1991 624 2040 de
664 1992 802 2039 coelo
841 1999 922 2038 aut
959 1990 1016 2039 de
1049 2009 1150 2039 suo,
1209 1991 1387 2058 Aspice
1419 1993 1479 2041 ad
1509 1993 1678 2044 Palae-

0 2047 11 2120 f
44 2065 228 2122 stiuam,
261 2079 352 2128 qua
382 2061 607 2110 Iordanes
638 2064 786 2110 amnis
817 2062 975 2110 finium
1005 2063 1207 2110 arbiter:
1267 2065 1459 2113 vastitas
1490 2067 1673 2130 ingens,

0 2129 12 2165 ’ἕ
44 2143 96 2183 et
126 2135 245 2182 orba
273 2135 434 2198 regio,
480 2143 530 2181 et
559 2135 733 2182 frustra
765 2148 884 2196 ager
912 2142 1007 2194 θεῖς
1056 2143 1105 2181 at
1134 2135 1276 2183 urbes
1306 2145 1462 2194 retro,
1510 2147 1559 2185 et
1588 2156 1675 2202 po-

15 2206 141 2273 }·puli
169 2206 459 2269 frequentes,
493 2214 542 2253 et
572 2205 698 2252 solus
729 2204 974 2253 audiebat:
1034 2204 1219 2254 Dehinc
1258 2215 1310 2253 ut
1348 2206 1463 2255 deus
1503 2225 1675 2260 censor

29 2285 132 2334 gest,
163 2278 381 2341 impietas
411 2277 586 2340 ignium
618 2276 789 2327 meruit
816 2275 1013 2324 imbres:
1073 2276 1304 2324 hactenus
1344 2276 1574 2337 Sodoma,
1624 2290 1674 2327 et

29 2340 168 2397 ‘nulla
201 2346 448 2406 Gomorra,
482 2356 530 2395 et
561 2348 678 2395 cinis
710 2345 887 2406 omnia,
934 2356 983 2395 et
1010 2349 1333 2413 propinquitas
1371 2351 1512 2398 maris
1542 2352 1672 2398 iuxta

157 2531 203 2580 1)
229 2532 378 2572 Salm.:
409 2535 650 2581 ornatus,
683 2533 901 2581 siquid,
930 2545 1032 2571 non
1052 2555 1101 2563 κ-
1128 2534 1481 2573 οἰνίτιιηιαηᾶοὶῑ
1512 2536 1670 2575 Rhem:

77 2591 263 2628 rnatu·
305 2589 425 2636 quid
468 2601 571 2628 non
612 2611 670 2618 -—-
713 2590 969 2638 scopulae
1005 2612 1064 2620 —-
1100 2602 1264 2628 venae
1298 2592 1582 2630 ebullando
1612 2613 1670 2621 —

25 2645 157 2696 &iae
186 2646 568 2685 obumbrando?
742 2644 790 2698 2)
823 2649 886 2685 Ita.
917 2646 957 2685 h.
980 2647 1008 2684 1.
1042 2648 1282 2685 emendavit
1313 2649 1561 2688 Salmasius,
1620 2653 1668 2687 ln

35 2701 106 2740 ess-
135 2703 290 2741 Rhea:
365 2703 465 2742 Sed
496 2707 546 2740 et
585 2704 849 2741 enatando
886 2715 1068 2741 rursus
1101 2703 1315 2742 infirma
1348 2705 1421 2757 (al.
1461 2706 1666 2755 infima)

28 2759 280 2814 putavit,
311 2771 498 2797 rursus
530 2760 672 2797 orbis
705 2760 865 2808 alius,
899 2760 1031 2797 idem
1060 2764 1225 2798 mutat
1249 2764 1330 2798 etc.
1390 2764 1667 2801 scribendum

25 2815 244 2868 jumne:
278 2816 373 2855 Sed
402 2837 460 2845 -—
493 2816 543 2853 in
569 2818 785 2854 formam
829 2818 1073 2864 mutavit,
1105 2829 1290 2855 rursus
1329 2820 1472 2857 orbis
1511 2821 1663 2858 alius.

67 2870 174 2911 dem
204 2876 370 2912 mutat
402 2875 482 2911 etc.
714 2874 758 2924 3)
797 2874 1074 2911 Restituimus
1113 2874 1240 2912 huius
1278 2874 1364 2912 loci
1395 2877 1664 2925 scripturam,

41 2973 46 2979 Α
69 2940 167 2968 unm
194 2930 352 2979 reperit
381 2929 432 2967 in-
449 2941 526 2967 suo
546 2929 636 2967 cod.
653 2931 928 2978 probavitque
944 2931 1184 2969 Rhenanus.
1217 2931 1470 2971 Salmasius:
1510 2927 1665 2972 haress

76 2997 134 3024 ae
165 2988 367 3036 Samos,
399 2989 450 3023 et
480 2986 685 3034 Sibylla
715 2999 815 3024 non
838 2988 1082 3028 mendax:
1129 3000 1240 3026 cum
1271 2989 1322 3026 in
1352 2990 1663 3030 Athlantico

44 3043 337 3085 ‚naeriturz
365 3054 479 3080 cum
508 3043 698 3080 ltaliae
729 3065 786 3072 -—
815 3044 965 3082 facit:
1000 3056 1109 3082 cum
1139 3047 1254 3083 tota
1281 3067 1340 3075 ——-
1367 3058 1554 3086 novum
1585 3049 1664 3086 vi-

43 3098 103 3145 *ii
132 3099 261 3137 mari
292 3099 498 3148 imbuit,
529 3111 628 3138 non
661 3101 975 3148 exspuentis
1008 3106 1087 3138 etc.
1119 3102 1278 3141 Ultima
1307 3103 1411 3142 haec
1443 3116 1506 3144 vv.
1524 3106 1567 3142 in
1599 3105 1663 3141 ed.

30 3154 230 3200 &hanani
261 3156 321 3193 ita
352 3155 576 3204 leguntur:
624 3168 733 3193 nom
748 3169 805 3194 en
839 3158 958 3194 vitii
989 3159 1115 3195 mari
1148 3159 1317 3197 induit
1348 3165 1428 3200 etc.
1515 3161 1661 3210 Rigal-

25 3211 140 3261 Ἓίιιι,
173 3215 221 3251 ut
253 3213 418 3261 ubique,
451 3212 511 3250 ita
540 3217 582 3250 et
612 3212 692 3250 hoc
724 3212 768 3251 in
796 3214 892 3252 loco
925 3215 1123 3253 Salmasii
1154 3217 1342 3266 vestigiis
1373 3218 1541 3256 institit.
