1942 3554
264 184 389 228 110
549 182 633 224 DE
657 179 1171 220 EXHORTATIONE
1199 175 1610 222 oAsTlTATls.'

265 297 586 362 posteritatem
631 293 899 354 recogitant
943 291 1223 349 Christiani,
1278 293 1440 355 quibus
1486 294 1734 341 crastinum
1777 312 1885 343 nonm

267 377 354 415 est.
388 363 627 411 Haeredes
659 362 735 409 dei
766 377 926 408 servus
957 360 1258 419 desiderabit,
1293 364 1368 425 qui
1385 365 1678 427 semetipsum
1709 364 1767 413 de
1799 382 1874 414 se-

269 438 372 485 culo
405 431 768 482 exhaeredavit?
796 432 858 478 Et
887 430 993 478 ideo
1026 433 1126 494 quis
1155 441 1341 495 repetat
1369 436 1721 494 matrimonium,
1753 437 1791 482 si
1816 435 1886 484 dee

267 507 464 571 pristino
497 521 589 551 non
620 503 792 549 habeat
830 502 1034 549 liberos?
1094 502 1296 549 Habebit
1334 504 1489 566 itaque
1527 504 1618 552 hoc
1664 507 1886 569 primum,r

268 586 319 624 ut
363 575 532 622 diutius
576 574 691 621 velit
732 574 914 629 vivere,
961 574 1060 636 ipso
1100 574 1314 635 apostolo
1353 574 1603 622 festinante
1639 575 1699 623 ad
1730 575 1887 623 domi-2

271 648 406 694 num?
467 645 607 692 Certe
648 642 1020 706 expeditissimus
1058 644 1104 688 in
1141 645 1567 706 persecutionibus,
1601 645 1881 695 constantis?

272 719 410 764 simus
454 717 500 762 in
544 715 811 778 martyriis,
857 714 1225 776 promptissimus
1270 715 1317 760 in
1370 716 1887 775 communicationibus,

273 787 720 850 temperantissimus
751 786 797 830 in
829 784 1234 847 acquisitionibus,
1281 793 1518 848 postremo
1557 802 1748 834 securus
1785 805 1887 835 mo-

273 860 446 914 rietur,
487 857 666 903 relictis
698 855 826 911 filiis,
872 855 1069 901 forsitan
1108 855 1183 917 qui
1222 855 1289 901 illi
1327 865 1592 918 parentent.
1651 857 1885 921 Numquid
1936 905 1942 924 2

276 945 392 991 ergo
423 925 684 974 huiusmodi
715 934 764 972 et
794 925 1082 988 reipublicae
1114 934 1367 988 prospectu
1405 929 1632 988 aguntur?
1674 944 1732 975 ne
1773 930 1888 976 civi·

276 1008 399 1046 tates
430 991 665 1054 deficiant,
699 997 738 1042 si
770 996 957 1042 soboles
989 1011 1081 1041 non
1111 995 1362 1053 hahent1),
1396 1012 1452 1043 ne
1485 997 1637 1059 leges,
1679 1014 1736 1045 ne
1767 1000 1886 1056 iura,
1939 1053 1942 1057 ¹

278 1086 336 1117 ne
370 1069 653 1116 commercia
684 1065 976 1122 delabantur,
1008 1081 1067 1112 ne
1099 1067 1271 1128 templa
1288 1065 1681 1130 derelinquantur,
1713 1084 1770 1116 ne
1796 1086 1888 1116 non

279 1141 384 1196 sint,
420 1140 495 1202 qui
527 1138 814 1184 exclament:
849 1136 1101 1182 Christiani
1117 1134 1177 1181 ad
1206 1137 1380 1183 bestias
1395 1137 1463 1195 2)!
1498 1137 1626 1185 Haec
1658 1140 1778 1197 enim
1809 1156 1892 1186 au-

281 1209 381 1256 dire
415 1207 698 1264 desiderant,
733 1207 808 1269 qui
840 1206 960 1252 filios
993 1215 1233 1272 quaerunt.
1282 1204 1528 1253 Sufficiant
1557 1207 1616 1254 ad
1648 1210 1890 1256 consilium

279 1279 517 1326 viduitatis
547 1278 622 1324 vel
653 1279 756 1333 ista,
788 1277 1043 1339 praecipue
1075 1274 1196 1338 apud
1227 1293 1327 1334 nos,
1359 1279 1681 1339 importunitas
1720 1279 1895 1327 libero-

282 1367 405 1406 rum,
452 1348 511 1396 ad
551 1364 665 1411 quos
704 1345 1026 1409 suscipiendos
1064 1346 1245 1408 legibus
1284 1348 1623 1410 compelluntur
1659 1349 1895 1410 homines3

284 1421 392 1484 quia
436 1420 619 1482 sapiens
674 1419 865 1481 quisque
919 1432 1148 1479 nunquam
1194 1417 1343 1464 libens
1395 1417 1516 1465 filios
1563 1417 1898 1467 ‘desiderasset-

286 1489 407 1550 Quid
439 1506 554 1552 ergo
586 1490 750 1545 facies,
784 1489 822 1534 si
855 1503 1019 1534 novam
1051 1503 1246 1534 uxorem
1276 1486 1334 1534 de
1366 1495 1447 1537 tua
1486 1490 1776 1537 conscientia
1813 1492 1901 1537 im-

283 1562 518 1626 pleveris?
562 1558 787 1606 dissolvas
826 1556 1206 1605 medicaminibus
1246 1561 1552 1621 conceptum?
1608 1558 1728 1607 Puto
1765 1561 1901 1608 nobis

287 1649 381 1679 non
411 1632 558 1693 magis
591 1631 738 1677 licere
770 1637 1042 1675 nascentem
1073 1643 1264 1684 necare,
1297 1638 1636 1691 quamnatum.
1675 1628 1771 1678 Sed
1801 1631 1901 1678 for-

287 1712 412 1750 tasse
445 1702 524 1749 illo
558 1709 768 1763 tempore
800 1699 1102 1762 praegnantis
1132 1698 1292 1745 uxoris
1323 1698 1579 1747 remedium
1615 1709 1774 1749 tantae
1807 1701 1902 1748 sol-

289 1771 521 1821 licitudini
558 1787 586 1818 a
618 1769 708 1818 deo
738 1778 902 1833 petere
934 1767 1153 1826 audebis,
1199 1767 1321 1832 quod
1359 1770 1406 1815 in
1443 1778 1489 1817 te
1527 1772 1726 1833 positum
1765 1787 1905 1822 recu-

290 1845 433 1892 sasti?
490 1840 682 1904 Aliqua,
724 1841 912 1903 opinor,
960 1839 1133 1887 sterilis
1162 1840 1499 1902 prospicietur,
1543 1842 1619 1905 vel
1645 1840 1750 1898 iam
1772 1842 1907 1905 frigi-

291 1914 439 1962 dioris
469 1913 656 1960 aetatis.
720 1909 844 1958 Satis
877 1910 1087 1958 consulte
1120 1918 1168 1957 et
1198 1910 1408 1973 inprimis
1440 1909 1658 1959 fideliter.
1717 1911 1906 1960 Nullam

293 1986 416 2033 enim
448 1981 730 2031 credidimus
770 1979 861 2028 deo
896 1981 1086 2028 volente
1125 1981 1334 2027 sterilem
1370 1989 1450 2028 aut
1486 1997 1623 2028 anum
1659 1984 1841 2046 saepius
1857 1984 1904 2042 ³)

294 2056 492 2112 enixam,
526 2051 650 2116 quod
680 2050 800 2099 adeo
833 2052 980 2113 magis
1010 2052 1199 2099 evenire
1230 2059 1408 2114 potest,
1454 2052 1493 2116 si
1531 2054 1633 2115 quis
1667 2069 1907 2116 praesum-

294 2127 454 2190 ptione
485 2125 621 2171 huius
651 2121 979 2185 providentiae
1016 2137 1126 2168 suae
1166 2120 1244 2167 dei
1281 2122 1639 2170 aemulationem
1675 2139 1906 2187 provoca·-

295 2197 371 2244 rit.
435 2193 618 2242 Scimus
655 2191 857 2255 denique
902 2190 1129 2254 quendam
1175 2206 1235 2237 ex
1277 2191 1523 2248 fratribus,
1570 2208 1673 2240 cum
1715 2184 1910 2257 propter

295 2265 518 2313 familiam
550 2279 679 2310 suam
709 2260 917 2309 secundo
949 2262 1244 2310 matrimonio
1276 2261 1482 2308 sterilem
1523 2271 1756 2326 captasset
1793 2280 1910 2310 uxo-

297 2352 418 2393 rem,
463 2343 556 2382 tam
587 2335 754 2380 iterum
786 2340 965 2395 patrem
995 2332 1193 2388 factum,
1228 2346 1362 2394 quam
1394 2340 1443 2378 et
1479 2332 1646 2380 iterum
1678 2334 1906 2380 maritum.

444 2410 526 2456 13.
583 2402 659 2452 Ad
689 2403 808 2450 hanc
840 2418 988 2450 meam
1020 2401 1408 2459 cohortationem,
1426 2403 1574 2450 frater
1594 2399 1910 2462 dilectissime,

304 2474 539 2524 accedunt
569 2475 709 2521 etiam
739 2473 972 2520 secularia
1002 2473 1239 2535 exempla,
1278 2487 1395 2535 quae
1434 2488 1575 2536 saepe
1606 2473 1741 2521 nobis
1771 2475 1910 2521 etiam

301 2549 348 2594 in
379 2546 646 2594 testimonio
686 2545 842 2607 posita
879 2551 1005 2599 sunt,
1053 2558 1157 2589 cum
1196 2541 1318 2606 quod
1354 2542 1524 2590 bonum
1563 2551 1611 2590 et
1647 2542 1736 2591 deo
1767 2545 1914 2608 placi-

302 2626 419 2674 tum,
467 2617 524 2664 ab
564 2615 802 2662 extraneis
842 2628 1025 2677 quoque
1063 2613 1336 2675 agnoscitur
1378 2621 1427 2660 et
1469 2615 1736 2661 testimonio
1775 2631 1913 2661 orna-

302 2690 458 2748 tut-4).
514 2686 815 2748 Monogamia
845 2682 967 2747 apud
998 2683 1210 2730 ethnicos
1241 2683 1307 2730 ita
1335 2684 1382 2730 in
1413 2699 1587 2730 summo
1617 2684 1794 2732 honore
1827 2693 1913 2742 est,

303 2767 358 2805 ut
388 2767 436 2805 et
463 2756 722 2820 virginibus
758 2755 963 2817 legitime
1003 2753 1280 2801 nubentibus
1318 2753 1496 2801 univira
1532 2754 1744 2818 pronuba
1782 2753 1913 2803 adhi-

305 2828 486 2885 beatur,
521 2834 589 2888 (et
619 2827 658 2874 si
689 2826 883 2889 auspicii
916 2840 1094 2882 caussa,
1126 2825 1285 2888 utique
1314 2824 1427 2871 boni
1456 2825 1651 2889 auspicii
1675 2830 1782 2886 est,)
1802 2826 1910 2872 item

422 2953 465 3000 1)
492 2954 581 3002 Rig.
612 2954 983 2992 exerceantur.
1153 2952 1198 3000 2)
1226 2951 1315 3002 mg.
1346 2939 1913 2990 Christianis'leonem.

312 3010 356 3060 3)
373 3010 476 3048 Voc.
493 3020 511 3047 s
523 3021 579 3047 ae
590 3010 724 3058 pius,
752 3010 873 3059 quod.
891 3009 1017 3057 vulgo
1033 3007 1186 3058 legitur
1202 3008 1244 3046 in
1261 3008 1364 3056 edd„
1382 3007 1532 3057 Rigalt.
1550 3008 1715 3046 delevit.
1762 3008 1806 3058 4)
1819 3007 1912 3056 Rig-

310 3068 739 3162 tggt.donteratur.
824 3065 1060 3113 Denique
1103 3076 1226 3103 mon.
1311 3065 1413 3104 Voc.
1458 3063 1680 3113 denique
1723 3064 1769 3102 iu
1815 3063 1909 3102 alii·

313 3136 336 3163 e
393 3150 405 3161 .
460 3133 560 3161 ees.
