1942 3554
390 107 474 147 DE
503 109 710 147 CULTU
738 76 1125 148 FEM1NARUM
1168 109 1283 149 Lm.
1315 110 1365 147 11.
1593 105 1677 152 85

88 275 93 277 ‚
175 218 336 278 ndunt,
369 229 419 268 et
447 222 636 269 sinistra
671 237 759 286 per
788 222 997 285 singulos
1028 220 1203 284 digitos
1243 220 1301 269 de
1332 221 1486 269 saccis
1517 221 1676 286 singu-

29 234 333 356 ’ἷζιᾶίῑ1).
395 290 496 339 Hae
528 301 634 340 sunt
668 294 794 340 vires
825 293 1114 349 ambitionis,
1162 301 1395 339 tantarum
1433 306 1675 340 usurarum

34 359 352 422 &stantiam
383 377 476 409 uno
508 371 558 409 et
586 363 803 410 muliebri
835 363 1116 426 corpusculo
1147 362 1375 410 baiulare.

57 443 86 482 3¹

58 500 87 549 αἱ

51 562 92 620 ἐι,

44 652 300 820 {DE
374 724 760 801 CULTU
828 727 1554 800 FEMINARUM.

46 865 77 948 ἴ
490 878 709 927 LIBER
754 878 1209 941 SECUNDUS.*)

37 1147 66 1170 ,ξ
180 1111 225 1157 1.
299 1106 517 1154 Ancillae
550 1104 628 1153 dei
658 1105 766 1163 vivi,
802 1122 1061 1154 conservae
1094 1110 1143 1154 et
1172 1122 1363 1154 sorores
1394 1123 1544 1167 meae,
1572 1125 1662 1173 quo

21 1176 138 1239 liure
178 1175 380 1240 deputor
413 1176 679 1233 vobiscum,
710 1173 1120 1239 ⁴postremissimus
1159 1176 1376 1240 equidem
1415 1195 1519 1226 meo
1560 1180 1663 1227 iure

0 1247 311 1298 {⁴conservitii
357 1255 406 1294 et
449 1247 791 1303 fraternitatis,
840 1246 992 1294 audeo
1041 1246 1100 1294 ad
1144 1263 1228 1293 vos
1274 1248 1436 1295 facere
1483 1265 1663 1296 sermo-

19 1318 212 1378 ·nem2),
246 1333 338 1362 non
368 1317 527 1380 utique
560 1316 892 1374 affectationis,
919 1315 1010 1364 sed
1040 1317 1283 1364 affectioni
1314 1334 1575 1381 procurans
1613 1321 1661 1366 in

18 1401 200 1453 ncaussa
231 1396 419 1434 vestrae
452 1387 629 1433 salutis.
691 1385 760 1432 Ea
793 1388 916 1434 salus
948 1403 1036 1434 nec
1068 1389 1345 1434 feminarum
1377 1388 1542 1446 modo,
1576 1388 1662 1437 sed

15 1457 172 1520 ·e.tiam
199 1458 431 1520 yirorum,
478 1457 527 1503 in
566 1456 856 1503 exhibitione
894 1459 1150 1520 praecipue
1188 1456 1447 1520 pudicitiae
1486 1468 1661 1506 statuta

14 1534 120 1588 ιρεῐ.
192 1525 314 1572 Nam
346 1543 449 1573 cum
482 1542 642 1587 omnes
673 1528 893 1590 templum
926 1525 1003 1574 dei
1033 1528 1197 1583 simus,
1245 1528 1377 1574 illato
1414 1530 1463 1574 in
1494 1544 1581 1576 nos
1612 1538 1661 1576 et

15 1605 312 1661 zeonsecrato
345 1597 511 1660 spiritu
541 1605 705 1643 sancto
747 1598 846 1644 eius
878 1597 1040 1660 templi
1071 1596 1287 1644 aedituus
1327 1599 1656 1660 etsssantistes3)

15 1665 257 1732 :pudicitia
294 1675 389 1724 est,
439 1683 558 1730 quae
598 1667 712 1714 nihil
750 1666 1031 1720 immundum
1071 1684 1159 1715 nec
1198 1668 1444 1730 profanum
1491 1670 1659 1717 inferri

27 1736 177 1800 Quat,
209 1752 268 1784 ne
300 1735 415 1783 deus
445 1738 548 1793 ille,
577 1738 656 1799 ,qui
689 1736 941 1794 inhabitat,
988 1739 1274 1799 inquinatam
1315 1737 1474 1786 sedem
1507 1740 1657 1786 offen-

27 1800 109 1868 ξας
137 1804 447 1870 derelinquat.
511 1805 608 1853 Sed
640 1805 779 1852 modo
812 1823 900 1853 nos
930 1823 1021 1852 non
1054 1806 1112 1853 de
1143 1807 1394 1870 pudicitia,
1429 1810 1504 1855 cui
1534 1808 1657 1856 indi-

27 1874 209 1937 cendae
241 1885 291 1924 et
322 1875 586 1938 exigendae
619 1877 856 1923 sufficiunt
887 1877 1107 1922 instantia
1137 1877 1308 1940 ubique
1334 1876 1492 1924 divina
1513 1895 1655 1941 prae-

27 1954 191 2012 cepta,
236 1962 398 1993 verum
429 1944 487 1993 de
518 1946 860 2009 pertinentibus
892 1945 952 1992 ad
991 1962 1116 2003 eam,
1157 1946 1204 1992 id
1237 1955 1309 1993 est
1340 1948 1541 2010 qualiter
1568 1965 1654 1996 vos

22 2014 261 2077 incedere.
285 2024 519 2079 oporteat.
595 2015 855 2079 Pleraeque
897 2017 1034 2073 enim,
1078 2015 1201 2079 quod
1238 2017 1387 2080 ipsum
1418 2018 1530 2064 mihi
1561 2020 1653 2065 uti-

22 2101 116 2150 que
157 2084 570 2149 [reprehendendo
610 2087 656 2132 in
704 2086 934 2146 omnibus]
983 2086 1337 2148 reprehendere
1384 2086 1499 2135 deus
1543 2104 1654 2152 per-

25 2180 27 2182 ·
72 2151 194 2213 inat,
226 2164 307 2202 aut
335 2156 609 2218 ignorantes
640 2157 916 2219 simpliciter
945 2165 1026 2203 aut
1056 2155 1399 2204 dissimulantes
1424 2157 1654 2206 audacter

43 2232 94 2284 ta
129 2224 483 2288 ingrediuntur,
532 2227 661 2289 quasi
692 2225 918 2289 pudicitia
957 2227 1003 2272 in
1042 2227 1143 2273 sola
1184 2228 1650 2291 carnisintegritate

19 2290 77 2361 ‚st
104 2297 252 2359 stupri
283 2297 529 2359 aversione
562 2297 805 2354 consistat,
831 2313 919 2344 nec
946 2298 1188 2360 quicquam
1215 2299 1509 2345 extrinsecus
1535 2315 1651 2363 opus

21 2361 102 2427 ᾖε,
134 2363 192 2413 de
225 2366 375 2413 cultus
406 2364 515 2413 dico
548 2375 597 2413 et
628 2375 821 2414 ornatus
853 2366 1177 2431 dispositione.
1257 2366 1354 2415 Sed
1386 2370 1508 2415 enim
1538 2384 1650 2431 per-

17 2444 244 2495 noverant
286 2437 334 2483 in
378 2437 586 2500 pristinis
602 2437 647 2498 4)
696 2436 859 2484 studiis
905 2438 1084 2484 formae
1125 2446 1174 2484 et
1211 2439 1401 2494 nitoris,
1449 2436 1648 2485 eandem

136 2589 172 2639 ⁸)
186 2590 324 2628 Huius
338 2590 436 2629 libri
450 2591 515 2630 tot
529 2591 614 2629 loci
632 2603 656 2629 a
673 2591 856 2639 Rigaltio
881 2602 937 2628 ex
952 2590 1209 2628 auctoritate
1235 2592 1325 2629 cod.
1340 2593 1469 2640 Agob.
1494 2593 1649 2631 mutati

15 2647 137 2695 sant,
148 2646 490 2685 utvideaturiste
501 2659 632 2696 prope
642 2659 776 2685 novus
795 2649 934 2684 factus
951 2658 1057 2684 esse.
1094 2647 1192 2684 lnde
1210 2647 1251 2684 in
1271 2659 1357 2694 sqq.
1374 2648 1646 2695 praecipuam

15 2688 259 2750 {criptas-ae
268 2703 519 2742 varietatem
535 2704 596 2741 ita
612 2704 922 2751 annotavimus,
933 2703 1171 2750 utRigaltio
1189 2714 1341 2740 novam
1356 2704 1648 2742 recensionem

14 2755 318 2808 “rihueremum
336 2759 516 2797 Semleri
530 2760 699 2798 nomine
716 2759 969 2806 scripturam
985 2761 1198 2806 receptam
1215 2759 1512 2798 indicaremus.

136 2810 183 2864 1)
199 2813 390 2852 Plinitfl.
405 2815 457 2853 N.
477 2815 542 2863 33,
562 2817 601 2852 2.
665 2834 671 2838 -
703 2816 748 2863 2)
764 2814 889 2853 Seml.
915 2815 1368 2863 postremissimus
1392 2817 1647 2855 omnium?

10 2867 111 2917 qui
139 2868 198 2905 de
224 2879 334 2907 meo
364 2870 479 2907 iure
500 2892 558 2899 —-
581 2871 639 2908 ad
668 2882 759 2908 vos
789 2873 943 2909 verba
976 2871 1080 2908 ista
1097 2873 1298 2922 facere,
1332 2884 1433 2911 non
1463 2873 1647 2920 utique

7 2924 380 2964 attrectationi
451 2925 561 2974 (Rig.
584 2927 919 2973 affectionis)
964 2927 1052 2964 sed
1081 2930 1162 2966 etc.
1348 2929 1392 2978 3)
1422 2929 1514 2978 Rig.
1557 2940 1646 2966 ae-

14 2978 172 3073 ·diitua
217 2981 267 3018 et
305 2981 570 3019 antistita.
713 2983 760 3031 4)
790 2983 867 3020 Vv.
905 2983 1001 3021 Sed
1029 2994 1066 3021 e.
1096 2995 1136 3032 p.
1166 2984 1218 3022 in
1248 2985 1497 3033 pristinis
1528 2985 1645 3023 ‹lele-

7 3042 47 3074 ‘v
70 3037 89 3074 t
114 3035 205 3084 mg.
