1942 3554
280 250 359 300 54
811 245 899 283 DE·
923 240 1379 285 moecharum.
1420 236 1422 239 ·

282 380 401 455 quisv
417 397 572 436 autem
605 384 862 436 dissimulat
885 383 1009 431 illam
1034 382 1235 447 effigiem
1260 382 1392 430 aerei
1416 381 1657 444 serpentis,
1675 395 1858 443 *suspen

281 463 328 507 in
360 458 567 516 modum,
606 456 800 519 figuram
833 453 1107 516 designasse
1141 452 1404 500 dominicae
1437 451 1614 509 crucis,
1647 467 1675 498 a
1704 465 1900 514 serpen,
1931 462 1934 470 ’

281 530 427 587 tibus,
475 527 522 574 id
555 535 627 574 est
657 525 714 573 ab
746 524 928 588 angelis
961 522 1158 578 diaboli,
1206 522 1490 570 liberaturae
1521 537 1631 578 nos,
1679 519 1784 568 dum
1814 535 1874 583 pe
1910 583 1912 585 ‚

283 599 582 661 semetipsam
614 595 863 652 diabolum,
897 591 944 639 id
969 602 1042 640 est
1065 601 1333 656 serpentem
1357 591 1672 648 interfectum,
1706 605 1884 653 suspen.
1904 604 1927 630 ὓ

283 669 372 727 dit,
422 669 523 715 sive
562 682 682 731 quae
721 665 811 712 alia
843 665 1023 728 figurae
1062 663 1195 710 istius
1228 661 1464 725 expositio
1498 660 1793 725 dignioribus
1824 676 1887 713 rs,
1923 694 1926 695 ν

284 739 435 787 velata
470 745 563 795 est,
597 734 844 783 dummodo
877 733 1116 798 apostolus
1146 731 1344 779 affirmet
1373 733 1528 779 omnia
1556 740 1667 780 tunc
1701 731 1889 794 figurat

282 809 455 873 populo
488 805 750 854 accidisse:
796 804 942 861 bene,
992 802 1116 866 quod
1147 801 1270 849 idem
1304 800 1443 859 deus,
1491 803 1568 864 qui
1606 801 1714 865 lege
1752 800 1882 847 vetui

283 876 629 927 similitudinem
662 875 781 933 fieri,
815 872 1190 921 extraordinario
1222 880 1477 935 praecepto
1510 871 1742 934 serpentis
1775 870 1905 916 simi*

286 947 527 996 titudinem
559 945 728 993 indixit
743 946 810 1004 ¹).
877 942 928 990 Si
961 942 1159 991 eundem
1192 941 1328 989 deum
1362 941 1610 999 observas,
1656 939 1802 988 babes
1831 939 1923 1006 ΙιΞ-,ῥἸ

287 1035 392 1083 gem
433 1018 557 1074 eius,
606 1032 663 1063 ne
699 1015 878 1063 feceris
918 1012 1264 1060 similitudinem
1280 1013 1348 1070 2).
1428 1010 1480 1058 Si
1520 1020 1568 1058 et
1597 1008 1926 1075 praecepturi&

288 1090 444 1135 factae
476 1095 643 1150 postea
673 1083 984 1132 similitudinis
1017 1083 1239 1147 respicis,
1291 1090 1338 1129 et
1375 1090 1426 1129 tu
1465 1082 1647 1129 imitare
1685 1080 1886 1144 Moysen
1903 1076 1913 1085 ”

283 1175 341 1205 ne
374 1158 524 1204 facias
557 1156 782 1204 adversus
821 1155 974 1215 legem
1014 1153 1311 1200 simulacrum
1350 1151 1556 1216 aliquod,
1613 1152 1702 1198 nisi
1741 1159 1789 1198 et
1819 1086 1923 1280 tib5

285 1227 399 1275 deus
431 1228 638 1274 iusserit.

427 1300 473 1347 6.
517 1295 567 1342 Si
600 1295 724 1341 nulla
755 1294 833 1341 lex
865 1292 942 1340 dei
973 1291 1291 1356 prohibuisset
1322 1290 1450 1339 idola
1477 1291 1583 1339 fieri
1613 1307 1641 1338 a
1671 1289 1828 1348 nobiS,
1863 1288 1924 1354 εξ

283 1368 407 1414 nulla
437 1382 530 1414 vox
562 1365 752 1428 spiritus
792 1364 942 1411 sancti
980 1361 1349 1410 fabricatoribusv
1381 1360 1662 1408 idololorum
1694 1377 1787 1408 non
1818 1352 1919 1423 nli-2}

283 1454 367 1486 nus
414 1453 548 1501 quam
597 1433 853 1482 cultoribus
901 1434 1293 1480 comminaretur:
1356 1430 1414 1479 de
1460 1433 1561 1495 ipso
1606 1420 1922 1486 sacrament&

284 1517 446 1555 nostro
487 1507 908 1569 interpretaremur
943 1501 1079 1549 nobis
1118 1501 1340 1549 adversas
1379 1517 1484 1549 esse
1524 1500 1635 1549 fidei
1673 1496 1919 1562 eiusmodi}¹

283 1586 428 1625 artes.
513 1574 756 1634 Quomodo
806 1574 928 1620 enim
972 1573 1340 1620 renuntiavimus
1386 1571 1574 1620 diabolo
1629 1580 1679 1619 et
1721 1570 1924 1640 angeli*

285 1649 409 1704 eius,
457 1647 496 1693 si
536 1660 618 1691 eos
665 1644 891 1691 facimus?
964 1641 1095 1701 Quod
1144 1641 1388 1705 repudium
1435 1641 1632 1690 diximus
1671 1643 1754 1700 iis,
1810 1640 1920 1692 noui

285 1716 392 1764 dico
427 1732 529 1763 cum
562 1714 743 1779 quibus,
779 1712 862 1760 sed
895 1712 952 1759 de
986 1712 1149 1776 quibus
1182 1712 1406 1759 vivimus?
1451 1711 1595 1771 Quam
1620 1710 1923 1764 discordiam}

285 1786 575 1851 suscepimus
615 1785 663 1830 in
703 1799 808 1841 eos,
857 1783 1021 1846 quibus
1068 1781 1369 1829 exhibitionis
1409 1791 1596 1829 nostrae
1636 1782 1788 1845 gratia
1819 1778 1919 1847 01)-ιῖ

284 1857 416 1921 ligati
450 1857 634 1902 sumus?
694 1853 836 1901 Potes
868 1854 1025 1916 lingua
1056 1867 1274 1916 negasse,
1310 1851 1434 1916 quod
1464 1869 1600 1898 manu
1633 1852 1913 1905 confiteristi

283 1927 430 1974 verbo
471 1926 739 1982 destruere,
796 1922 916 1987 quod
959 1923 1083 1970 facto
1125 1923 1296 1970 struis?
1362 1939 1498 1969 unum
1540 1921 1676 1970 deum
1714 1921 1915 1985 praedi-2-

285 2013 419 2054 care,
453 1997 531 2060 qui
563 2004 717 2042 tantos
750 1994 926 2040 efficis?
960 2009 1116 2039 verum
1151 1991 1288 2039 deum
1319 1991 1614 2056 praedicare,
1649 1993 1724 2056 qui
1757 1992 1912 2046 falso&

285 2068 432 2114 facis?
490 2066 657 2122 Facio,
691 2066 756 2110 ait
787 2063 992 2127 quidam,
1036 2062 1119 2110 sed
1151 2079 1243 2109 non
1276 2063 1407 2109 colo:
1449 2063 1579 2126 quasi
1611 2061 1670 2109 ob
1702 2059 1913 2126 aliquan(

287 2152 496 2184 caussam
544 2135 706 2182 colere
754 2150 844 2180 non
886 2133 1078 2190 audeat,
1127 2134 1212 2180 nisi
1255 2133 1313 2179 ob
1354 2148 1487 2196 quam
1528 2142 1575 2179 et
1612 2133 1776 2180 facere
1809 2144 1908 2187 nom

284 2205 477 2263 debeat,
519 2205 707 2252 scilicet
738 2203 795 2250 ob
831 2203 906 2250 dei
939 2203 1162 2250 offensam
1201 2202 1466 2266 utrobique.
1544 2203 1640 2251 Imo
1678 2211 1728 2250 tu
1761 2203 1910 2267 consa„

284 2278 361 2341 qui
394 2277 533 2333 facis,
566 2283 617 2321 ut
649 2275 742 2321 coli
773 2275 965 2338 possint.
1030 2273 1157 2319 Colis
1188 2281 1342 2320 autem
1373 2289 1466 2320 non
1497 2274 1662 2338 spiritu
1693 2271 1910 2340 vilissimi}

284 2346 462 2394 nidoris
494 2346 713 2402 alicuius,
762 2343 846 2390 sed
884 2352 964 2390 tuo
1004 2343 1222 2406 proprio,
1281 2359 1369 2391 nec
1408 2345 1558 2391 anima
1590 2342 1785 2408 pecudis
1817 2345 1903 2411 inl-f,

283 2433 454 2480 pensa,
502 2414 585 2462 sed
617 2416 767 2461 anima
799 2422 892 2459 tua.
970 2413 1064 2459 Illis
1096 2414 1334 2476 ingenium
1368 2426 1491 2462 tuum
1530 2414 1761 2471 immolas,
1810 2410 1902 2460 illis

285 2486 503 2535 sudorem
534 2494 659 2532 tuum
693 2484 832 2541 libas,
881 2484 971 2530 illis
1002 2482 1293 2546 prudentiam
1327 2492 1448 2531 tuam
1480 2483 1720 2532 accendis,
1792 2482 1902 2531 Plus

286 2574 335 2604 es
367 2557 480 2614 iuis,
528 2572 662 2619 quam
702 2552 950 2611 sacerdOS,
1000 2570 1100 2600 cum
1140 2569 1225 2616 per
1262 2563 1309 2601 te
1347 2554 1550 2601 habeant
1585 2552 1899 2601 sacerdotem.

284 2626 543 2688 Diligentia
574 2634 653 2671 tua
684 2626 911 2686 nomen3)
958 2624 1141 2670 illorum
1181 2633 1267 2671 est.
1342 2624 1502 2687 Negas
1541 2633 1588 2671 te
1627 2615 1749 2688 quod
1783 2625 1900 2686 facis

286 2696 479 2743 colere?
539 2693 636 2743 Sed
667 2695 735 2741 illi
765 2711 858 2742 non
891 2702 1086 2757 negant,
1137 2694 1301 2758 quibus
1334 2695 1454 2742 hanc
1487 2695 1821 2758 saginatiorem
1853 2701 1902 2742 et

285 2767 567 2814 auratiorem
602 2774 650 2812 et
680 2765 902 2812 maiorem
934 2765 1131 2810 hostiam
1165 2763 1351 2822 caedis,
1383 2765 1579 2812 salutem
1611 2774 1753 2812 tuam.
1900 2776 1909 2780 “

426 2841 476 2886 7.
517 2836 637 2882 Tota
669 2833 744 2881 die
776 2834 833 2881 ad
866 2835 983 2880 hanc
1015 2843 1193 2897 partem
1223 2835 1354 2881 zelus
1384 2834 1492 2882 fidei
1526 2835 1788 2898 perorabit,
1828 2835 1898 2881 in-

285 2921 477 2970 gemens
510 2905 820 2952 Christianum
853 2905 910 2951 ab
943 2904 1083 2951 idolis
1114 2906 1159 2951 in
1195 2905 1444 2952 ecclesiam
1478 2906 1660 2964 venire,
1706 2905 1784 2966 [de
1817 2903 1898 2952 ad-

397 3088 440 3136 1)
473 3087 698 3125 Rhenanus
727 3092 768 3125 et·
797 3088 859 3124 ed.
883 3088 1058 3125 Franek.
1090 3088 1390 3137 interdixit,
1437 3089 1504 3126 Fr.
1525 3089 1689 3127 lunius:
1731 3088 1894 3126 inter-

285 3145 455 3192 duxit,
496 3144 708 3183 Latinius:
749 3144 871 3181 fieri
901 3145 1070 3182 iussit.
1145 3145 1350 3192 Rigaltius
1385 3147 1427 3182 et
1457 3146 1640 3183 Semler:
1686 3143 1896 3182 indixit.

287 3203 329 3250 2)
362 3201 497 3239 Exod.
520 3202 638 3251 20,4.
758 3200 800 3247 3)
834 3202 1063 3248 Rigems.
1097 3213 1298 3243 nomem
1334 3203 1482 3240 ceteri:
1514 3212 1709 3239 numen.
