1942 3554
278 234 411 282 8⁰8
666 233 748 271 DE
777 231 1151 271 VIRGINIBUS
1179 230 1519 271 VELANmS.

276 350 391 396 licet
422 356 470 394 et
499 345 796 408 desponsata,
829 352 983 391 tamen
1014 344 1214 407 integra,
1247 343 1725 407 agnosce‘mulierem
1757 346 1913 396 etiaim

274 419 520 480 virginem,
555 413 696 462 eti'am
733 416 965 477 integram
997 413 1107 462 dici.
1170 414 1258 462 Hic
1299 423 1430 461 certe
1466 415 1583 462 nihil
1619 414 1916 484 prophetica

278 488 451 535 dictum
481 485 633 533 videri
663 493 843 548 potest,
890 494 942 533 ut
971 485 1171 533 futuram
1202 485 1465 542 mulierem,
1512 484 1562 532 id
1592 482 1666 546 est
1694 485 1916 549 Πυρῑειω,ὶ

276 558 518 622 apostolus
548 557 814 613 nominarit,
849 554 1051 603 dicendo
1083 557 1258 603 factum
1289 571 1350 602 ex
1379 556 1589 603 muliere.
1636 542 1746 603 Non
1778 558 1917 611 enim

273 636 465 710 poterat
500 628 813 691 posteriorem
858 627 1099 673 mulierem
1145 627 1409 684 nominare,
1457 625 1515 674 de
1556 643 1652 690 qua
1679 615 1916 693 Christum

275 700 407 747 nasci
437 714 531 745 non
561 697 781 754 habebat,
814 696 862 744 id
895 705 968 745 est
998 699 1146 744 virum
1177 713 1382 762 passamg
1415 695 1498 744 sed
1529 698 1624 755 illa,
1658 713 1775 761 quae
1799 701 1916 745 erata

274 785 518 835 praesens,
554 784 670 832 quae
704 776 808 815 erat
837 769 997 831 virgo,
1045 776 1094 814 et
1136 769 1303 815 mulier
1339 767 1601 815 vocabatur
1636 783 1724 831 per
1757 783 1905 815 voca-

274 841 374 888 buli
403 840 537 888 huius
567 840 921 903 proprietatem,
954 837 1207 886 secundum
1238 837 1483 902 primordii
1511 839 1708 886 formam
1730 838 1907 901 virgini

276 920 327 959 et
355 912 422 960 ita
451 911 670 957 universo
703 909 944 957 mulierum
976 910 1141 990 generi
1173 908 1429 956 defensam.

418 984 467 1032 7.
531 980 873 1027 Convertamur
911 978 970 1027 ad
1015 981 1139 1043 ipsas
1185 981 1275 1027 iam
1321 981 1530 1027 rationes
1568 977 1902 1037 recensendas,

278 1068 366 1118 per
398 1067 511 1116 quas
542 1052 783 1115 apostolus
816 1044 958 1097 docet
986 1051 1137 1097 velari
1168 1051 1388 1097 feminam
1421 1059 1670 1114 oportere,
1702 1066 1762 1097 an
1793 1065 1904 1097 eae-

278 1123 385 1171 dem
418 1123 559 1169 etiam
589 1121 849 1183 virginibus
882 1128 1167 1184 competant,
1198 1129 1245 1167 ut
1276 1136 1337 1167 ex
1360 1121 1451 1167 hoc
1477 1136 1660 1184 quoque
1683 1121 1903 1168 vocabuli

281 1193 544 1241 communio
576 1193 701 1238 inter
728 1191 937 1254 virgines
969 1199 1017 1237 et
1047 1207 1141 1237 non
1170 1191 1377 1253 virgines
1409 1199 1616 1248 constet,
1656 1190 1763 1238 dum
1793 1207 1903 1238 eae-

280 1262 386 1310 dem
429 1263 673 1309 velaminis
719 1277 914 1309 caussae
961 1262 1009 1309 in
1053 1269 1250 1324 utraque
1294 1269 1430 1324 parte
1475 1259 1903 1325 deprehenduntur.

282 1332 335 1380 Si
367 1341 508 1397 caput
538 1333 745 1379 mulieris
775 1334 848 1379 vir
878 1340 964 1389 est,
997 1333 1156 1396 utique
1190 1340 1239 1379 et
1266 1332 1476 1394 virginis,
1510 1330 1568 1379 de
1601 1348 1691 1396 qua
1727 1332 1781 1379 fit
1807 1347 1908 1378 mu-

279 1405 371 1452 lier
399 1405 479 1451 illa
519 1419 636 1467 quae
668 1405 845 1467 nupsit,
892 1404 981 1450 uisi
1026 1404 1065 1450 si
1094 1403 1230 1465 virgo
1262 1403 1450 1449 tertium
1488 1418 1635 1465 genus
1673 1411 1747 1450 est
1775 1401 1909 1449 mon-

279 1484 512 1522 struosum
545 1473 734 1538 aliquod
765 1475 835 1522 sui
867 1475 1049 1537 capitis.
1113 1471 1164 1519 Si
1194 1473 1378 1520 mulieri
1408 1481 1543 1537 turpe
1575 1481 1649 1521 est
1676 1471 1779 1520 radi
1810 1473 1908 1520 sive

278 1545 557 1605 tonderi1),
604 1547 764 1608 utique
805 1553 855 1592 et
889 1544 1075 1608 virgini.
1136 1542 1342 1590 Proinde
1379 1542 1553 1591 viderit
1589 1544 1796 1591 seculum
1827 1558 1907 1591 ae·

279 1617 451 1664 mulum
483 1614 575 1673 dei,
610 1617 649 1662 si
679 1617 745 1662 ita
773 1616 945 1678 virgini
986 1630 1172 1662 caesum
1211 1615 1429 1678 capillum
1468 1613 1632 1662 decori
1670 1614 1906 1671 mentitur,
1938 1661 1942 1665 ,

282 1685 669 1751 quemadmodum
708 1695 757 1733 et
800 1702 947 1750 puero
994 1686 1282 1750 permissum.
1357 1683 1488 1748 Ergo
1521 1686 1597 1732 cui
1634 1700 1782 1748 aeque
1814 1700 1907 1731 non

283 1759 506 1806 conve-nit
535 1756 639 1804 radi
670 1758 767 1804 sive
799 1755 1003 1814 tonderi,
1037 1772 1186 1820 aeque
1218 1756 1440 1803 convenit
1464 1756 1661 1819 operiri.
1722 1753 1774 1804 Si
1805 1754 1910 1817 glo-

280 1830 352 1877 ria
380 1829 470 1876 viri
501 1836 574 1875 est
603 1828 792 1886 mulier,
826 1835 999 1892 quanto
1030 1827 1180 1890 magis
1209 1827 1373 1889 virgo,
1410 1842 1528 1890 quae
1560 1834 1609 1874 et
1639 1825 1791 1889 gloria
1820 1825 1910 1872 sihi

282 1902 385 1947 est?
444 1897 496 1945 Si
534 1899 702 1946 mulier
732 1915 794 1946 ex
827 1899 930 1946 viro
970 1906 1018 1944 et
1046 1906 1245 1962 propter
1271 1898 1443 1955 virum,
1471 1905 1619 1944 *costa
1646 1897 1728 1943 illa
1754 1893 1908 1954 Adae,

280 1972 416 2033 virgo
455 1971 652 2033 primum
683 1970 785 2016 fuit.
848 1967 901 2016 Si
938 1969 1106 2016 mulier
1134 1976 1416 2032 potestatem
1446 1966 1623 2016 hahere
1659 1982 1800 2031 super
1830 1982 1911 2014 ca·

281 2050 366 2107 put
395 2039 552 2098 debet,
585 2041 660 2088 vel
691 2056 750 2087 eo
789 2040 954 2087 iustius
983 2040 1136 2102 virgo,
1169 2038 1228 2086 ad
1260 2055 1395 2103 quam
1425 2039 1653 2102 pertinet,
1701 2035 1826 2101 quod
1861 2037 1910 2084 in

284 2128 451 2160 caussa
481 2120 568 2159 est.
633 2109 684 2158 Si
716 2111 838 2158 enim
868 2118 1066 2174 propter
1095 2110 1291 2172 angelos
1307 2110 1380 2170 2),
1412 2109 1598 2156 scilicet
1634 2123 1750 2173 quos
1788 2107 1908 2170 legi-

282 2198 383 2230 mus
415 2198 443 2229 a
473 2181 563 2229 deo
597 2191 646 2229 et
685 2181 822 2228 coelo
862 2180 1096 2228 excidisse
1138 2180 1197 2227 ob
1238 2180 1669 2243 concupiscentiam
1713 2178 1907 2226 femina-

283 2269 407 2310 rum,
456 2253 557 2315 quis
587 2267 889 2316 praesumere
928 2259 1108 2314 potest,
1156 2251 1276 2297 tales
1314 2250 1510 2313 angelos
1547 2249 1780 2297 maculata
1817 2250 1908 2295 iam

286 2338 491 2386 corpora
521 2330 570 2369 et
599 2323 826 2369 humanae
858 2319 1064 2368 libidinis
1100 2320 1324 2383 reliquias
1363 2318 1682 2376 desiderasse,
1727 2327 1778 2365 ut
1814 2334 1909 2366 non

285 2393 346 2441 ad
374 2393 583 2456 virgines
621 2393 776 2457 potius
807 2393 1095 2448 exarserint,
1142 2406 1332 2454 quarum
1370 2391 1457 2438 flos
1495 2390 1635 2438 etiam
1664 2389 1909 2436 humanam

285 2463 527 2513 libidinem
559 2465 783 2511 excusat?
841 2461 962 2510 Nam
993 2471 1042 2509 et
1072 2462 1305 2525 scriptura
1341 2462 1409 2508 sic
1446 2460 1681 2523 suggerit:
1707 2479 1710 2482 ⁴
1741 2458 1804 2507 Et
1839 2459 1910 2506 fa-

288 2544 412 2583 ctum
444 2543 531 2592 est,
563 2535 726 2598 inquit,
762 2549 863 2580 cum
903 2534 1172 2597 coepissent
1200 2532 1411 2584 homines
1441 2531 1598 2595 plures
1635 2530 1740 2579 fieri
1771 2544 1912 2594 super

285 2615 487 2664 terram,
534 2613 583 2652 et
621 2605 745 2652 filiae
784 2613 922 2651 natae
961 2612 1066 2651 sunt
1095 2604 1188 2662 eis3
1237 2603 1496 2667 conspicati
1532 2610 1687 2649 autem
1717 2599 1803 2648 filii
1833 2598 1912 2648 dei

288 2677 409 2724 filias
439 2677 690 2734 hominum,
725 2674 849 2739 quod
879 2674 1104 2739 pulchrae
1136 2682 1316 2730 essent,
1348 2680 1638 2737 acceperunt
1672 2671 1763 2719 sihi
1792 2686 1913 2718 uxo-³

287 2763 367 2795 res
398 2763 459 2796 ex
490 2747 702 2794 omnibus
735 2762 846 2810 quas
878 2747 1140 2809 elegerunt.
1196 2744 1284 2792 Hic
1315 2739 1440 2791 enim
1469 2758 1639 2791 nomen
1667 2741 1911 2791 mulierum

292 2816 525 2866 Graecum
569 2833 743 2865 uxores
788 2818 930 2880 sapit,
978 2817 1086 2881 quia
1129 2814 1187 2863 de
1233 2815 1404 2879 nuptiis
1438 2814 1614 2862 mentio
1646 2821 1734 2861 est.
1795 2810 1911 2859 Cum

290 2904 408 2950 ergo
441 2889 559 2936 filias
590 2889 824 2936 hominum
856 2886 987 2945 dicit,
1019 2887 1265 2934 manifeste
1287 2886 1498 2949 virgines·
1515 2882 1772 2949 portendit,
1790 2894 1910 2945 quae

291 2957 443 3006 adhuc
476 2958 599 3022 apud
628 2951 850 3023 parentes
881 2957 1232 3021 deputarentur.
1284 2955 1406 3003 Nam
1435 2963 1607 3020 nuptae
1637 2946 1909 3002 maritorum

292 3038 638 3093 nuncupantur,
687 3046 789 3078 cum
818 3029 1026 3094 potuerit
1055 3027 1228 3075 dixisse
1258 3042 1430 3075 uxores
1452 3026 1714 3083 hominum,
1759 3035 1908 3086 aeque

408 3185 452 3236 1)
470 3187 493 3223 1
512 3186 604 3223 cor.
623 3186 688 3234 11,
709 3187 748 3223 6.
863 3185 907 3234 2)
928 3186 950 3222 1
970 3186 1063 3225 eor.
1083 3186 1148 3235 11,
1167 3187 1206 3224 8.
1225 3186 1293 3225 10.
1410 3184 1455 3235 a>
1472 3184 1575 3222 Gen.
1595 3184 1635 3234 e,
1653 3182 1677 3219 1
1693 3190 1756 3227 oq.
