1942 3554
429 241 514 280 DE
542 241 918 280 vmommns
947 239 1287 280 VELANms.
1435 223 1437 226 ’
1551 235 1672 280 213

33 347 362 404 'numantiae
391 365 567 404 votum.
642 355 774 404 Nihil
819 356 1027 420 pertinet
1071 353 1132 402 ad
1169 362 1377 402 aetatem
1406 368 1490 400 sua
1519 353 1672 416 spatia

25 463 47 468 --
78 427 85 436 ”
164 436 308 479 ntem
347 443 522 492 suaque
561 426 721 475 debita
751 428 1009 475 maturitati
1035 427 1283 478 luentem„
1341 425 1453 474 Alia
1495 424 1544 472 in
1590 440 1672 471 oc-

22 536 29 540 -.
50 504 83 554 ’ζ
99 499 167 548 lto
212 507 387 558 mater,
433 507 627 554 natura,
683 507 734 546 et
776 499 896 546 alius
941 500 990 545 in
1036 498 1203 546 latenti
1248 506 1408 562 pater,
1468 502 1670 560 tempus,

21 570 181 626 *fam
222 564 350 618 suam
397 569 580 635 legibus
626 570 720 618 suis
765 572 1058 618 maritarunt.
1132 569 1310 634 Aspice
1356 574 1547 631 nuptam
1578 568 1672 614 iam

20 643 160 689 ῑἸί<ιιι
191 649 316 689 tuam
346 642 599 706 virginem,
648 650 696 689 et
739 642 940 689 animam
986 642 1345 706 exspectatione
1385 651 1434 688 et
1480 654 1672 686 carnem

123 713 472 776 sfiguratione‚
507 714 583 760 cui
614 721 664 760 tu
702 713 958 763 secuudum
1002 729 1142 777 paras
1187 714 1417 760 maritum.
1487 708 1583 757 Iam
1623 718 1673 756 et

75 800 127 832 x
157 784 456 833 obsolefacta
484 792 580 842 est,
626 793 675 831 et
712 785 921 832 membra
967 784 1204 848 completa
1247 792 1376 851 sunt,
1425 787 1475 832 et
1516 779 1672 845 pudor

19 853 206 919 d‘ique
237 856 458 914 vestitur,
491 864 542 904 et
570 870 755 903 menses
785 856 961 903 tributa
992 854 1265 919 dependunt
1279 856 1352 915 1);
1393 871 1450 902 ac
1489 860 1541 899 tu
1570 868 1671 900 mu—

20 921 196 978 ulex-em
234 942 404 989 negas,
452 942 587 990 quam
632 925 880 974 muliebria
923 927 1021 990 pati
1067 925 1217 974 dicis?
1290 924 1343 973 Si
1388 924 1668 987 congressio

19 980 119 1060 *bri
149 997 394 1045 mulierem
423 998 562 1054 facit,
611 1013 705 1044 non
734 1006 979 1060 tegantur,
1024 998 1116 1044 -nisi
1154 1004 1265 1061 post
1301 997 1449 1060 ipsam
1482 996 1669 1058 nuptia-

14 1063 129 1127 ήιιιι
160 1067 442 1133 passionem.
502 1068 681 1132 Atquin
711 1069 854 1116 etiam
885 1067 1008 1133 apud
1040 1069 1258 1116 ethnicos
1287 1068 1475 1117 velatae
1507 1065 1568 1114 ad
1598 1066 1668 1112 vi-

18 1140 132 1204 ιῂιιιι
164 1138 413 1188 ducuntur.
457 1138 529 1187 -Si
558 1140 715 1187 autem
747 1139 807 1187 ad
839 1139 1253 1204 desponsationem
1282 1139 1524 1195 velantur,
1559 1138 1670 1202 quia

14 1213 79 1272 dt
110 1227 315 1275 corpore
361 1219 411 1259 et
455 1212 622 1275 spiritu
666 1211 876 1258 masculo
915 1213 1089 1259 mixtae
1121 1219 1228 1258 sunt
1257 1226 1346 1274 per
1377 1210 1587 1258 osculum
1618 1218 1668 1256 et

0 1273 268 1340 {ssexteras‚
298 1298 388 1347 per
404 1298 524 1346 quae
542 1283 738 1346 primum
764 1284 1066 1345 resignarunt
1089 1281 1319 1346 pudorem
1345 1282 1553 1345 spiritus,
1579 1296 1668 1346 per

0 1338 272 1402 incommune
305 1354 629 1403 conscientiae
660 1354 851 1417 pignus,
901 1370 990 1418 quo
1023 1363 1171 1401 totam
1202 1352 1520 1401 condixerunt
1552 1369 1667 1400 con-

0 1421 281 1491 ffspfsionem:
315 1430 488 1488 quanto
519 1425 669 1488 magis
699 1433 883 1489 tempus
914 1424 1019 1472 illas
1043 1425 1243 1482 velabit,
1277 1426 1379 1472 sine
1406 1441 1497 1488 quo
1524 1440 1665 1489 spon-

0 1490 121 1559 [fflri
149 1505 471 1560 noutpossunt
514 1505 563 1544 et
608 1512 698 1559 quo
738 1505 939 1559 urgente
981 1498 1081 1544 sine
1120 1496 1416 1561 sponsalibus
1453 1497 1665 1559 virgines

9 1558 245 1634 qusinunt
275 1570 413 1617 esse?
469 1567 681 1631 Tempus,
705 1568 848 1614 etiam
880 1568 1058 1615 ethnici
1085 1568 1354 1625 observant,
1388 1576 1438 1614 ut
1468 1583 1530 1614 ex
1554 1567 1662 1630 lege

0 1635 5 1679 I
63 1638 72 1644 “
108 1654 221 1686 urae
246 1638 354 1703 'iura
385 1655 470 1689 sua
499 1638 734 1687 aetatibus
770 1637 988 1687 reddant.
1063 1638 1185 1687 Nam
1230 1639 1429 1686 feminas
1477 1637 1663 1703 quidem

0 1714 5 1748 ῑ
63 1707 332 1758 duodecim
363 1711 519 1768 anuis,
550 1711 806 1758 masculum
835 1726 952 1759 vero
985 1728 1013 1758 a
1044 1710 1226 1758 duobus
1258 1711 1455 1774 amplius
1487 1708 1547 1757 ad
1578 1726 1663 1758 ue-

89 1782 156 1829 tia
199 1782 411 1840 mittunt,
456 1781 756 1846 pubertatem
801 1783 849 1829 iu
895 1784 1051 1840 annis,
1099 1798 1194 1829 non
1240 1782 1537 1845 sponsalibus
1582 1791 1664 1829 aut

0 1847 11 1901 f
44 1903 51 1922 ἱ
83 1854 194 1917 ptiis
224 1851 558 1901 decernentes.
633 1853 791 1901 Mater
833 1853 1041 1901 familiae
1088 1861 1311 1910 vocatur,
1361 1853 1476 1902 licet
1503 1854 1658 1915 virgo,

4 1931 74 1990 gt
101 1932 240 1987 pater
270 1923 498 1983 familiae,
531 1925 647 1978 licet
676 1924 885 1971 investis.
945 1923 992 1972 A
1021 1925 1158 1973 nobis
1190 1940 1278 1972 nec
1310 1924 1545 1972 naturalia
1576 1924 1661 1971 ob-

4 1994 292 2053 stez-vantur,
325 1996 459 2059 quasi
489 1996 607 2043 alius
638 1996 699 2043 sit
729 1994 844 2043 deus
875 2004 1097 2054 naturae,
1131 2012 1266 2060 quam
1298 2003 1477 2043 noster.

166 2069 246 2117 12.
305 2065 531 2130 Agnosce
564 2075 613 2114 et
641 2067 907 2124 mulierem,
956 2083 1163 2130 agnosce
1196 2075 1245 2114 et
1275 2076 1463 2131 nuptam
1497 2065 1555 2115 de
1587 2076 1659 2115 te-

2 2137 250 2203 zgtimoniis
267 2145 316 2185 et
333 2139 548 2202 corporis
567 2146 615 2186 et
630 2139 843 2202 spiritus,
873 2154 990 2202 quae
1014 2140 1192 2203 patitur
1216 2147 1265 2186 et
1288 2140 1335 2185 iu
1362 2139 1657 2187 conscientia

6 2250 7 2253 ,
50 2247 52 2250 .
98 2208 146 2255 ἰιι
179 2224 339 2256 carne.
416 2208 516 2257 Hae'
555 2218 663 2257 sunt
691 2209 895 2257 tabellae
928 2210 1114 2274 priores
1144 2210 1423 2257 naturalium
1458 2226 1657 2274 sponsa-

7 2285 11 2288 ’
50 2286 128 2326 ἰιι
173 2289 222 2327 et
266 2281 544 2344 nuptiarum.
620 2281 814 2345 Impone
859 2282 1074 2329 velamen
1119 2282 1414 2330 extrinsecus
1460 2281 1655 2329 habenti

3 2390 13 2397 ,γ
114 2366 241 2399 men
270 2351 569 2400 intrinsecus.
629 2351 874 2416 Tegantur
903 2354 1044 2400 etiam
1083 2354 1354 2417 superiora,
1404 2354 1535 2400 cuius
1581 2355 1653 2400 iu-

2 2432 9 2467 ,’
52 2442 69 2461 υ·
92 2422 198 2490 ‘ora
227 2421 351 2470 nuda
382 2439 476 2470 nou
506 2431 629 2471 sunt.
689 2423 776 2471 Vis
807 2426 956 2482 scire,
999 2440 1117 2488 quae
1150 2426 1210 2471 sit
1241 2425 1412 2471 aetatis
1443 2426 1653 2471 auctori-

66 2495 120 2540 s?
179 2492 398 2558 Propone
429 2503 696 2559 utramque,
742 2497 988 2542 immature
1036 2511 1353 2557 compressam
1398 2496 1446 2540 in
1491 2494 1653 2542 habitu

36 2617 37 2621 Ἰ
63 2563 248 2622 ulieris‚
295 2572 346 2611 et
389 2581 506 2629 quae
545 2567 815 2614 maturitate
846 2580 1102 2629 progressa
1132 2566 1180 2611 in
1208 2565 1481 2628 virginitate
1514 2565 1654 2614 duret

43 2655 63 2666 ²·
90 2656 109 2676 ιι
154 2634 454 2696 suohabitu3
501 2637 686 2684 facilius
730 2636 812 2683 illa
855 2637 1023 2683 mulier
1066 2636 1339 2699 negabitur,
1387 2652 1522 2699 quam
1559 2638 1652 2684 ista

7 2750 9 2753 ,
38 2707 39 2711 ’
123 2723 152 2753 o
185 2705 424 2756 credetur.
470 2706 623 2754 Tanta
652 2714 727 2756 est
755 2705 877 2754 adeo
911 2706 1028 2755 fides
1059 2708 1251 2765 aetatis,
1284 2715 1335 2753 ut
1365 2723 1455 2754 uec
1487 2707 1651 2756 habitu

33 2826 41 2832 ,
79 2785 200 2824 ‘tn-m
229 2779 393 2842 possit.
458 2777 602 2837 Quid,
643 2776 768 2843 quod
798 2779 939 2826 etiam
969 2778 1059 2825 hae
1091 2787 1282 2825 nostrae
1315 2780 1456 2826 etiam
1487 2778 1650 2826 habitu

50 2849 523 2897 'utationemaetatis
553 2850 861 2907 confitentur,
910 2850 1135 2913 simulque
1174 2865 1225 2896 se
1255 2849 1477 2897 mulieres
1507 2850 1648 2897 intel-

49 2932 70 2955 -1
108 2928 258 2978 -runt‚
291 2918 350 2968 de
379 2920 638 2983 virginibus
669 2918 932 2968 educantur
962 2937 990 2967 a
1021 2922 1175 2984 capite
1210 2919 1396 2984 quidem
1428 2921 1531 2985 ipso
1563 2920 1646 2969 de-

49 2999 249 3038 nentes
281 2990 405 3055 quod
434 2992 646 3049 fuerunt3
693 3000 881 3039 vertunt
927 2991 1143 3056 capillum
1190 3000 1237 3039 et
1274 3008 1364 3040 acu
1396 2992 1644 3060 lasciviore

131 3162 176 3210 1)
191 3162 312 3200 Hanc
330 3162 546 3203 ctacconii
563 3165 849 3203 coniecturam
869 3164 1126 3204 auctoritate
1144 3165 1430 3204 confirmatam
1450 3166 1540 3203 cod.
1560 3166 1641 3203 [sr-

43 3215 312 3268 iprobavit
327 3220 480 3269 Rigalt.
494 3234 504 3270 3
538 3222 664 3271 vulgo
690 3222 713 3259 d
724 3234 745 3259 e
757 3222 840 3260 fen
852 3220 910 3260 du
923 3233 949 3259 u
959 3224 987 3260 t.
