<?xml version="1.0" encoding="UTF-8"?>
<!DOCTYPE html PUBLIC "-//W3C//DTD XHTML 1.0 Transitional//EN"
    "http://www.w3.org/TR/xhtml1/DTD/xhtml1-transitional.dtd">
<html xmlns="http://www.w3.org/1999/xhtml" xml:lang="en" lang="en">
 <head>
  <title>
</title>
<meta http-equiv="Content-Type" content="text/html;charset=utf-8" />
  <meta name='ocr-system' content='tesseract 3.04.00' />
  <meta name='ocr-capabilities' content='ocr_page ocr_carea ocr_par ocr_line ocrx_word'/>
</head>
<body>
  <div class='ocr_page' id='page_1' title='image "./operatert12tertuoft_0368.png"; bbox 0 0 1942 3554; ppageno 0'>
   <div class='ocr_carea' id='block_1_1' title="bbox 298 234 1594 291">
    <p class='ocr_par' dir='ltr' id='par_1_1' title="bbox 298 234 1594 291">
     <span class='ocr_line' id='line_1_1' title="bbox 298 234 1594 291; baseline 0.002 -9"><span class='ocrx_word' id='word_1_1' title='bbox 298 245 390 290; x_wconf 71' lang='lat' dir='ltr'><strong>on</strong></span> <span class='ocrx_word' id='word_1_2' title='bbox 618 244 702 282; x_wconf 86' lang='lat' dir='ltr'><strong>DE</strong></span> <span class='ocrx_word' id='word_1_3' title='bbox 734 244 942 282; x_wconf 82' lang='lat' dir='ltr'><strong>CULTU</strong></span> <span class='ocrx_word' id='word_1_4' title='bbox 971 242 1361 280; x_wconf 85' lang='lat' dir='ltr'><strong>FEM1NARUM</strong></span> <span class='ocrx_word' id='word_1_5' title='bbox 1396 242 1512 291; x_wconf 67' lang='lat' dir='ltr'><strong>nin</strong></span> <span class='ocrx_word' id='word_1_6' title='bbox 1541 234 1594 284; x_wconf 74' lang='grc' dir='ltr'><strong>ιι.</strong></span> 
     </span>
    </p>
   </div>
   <div class='ocr_carea' id='block_1_2' title="bbox 298 352 1942 2653">
    <p class='ocr_par' dir='ltr' id='par_1_2' title="bbox 298 352 1942 979">
     <span class='ocr_line' id='line_1_2' title="bbox 299 352 1931 434; baseline -0.005 -30"><span class='ocrx_word' id='word_1_7' title='bbox 299 358 510 422; x_wconf 86' lang='lat' dir='ltr'><strong>quaestui</strong></span> <span class='ocrx_word' id='word_1_8' title='bbox 541 353 735 414; x_wconf 66' lang='lat' dir='ltr'><strong>sedere,</strong></span> <span class='ocrx_word' id='word_1_9' title='bbox 767 354 910 412; x_wconf 85' lang='lat' dir='ltr'><strong>adeo,</strong></span> <span class='ocrx_word' id='word_1_10' title='bbox 946 355 1052 417; x_wconf 87' lang='lat' dir='ltr'><strong>quia</strong></span> <span class='ocrx_word' id='word_1_11' title='bbox 1083 354 1165 401; x_wconf 90' lang='lat' dir='ltr'><strong>sub</strong></span> <span class='ocrx_word' id='word_1_12' title='bbox 1195 355 1460 401; x_wconf 91' lang='lat' dir='ltr'><strong>velamento</strong></span> <span class='ocrx_word' id='word_1_13' title='bbox 1493 353 1692 410; x_wconf 84' lang='lat' dir='ltr'><strong>latebat,</strong></span> <span class='ocrx_word' id='word_1_14' title='bbox 1731 352 1931 434; x_wconf 51' lang='lat' dir='ltr'><strong>habitqf</strong></span> 
     </span>
     <span class='ocr_line' id='line_1_3' title="bbox 299 423 1942 490; baseline -0.003 -17"><span class='ocrx_word' id='word_1_15' title='bbox 299 428 522 490; x_wconf 83' lang='lat' dir='ltr'><strong>qualitate</strong></span> <span class='ocrx_word' id='word_1_16' title='bbox 555 426 897 487; x_wconf 83' lang='lat' dir='ltr'><strong>quaestuariam</strong></span> <span class='ocrx_word' id='word_1_17' title='bbox 928 425 1206 490; x_wconf 80' lang='lat' dir='ltr'>mentiente,</span> <span class='ocrx_word' id='word_1_18' title='bbox 1239 432 1288 471; x_wconf 88' lang='lat' dir='ltr'><strong>et</strong></span> <span class='ocrx_word' id='word_1_19' title='bbox 1317 424 1456 480; x_wconf 87' lang='lat' dir='ltr'><strong>fecit,</strong></span> <span class='ocrx_word' id='word_1_20' title='bbox 1494 432 1546 470; x_wconf 93' lang='lat' dir='ltr'><strong>ut</strong></span> <span class='ocrx_word' id='word_1_21' title='bbox 1575 423 1841 486; x_wconf 87' lang='lat' dir='ltr'><strong>quaestuari</strong></span> <span class='ocrx_word' id='word_1_22' title='bbox 1882 475 1890 482; x_wconf 80' lang='lat'><strong>..</strong></span> <span class='ocrx_word' id='word_1_23' title='bbox 1916 443 1942 471; x_wconf 61' lang='lat' dir='ltr'><strong>r</strong></span> 
     </span>
     <span class='ocr_line' id='line_1_4' title="bbox 298 490 1942 558; baseline -0.002 -16"><span class='ocrx_word' id='word_1_24' title='bbox 298 505 347 543; x_wconf 92' lang='lat' dir='ltr'><strong>et</strong></span> <span class='ocrx_word' id='word_1_25' title='bbox 375 496 524 542; x_wconf 84' lang='lat' dir='ltr'><strong>voluit</strong></span> <span class='ocrx_word' id='word_1_26' title='bbox 554 503 603 541; x_wconf 91' lang='lat' dir='ltr'><strong>et</strong></span> <span class='ocrx_word' id='word_1_27' title='bbox 634 495 933 558; x_wconf 83' lang='lat' dir='ltr'><strong>compellavit</strong></span> <span class='ocrx_word' id='word_1_28' title='bbox 963 502 1012 540; x_wconf 91' lang='lat' dir='ltr'><strong>et</strong></span> <span class='ocrx_word' id='word_1_29' title='bbox 1040 502 1206 557; x_wconf 87' lang='lat' dir='ltr'><strong>pactus</strong></span> <span class='ocrx_word' id='word_1_30' title='bbox 1237 495 1388 553; x_wconf 84' lang='lat' dir='ltr'><strong>est1).</strong></span> <span class='ocrx_word' id='word_1_31' title='bbox 1464 492 1596 540; x_wconf 85' lang='lat' dir='ltr'><strong>Unde</strong></span> <span class='ocrx_word' id='word_1_32' title='bbox 1635 490 1860 540; x_wconf 85' lang='lat' dir='ltr'><strong>addiscim</strong></span> <span class='ocrx_word' id='word_1_33' title='bbox 1915 508 1942 538; x_wconf 63' lang='grc'><strong>5·</strong></span> 
     </span>
     <span class='ocr_line' id='line_1_5' title="bbox 298 560 1917 644; baseline -0.002 -32"><span class='ocrx_word' id='word_1_34' title='bbox 298 564 444 613; x_wconf 88' lang='lat' dir='ltr'><strong>adve1</strong></span> <span class='ocrx_word' id='word_1_35' title='bbox 446 581 522 611; x_wconf 88' lang='lat' dir='ltr'><strong>sus</strong></span> <span class='ocrx_word' id='word_1_36' title='bbox 541 580 823 626; x_wconf 86' lang='lat' dir='ltr'><strong>congressus</strong></span> <span class='ocrx_word' id='word_1_37' title='bbox 842 565 981 611; x_wconf 87' lang='lat' dir='ltr'><strong>etiam</strong></span> <span class='ocrx_word' id='word_1_38' title='bbox 1000 572 1050 610; x_wconf 87' lang='lat' dir='ltr'><strong>et</strong></span> <span class='ocrx_word' id='word_1_39' title='bbox 1073 565 1365 644; x_wconf 84' lang='lat' dir='ltr'><strong>suspiciones</strong></span> <span class='ocrx_word' id='word_1_40' title='bbox 1387 562 1644 627; x_wconf 85' lang='lat' dir='ltr'><strong>impudicas</strong></span> <span class='ocrx_word' id='word_1_41' title='bbox 1667 560 1878 627; x_wconf 84' lang='lat' dir='ltr'><strong>provide</strong></span> <span class='ocrx_word' id='word_1_42' title='bbox 1914 565 1917 588; x_wconf 73' lang='lat'>³</span> 
     </span>
     <span class='ocr_line' id='line_1_6' title="bbox 299 632 1886 694; baseline -0.003 -12"><span class='ocrx_word' id='word_1_43' title='bbox 299 635 405 682; x_wconf 94' lang='lat' dir='ltr'><strong>dum</strong></span> <span class='ocrx_word' id='word_1_44' title='bbox 437 635 561 681; x_wconf 90' lang='lat' dir='ltr'><strong>omni</strong></span> <span class='ocrx_word' id='word_1_45' title='bbox 593 633 732 680; x_wconf 92' lang='lat' dir='ltr'><strong>modo</strong></span> <span class='ocrx_word' id='word_1_46' title='bbox 766 650 885 681; x_wconf 91' lang='lat' dir='ltr'><strong>esse.</strong></span> <span class='ocrx_word' id='word_1_47' title='bbox 965 633 1085 691; x_wconf 84' lang='lat' dir='ltr'><strong>Quid</strong></span> <span class='ocrx_word' id='word_1_48' title='bbox 1132 635 1254 680; x_wconf 90' lang='lat' dir='ltr'><strong>enim</strong></span> <span class='ocrx_word' id='word_1_49' title='bbox 1286 639 1444 680; x_wconf 80' lang='lat' dir='ltr'><strong>castae</strong></span> <span class='ocrx_word' id='word_1_50' title='bbox 1476 634 1643 680; x_wconf 83' lang='lat' dir='ltr'><strong>mentis</strong></span> <span class='ocrx_word' id='word_1_51' title='bbox 1673 632 1886 694; x_wconf 67' lang='lat' dir='ltr'><strong>integrit&#39;</strong></span> 
     </span>
     <span class='ocr_line' id='line_1_7' title="bbox 298 702 1856 767; baseline -0.002 -16"><span class='ocrx_word' id='word_1_52' title='bbox 298 706 345 752; x_wconf 93' lang='lat' dir='ltr'><strong>in</strong></span> <span class='ocrx_word' id='word_1_53' title='bbox 376 705 569 751; x_wconf 88' lang='lat' dir='ltr'><strong>alterius</strong></span> <span class='ocrx_word' id='word_1_54' title='bbox 600 706 867 767; x_wconf 85' lang='lat' dir='ltr'><strong>suspicione</strong></span> <span class='ocrx_word' id='word_1_55' title='bbox 898 705 1188 751; x_wconf 67' lang='lat' dir='ltr'><strong>maculatur?</strong></span> <span class='ocrx_word' id='word_1_56' title='bbox 1218 702 1326 765; x_wconf 90' lang='lat' dir='ltr'><strong>quid</strong></span> <span class='ocrx_word' id='word_1_57' title='bbox 1351 711 1567 765; x_wconf 84' lang='lat' dir='ltr'><strong>speratur</strong></span> <span class='ocrx_word' id='word_1_58' title='bbox 1595 703 1644 748; x_wconf 90' lang='lat' dir='ltr'><strong>in</strong></span> <span class='ocrx_word' id='word_1_59' title='bbox 1674 717 1764 758; x_wconf 89' lang='lat' dir='ltr'><strong>me,</strong></span> <span class='ocrx_word' id='word_1_60' title='bbox 1798 717 1856 764; x_wconf 90' lang='lat' dir='ltr'><strong>qu</strong></span> 
     </span>
     <span class='ocr_line' id='line_1_8' title="bbox 299 761 1942 837; baseline 0 -15"><span class='ocrx_word' id='word_1_61' title='bbox 299 777 524 822; x_wconf 78' lang='lat' dir='ltr'><strong>aversor?</strong></span> <span class='ocrx_word' id='word_1_62' title='bbox 583 773 692 837; x_wconf 91' lang='lat' dir='ltr'><strong>quid</strong></span> <span class='ocrx_word' id='word_1_63' title='bbox 723 791 816 819; x_wconf 93' lang='lat' dir='ltr'><strong>non</strong></span> <span class='ocrx_word' id='word_1_64' title='bbox 848 790 1003 820; x_wconf 91' lang='lat' dir='ltr'><strong>mores</strong></span> <span class='ocrx_word' id='word_1_65' title='bbox 1035 789 1165 820; x_wconf 91' lang='lat' dir='ltr'><strong>meos</strong></span> <span class='ocrx_word' id='word_1_66' title='bbox 1196 773 1380 819; x_wconf 87' lang='lat' dir='ltr'><strong>habitus</strong></span> <span class='ocrx_word' id='word_1_67' title='bbox 1411 773 1705 835; x_wconf 79' lang='lat' dir='ltr'><strong>pronuntiat,</strong></span> <span class='ocrx_word' id='word_1_68' title='bbox 1738 787 1796 818; x_wconf 91' lang='lat' dir='ltr'><strong>ne</strong></span> <span class='ocrx_word' id='word_1_69' title='bbox 1828 761 1942 837; x_wconf 61' lang='lat' dir='ltr'><strong>spii==</strong></span> 
     </span>
     <span class='ocr_line' id='line_1_9' title="bbox 298 839 1942 910; baseline -0.002 -19"><span class='ocrx_word' id='word_1_70' title='bbox 298 846 415 892; x_wconf 85' lang='lat' dir='ltr'><strong>ritus</strong></span> <span class='ocrx_word' id='word_1_71' title='bbox 460 859 547 907; x_wconf 88' lang='lat' dir='ltr'><strong>per</strong></span> <span class='ocrx_word' id='word_1_72' title='bbox 590 859 728 890; x_wconf 87' lang='lat' dir='ltr'><strong>aures</strong></span> <span class='ocrx_word' id='word_1_73' title='bbox 774 844 832 890; x_wconf 90' lang='lat' dir='ltr'><strong>ab</strong></span> <span class='ocrx_word' id='word_1_74' title='bbox 877 842 1164 905; x_wconf 86' lang='lat' dir='ltr'><strong>impudentia</strong></span> <span class='ocrx_word' id='word_1_75' title='bbox 1207 843 1544 889; x_wconf 82' lang='lat' dir='ltr'><strong>vulneretur?-</strong></span> <span class='ocrx_word' id='word_1_76' title='bbox 1567 841 1743 889; x_wconf 85' lang='lat' dir='ltr'><strong>Liceat</strong></span> <span class='ocrx_word' id='word_1_77' title='bbox 1770 839 1942 910; x_wconf 64' lang='grc' dir='ltr'><strong>17111θῂ1-</strong></span> 
     </span>
     <span class='ocr_line' id='line_1_10' title="bbox 298 911 1555 979; baseline -0.004 -18"><span class='ocrx_word' id='word_1_78' title='bbox 298 913 539 979; x_wconf 86' lang='lat' dir='ltr'><strong>pudicam,</strong></span> <span class='ocrx_word' id='word_1_79' title='bbox 573 922 704 960; x_wconf 89' lang='lat' dir='ltr'><strong>certe</strong></span> <span class='ocrx_word' id='word_1_80' title='bbox 736 911 1015 976; x_wconf 82' lang='lat' dir='ltr'><strong>impudicam</strong></span> <span class='ocrx_word' id='word_1_81' title='bbox 1046 928 1140 958; x_wconf 93' lang='lat' dir='ltr'><strong>non</strong></span> <span class='ocrx_word' id='word_1_82' title='bbox 1171 912 1284 959; x_wconf 86' lang='lat' dir='ltr'><strong>licet</strong></span> <span class='ocrx_word' id='word_1_83' title='bbox 1299 914 1363 972; x_wconf 85' lang='grc'><strong>2).</strong></span> <span class='ocrx_word' id='word_1_84' title='bbox 1551 919 1555 925; x_wconf 80' lang='grc'><strong>’</strong></span> 
     </span>
    </p>

    <p class='ocr_par' dir='ltr' id='par_1_3' title="bbox 301 980 1942 2653">
     <span class='ocr_line' id='line_1_11' title="bbox 448 980 1942 1045; baseline 0.001 -16"><span class='ocrx_word' id='word_1_85' title='bbox 448 989 526 1034; x_wconf 89' lang='grc'><strong>13.</strong></span> <span class='ocrx_word' id='word_1_86' title='bbox 586 981 759 1045; x_wconf 88' lang='lat' dir='ltr'><strong>Aliqua</strong></span> <span class='ocrx_word' id='word_1_87' title='bbox 804 983 1013 1029; x_wconf 86' lang='lat' dir='ltr'><strong>forsitan</strong></span> <span class='ocrx_word' id='word_1_88' title='bbox 1034 981 1184 1029; x_wconf 82' lang='lat' dir='ltr'><strong>dicat:</strong></span> <span class='ocrx_word' id='word_1_89' title='bbox 1231 998 1324 1028; x_wconf 93' lang='lat' dir='ltr'><strong>non</strong></span> <span class='ocrx_word' id='word_1_90' title='bbox 1356 989 1428 1028; x_wconf 87' lang='lat' dir='ltr'><strong>est</strong></span> <span class='ocrx_word' id='word_1_91' title='bbox 1457 980 1568 1028; x_wconf 91' lang='lat' dir='ltr'><strong>mihi</strong></span> <span class='ocrx_word' id='word_1_92' title='bbox 1606 981 1942 1031; x_wconf 62' lang='lat' dir='ltr'><strong>necessarium.</strong></span> 
     </span>
     <span class='ocr_line' id='line_1_12' title="bbox 301 1051 1942 1116; baseline -0.003 -16"><span class='ocrx_word' id='word_1_93' title='bbox 301 1054 564 1101; x_wconf 85' lang='lat' dir='ltr'><strong>hominibus</strong></span> <span class='ocrx_word' id='word_1_94' title='bbox 594 1053 809 1116; x_wconf 87' lang='lat' dir='ltr'><strong>probari,</strong></span> <span class='ocrx_word' id='word_1_95' title='bbox 842 1068 930 1099; x_wconf 88' lang='lat' dir='ltr'><strong>nec</strong></span> <span class='ocrx_word' id='word_1_96' title='bbox 955 1053 1078 1099; x_wconf 91' lang='lat' dir='ltr'><strong>enim</strong></span> <span class='ocrx_word' id='word_1_97' title='bbox 1102 1053 1418 1098; x_wconf 86' lang='lat' dir='ltr'><strong>testimonium</strong></span> <span class='ocrx_word' id='word_1_98' title='bbox 1442 1051 1677 1098; x_wconf 86' lang='lat' dir='ltr'><strong>hominum</strong></span> <span class='ocrx_word' id='word_1_99' title='bbox 1708 1051 1914 1114; x_wconf 84' lang='lat' dir='ltr'><strong>requiro:</strong></span> <span class='ocrx_word' id='word_1_100' title='bbox 1931 1070 1942 1091; x_wconf 67' lang='grc' dir='ltr'><em>ς</em></span> 
     </span>
     <span class='ocr_line' id='line_1_13' title="bbox 303 1120 1942 1185; baseline -0.002 -15"><span class='ocrx_word' id='word_1_101' title='bbox 303 1123 417 1170; x_wconf 91' lang='lat' dir='ltr'><strong>deus</strong></span> <span class='ocrx_word' id='word_1_102' title='bbox 451 1131 736 1185; x_wconf 88' lang='lat' dir='ltr'><strong>conspector</strong></span> <span class='ocrx_word' id='word_1_103' title='bbox 765 1130 838 1168; x_wconf 89' lang='lat' dir='ltr'><strong>est</strong></span> <span class='ocrx_word' id='word_1_104' title='bbox 868 1121 1026 1168; x_wconf 86' lang='lat' dir='ltr'><strong>cordis</strong></span> <span class='ocrx_word' id='word_1_105' title='bbox 1041 1123 1105 1180; x_wconf 84' lang='lat'><strong>³).</strong></span> <span class='ocrx_word' id='word_1_106' title='bbox 1142 1120 1324 1168; x_wconf 88' lang='lat' dir='ltr'><strong>Scimus</strong></span> <span class='ocrx_word' id='word_1_107' title='bbox 1349 1137 1525 1179; x_wconf 89' lang='lat' dir='ltr'><strong>omnes,</strong></span> <span class='ocrx_word' id='word_1_108' title='bbox 1560 1135 1663 1168; x_wconf 89' lang='lat' dir='ltr'><strong>cum</strong></span> <span class='ocrx_word' id='word_1_109' title='bbox 1687 1123 1840 1168; x_wconf 77' lang='lat' dir='ltr'><strong>tani’en</strong></span> <span class='ocrx_word' id='word_1_110' title='bbox 1858 1122 1914 1180; x_wconf 74' lang='lat'><strong>4).</strong></span> <span class='ocrx_word' id='word_1_111' title='bbox 1932 1159 1942 1165; x_wconf 75' lang='grc'><strong>.</strong></span> 
     </span>
     <span class='ocr_line' id='line_1_14' title="bbox 304 1190 1942 1256; baseline -0.001 -17"><span class='ocrx_word' id='word_1_112' title='bbox 304 1192 413 1256; x_wconf 90' lang='lat' dir='ltr'><strong>quid</strong></span> <span class='ocrx_word' id='word_1_113' title='bbox 443 1191 567 1239; x_wconf 91' lang='lat' dir='ltr'><strong>idem</strong></span> <span class='ocrx_word' id='word_1_114' title='bbox 597 1207 685 1254; x_wconf 90' lang='lat' dir='ltr'><strong>per</strong></span> <span class='ocrx_word' id='word_1_115' title='bbox 714 1191 976 1254; x_wconf 88' lang='lat' dir='ltr'><strong>apostolum</strong></span> <span class='ocrx_word' id='word_1_116' title='bbox 1008 1190 1202 1248; x_wconf 82' lang='lat' dir='ltr'><strong>dixerit,</strong></span> <span class='ocrx_word' id='word_1_117' title='bbox 1242 1190 1571 1238; x_wconf 83' lang='lat' dir='ltr'><strong>recordemur:</strong></span> <span class='ocrx_word' id='word_1_118' title='bbox 1618 1191 1816 1255; x_wconf 87' lang='lat' dir='ltr'><strong>probum</strong></span> <span class='ocrx_word' id='word_1_119' title='bbox 1844 1204 1942 1237; x_wconf 79' lang='lat' dir='ltr'><strong>ve·-</strong></span> 
     </span>
     <span class='ocr_line' id='line_1_15' title="bbox 304 1259 1942 1324; baseline -0.001 -15"><span class='ocrx_word' id='word_1_120' title='bbox 304 1271 447 1310; x_wconf 84' lang='lat' dir='ltr'><strong>strum</strong></span> <span class='ocrx_word' id='word_1_121' title='bbox 481 1278 639 1309; x_wconf 88' lang='lat' dir='ltr'><strong>coram</strong></span> <span class='ocrx_word' id='word_1_122' title='bbox 671 1260 933 1308; x_wconf 91' lang='lat' dir='ltr'><strong>hominibus</strong></span> <span class='ocrx_word' id='word_1_123' title='bbox 965 1269 1192 1324; x_wconf 85' lang='lat' dir='ltr'><strong>appareat</strong></span> <span class='ocrx_word' id='word_1_124' title='bbox 1207 1263 1270 1321; x_wconf 87' lang='lat'><strong>⁵).</strong></span> <span class='ocrx_word' id='word_1_125' title='bbox 1344 1259 1422 1308; x_wconf 91' lang='lat' dir='ltr'><strong>Ad</strong></span> <span class='ocrx_word' id='word_1_126' title='bbox 1453 1259 1584 1324; x_wconf 87' lang='lat' dir='ltr'><strong>quid,</strong></span> <span class='ocrx_word' id='word_1_127' title='bbox 1631 1262 1720 1307; x_wconf 89' lang='lat' dir='ltr'><strong>nisi</strong></span> <span class='ocrx_word' id='word_1_128' title='bbox 1750 1269 1801 1307; x_wconf 86' lang='lat' dir='ltr'><strong>ut</strong></span> <span class='ocrx_word' id='word_1_129' title='bbox 1830 1259 1942 1308; x_wconf 63' lang='lat' dir='ltr'><strong>mil-1³</strong></span> 
     </span>
     <span class='ocr_line' id='line_1_16' title="bbox 303 1330 1942 1388; baseline -0.002 -9"><span class='ocrx_word' id='word_1_130' title='bbox 303 1333 404 1379; x_wconf 86' lang='lat' dir='ltr'><strong>litia</strong></span> <span class='ocrx_word' id='word_1_131' title='bbox 435 1330 494 1378; x_wconf 85' lang='lat' dir='ltr'><strong>ad</strong></span> <span class='ocrx_word' id='word_1_132' title='bbox 524 1347 607 1378; x_wconf 91' lang='lat' dir='ltr'><strong>vos</strong></span> <span class='ocrx_word' id='word_1_133' title='bbox 638 1347 883 1378; x_wconf 83' lang='lat' dir='ltr'><strong>accessum</strong></span> <span class='ocrx_word' id='word_1_134' title='bbox 917 1333 1103 1378; x_wconf 92' lang='lat' dir='ltr'><strong>omnino</strong></span> <span class='ocrx_word' id='word_1_135' title='bbox 1135 1347 1230 1378; x_wconf 92' lang='lat' dir='ltr'><strong>non</strong></span> <span class='ocrx_word' id='word_1_136' title='bbox 1273 1331 1469 1388; x_wconf 87' lang='lat' dir='ltr'><strong>habeat,</strong></span> <span class='ocrx_word' id='word_1_137' title='bbox 1517 1339 1566 1379; x_wconf 90' lang='lat' dir='ltr'><strong>et</strong></span> <span class='ocrx_word' id='word_1_138' title='bbox 1607 1339 1660 1378; x_wconf 90' lang='lat' dir='ltr'><strong>ut</strong></span> <span class='ocrx_word' id='word_1_139' title='bbox 1703 1330 1851 1379; x_wconf 73' lang='lat' dir='ltr'><strong>malis,</strong></span> <span class='ocrx_word' id='word_1_140' title='bbox 1878 1332 1942 1378; x_wconf 45' lang='lat' dir='ltr'><strong>eff</strong></span> 
     </span>
     <span class='ocr_line' id='line_1_17' title="bbox 304 1400 1942 1466; baseline -0.002 -16"><span class='ocrx_word' id='word_1_141' title='bbox 304 1403 520 1465; x_wconf 88' lang='lat' dir='ltr'><strong>exemplo</strong></span> <span class='ocrx_word' id='word_1_142' title='bbox 554 1410 603 1448; x_wconf 92' lang='lat' dir='ltr'><strong>et</strong></span> <span class='ocrx_word' id='word_1_143' title='bbox 633 1402 902 1453; x_wconf 87' lang='lat' dir='ltr'><strong>testimonio</strong></span> <span class='ocrx_word' id='word_1_144' title='bbox 934 1403 1065 1448; x_wconf 80' lang='lat' dir='ltr'><strong>sitis?</strong></span> <span class='ocrx_word' id='word_1_145' title='bbox 1121 1400 1219 1448; x_wconf 87' lang='lat' dir='ltr'><strong>Aut</strong></span> <span class='ocrx_word' id='word_1_146' title='bbox 1250 1401 1360 1465; x_wconf 86' lang='lat' dir='ltr'><strong>quid</strong></span> <span class='ocrx_word' id='word_1_147' title='bbox 1405 1410 1500 1460; x_wconf 85' lang='lat' dir='ltr'><strong>est3</strong></span> <span class='ocrx_word' id='word_1_148' title='bbox 1547 1401 1738 1448; x_wconf 86' lang='lat' dir='ltr'><strong>luceant</strong></span> <span class='ocrx_word' id='word_1_149' title='bbox 1783 1410 1942 1466; x_wconf 59' lang='lat' dir='ltr'><strong>operat</strong></span> 
     </span>
     <span class='ocr_line' id='line_1_18' title="bbox 302 1469 1942 1534; baseline -0.002 -15"><span class='ocrx_word' id='word_1_150' title='bbox 302 1475 491 1519; x_wconf 86' lang='lat' dir='ltr'><strong>vestra?</strong></span> <span class='ocrx_word' id='word_1_151' title='bbox 547 1470 645 1518; x_wconf 89' lang='lat' dir='ltr'><strong>Aut</strong></span> <span class='ocrx_word' id='word_1_152' title='bbox 676 1470 785 1534; x_wconf 94' lang='lat' dir='ltr'><strong>quid</strong></span> <span class='ocrx_word' id='word_1_153' title='bbox 817 1487 902 1518; x_wconf 91' lang='lat' dir='ltr'><strong>nos</strong></span> <span class='ocrx_word' id='word_1_154' title='bbox 936 1470 1148 1518; x_wconf 90' lang='lat' dir='ltr'><strong>dominus</strong></span> <span class='ocrx_word' id='word_1_155' title='bbox 1180 1472 1335 1519; x_wconf 91' lang='lat' dir='ltr'><strong>lumen</strong></span> <span class='ocrx_word' id='word_1_156' title='bbox 1365 1480 1524 1519; x_wconf 91' lang='lat' dir='ltr'><strong>terrae</strong></span> <span class='ocrx_word' id='word_1_157' title='bbox 1553 1472 1774 1519; x_wconf 82' lang='lat' dir='ltr'><strong>vocavit?</strong></span> <span class='ocrx_word' id='word_1_158' title='bbox 1819 1469 1942 1534; x_wconf 60' lang='lat' dir='ltr'><strong>quio-l.</strong></span> 
     </span>
     <span class='ocr_line' id='line_1_19' title="bbox 305 1541 1942 1606; baseline -0.001 -16"><span class='ocrx_word' id='word_1_159' title='bbox 305 1543 485 1597; x_wconf 88' lang='lat' dir='ltr'><strong>civitati</strong></span> <span class='ocrx_word' id='word_1_160' title='bbox 517 1557 656 1604; x_wconf 90' lang='lat' dir='ltr'><strong>supra</strong></span> <span class='ocrx_word' id='word_1_161' title='bbox 687 1550 891 1589; x_wconf 89' lang='lat' dir='ltr'><strong>montem</strong></span> <span class='ocrx_word' id='word_1_162' title='bbox 924 1543 1207 1589; x_wconf 87' lang='lat' dir='ltr'><strong>constitutae</strong></span> <span class='ocrx_word' id='word_1_163' title='bbox 1242 1543 1532 1606; x_wconf 79' lang='lat' dir='ltr'><strong>comparavit</strong></span> <span class='ocrx_word' id='word_1_164' title='bbox 1545 1541 1618 1602; x_wconf 77' lang='lat'><strong>⁶),</strong></span> <span class='ocrx_word' id='word_1_165' title='bbox 1658 1542 1697 1588; x_wconf 92' lang='lat' dir='ltr'><strong>si</strong></span> <span class='ocrx_word' id='word_1_166' title='bbox 1729 1557 1822 1587; x_wconf 93' lang='lat' dir='ltr'><strong>non</strong></span> <span class='ocrx_word' id='word_1_167' title='bbox 1852 1555 1942 1588; x_wconf 79' lang='lat' dir='ltr'><strong>re·-</strong></span> 
     </span>
     <span class='ocr_line' id='line_1_20' title="bbox 304 1605 1942 1671; baseline -0.001 -12"><span class='ocrx_word' id='word_1_168' title='bbox 304 1613 513 1659; x_wconf 88' lang='lat' dir='ltr'><strong>lucemus</strong></span> <span class='ocrx_word' id='word_1_169' title='bbox 559 1612 683 1658; x_wconf 88' lang='lat' dir='ltr'><strong>inter</strong></span> <span class='ocrx_word' id='word_1_170' title='bbox 728 1612 1006 1659; x_wconf 89' lang='lat' dir='ltr'><strong>tenebrosos</strong></span> <span class='ocrx_word' id='word_1_171' title='bbox 1023 1613 1069 1671; x_wconf 78' lang='lat'><strong>⁷)</strong></span> <span class='ocrx_word' id='word_1_172' title='bbox 1118 1621 1167 1659; x_wconf 87' lang='lat' dir='ltr'><strong>et</strong></span> <span class='ocrx_word' id='word_1_173' title='bbox 1211 1621 1445 1659; x_wconf 89' lang='lat' dir='ltr'><strong>exstamus</strong></span> <span class='ocrx_word' id='word_1_174' title='bbox 1489 1613 1615 1659; x_wconf 92' lang='lat' dir='ltr'><strong>inter</strong></span> <span class='ocrx_word' id='word_1_175' title='bbox 1659 1605 1942 1658; x_wconf 71' lang='lat' dir='ltr'><strong>demersos*-</strong></span> 
     </span>
     <span class='ocr_line' id='line_1_21' title="bbox 305 1679 1942 1738; baseline 0 -10"><span class='ocrx_word' id='word_1_176' title='bbox 305 1680 357 1728; x_wconf 86' lang='lat' dir='ltr'><strong>Si</strong></span> <span class='ocrx_word' id='word_1_177' title='bbox 389 1683 628 1728; x_wconf 90' lang='lat' dir='ltr'><strong>lucernam</strong></span> <span class='ocrx_word' id='word_1_178' title='bbox 659 1690 784 1728; x_wconf 86' lang='lat' dir='ltr'><strong>tuam</strong></span> <span class='ocrx_word' id='word_1_179' title='bbox 817 1681 898 1728; x_wconf 89' lang='lat' dir='ltr'><strong>sub</strong></span> <span class='ocrx_word' id='word_1_180' title='bbox 931 1681 1134 1730; x_wconf 92' lang='lat' dir='ltr'><strong>modium</strong></span> <span class='ocrx_word' id='word_1_181' title='bbox 1165 1682 1471 1738; x_wconf 82' lang='lat' dir='ltr'><strong>abstruseris,</strong></span> <span class='ocrx_word' id='word_1_182' title='bbox 1519 1683 1566 1727; x_wconf 92' lang='lat' dir='ltr'><strong>in</strong></span> <span class='ocrx_word' id='word_1_183' title='bbox 1605 1681 1814 1728; x_wconf 88' lang='lat' dir='ltr'><strong>tenebris</strong></span> <span class='ocrx_word' id='word_1_184' title='bbox 1846 1679 1942 1728; x_wconf 44' lang='lat' dir='ltr'><strong>def·</strong></span> 
     </span>
     <span class='ocr_line' id='line_1_22' title="bbox 304 1743 1942 1814; baseline -0.002 -16"><span class='ocrx_word' id='word_1_185' title='bbox 304 1752 474 1799; x_wconf 89' lang='lat' dir='ltr'><strong>relicta</strong></span> <span class='ocrx_word' id='word_1_186' title='bbox 518 1768 545 1798; x_wconf 89' lang='lat' dir='ltr'><strong>a</strong></span> <span class='ocrx_word' id='word_1_187' title='bbox 583 1752 737 1798; x_wconf 87' lang='lat' dir='ltr'><strong>multis</strong></span> <span class='ocrx_word' id='word_1_188' title='bbox 776 1753 1031 1798; x_wconf 88' lang='lat' dir='ltr'><strong>incurseris</strong></span> <span class='ocrx_word' id='word_1_189' title='bbox 1062 1767 1258 1799; x_wconf 87' lang='lat' dir='ltr'><strong>necesse</strong></span> <span class='ocrx_word' id='word_1_190' title='bbox 1298 1760 1384 1799; x_wconf 89' lang='lat' dir='ltr'><strong>est.</strong></span> <span class='ocrx_word' id='word_1_191' title='bbox 1462 1751 1591 1798; x_wconf 88' lang='lat' dir='ltr'><strong>Haec</strong></span> <span class='ocrx_word' id='word_1_192' title='bbox 1637 1759 1762 1807; x_wconf 91' lang='lat' dir='ltr'><strong>sunt,</strong></span> <span class='ocrx_word' id='word_1_193' title='bbox 1811 1743 1942 1814; x_wconf 49' lang='lat' dir='ltr'><strong>quavi</strong></span> 
     </span>
     <span class='ocr_line' id='line_1_23' title="bbox 304 1820 1942 1877; baseline -0.002 -9"><span class='ocrx_word' id='word_1_194' title='bbox 304 1838 390 1868; x_wconf 92' lang='lat' dir='ltr'><strong>nos</strong></span> <span class='ocrx_word' id='word_1_195' title='bbox 422 1823 667 1868; x_wconf 85' lang='lat' dir='ltr'><strong>luminaria</strong></span> <span class='ocrx_word' id='word_1_196' title='bbox 698 1821 855 1868; x_wconf 91' lang='lat' dir='ltr'><strong>mundi</strong></span> <span class='ocrx_word' id='word_1_197' title='bbox 885 1822 1087 1877; x_wconf 86' lang='lat' dir='ltr'><strong>faciunt,</strong></span> <span class='ocrx_word' id='word_1_198' title='bbox 1119 1822 1245 1868; x_wconf 87' lang='lat' dir='ltr'><strong>bona</strong></span> <span class='ocrx_word' id='word_1_199' title='bbox 1275 1823 1462 1868; x_wconf 79' lang='lat' dir='ltr'><strong>scilicet</strong></span> <span class='ocrx_word' id='word_1_200' title='bbox 1499 1829 1674 1867; x_wconf 85' lang='lat' dir='ltr'><strong>nostra.</strong></span> <span class='ocrx_word' id='word_1_201' title='bbox 1750 1820 1926 1866; x_wconf 85' lang='lat' dir='ltr'><strong>Bonun</strong></span> <span class='ocrx_word' id='word_1_202' title='bbox 1921 1838 1942 1865; x_wconf 83' lang='grc'><strong>1</strong></span> 
     </span>
     <span class='ocr_line' id='line_1_24' title="bbox 305 1887 1942 1954; baseline -0.001 -16"><span class='ocrx_word' id='word_1_203' title='bbox 305 1901 482 1948; x_wconf 87' lang='lat' dir='ltr'><strong>autem,</strong></span> <span class='ocrx_word' id='word_1_204' title='bbox 517 1890 758 1938; x_wconf 81' lang='lat' dir='ltr'><strong>dumtaxat</strong></span> <span class='ocrx_word' id='word_1_205' title='bbox 786 1907 947 1938; x_wconf 87' lang='lat' dir='ltr'><strong>verum</strong></span> <span class='ocrx_word' id='word_1_206' title='bbox 979 1900 1027 1938; x_wconf 86' lang='lat' dir='ltr'><strong>et</strong></span> <span class='ocrx_word' id='word_1_207' title='bbox 1056 1891 1265 1954; x_wconf 88' lang='lat' dir='ltr'><strong>plenum,</strong></span> <span class='ocrx_word' id='word_1_208' title='bbox 1298 1908 1391 1938; x_wconf 91' lang='lat' dir='ltr'><strong>non</strong></span> <span class='ocrx_word' id='word_1_209' title='bbox 1423 1900 1549 1940; x_wconf 85' lang='lat' dir='ltr'><strong>amat</strong></span> <span class='ocrx_word' id='word_1_210' title='bbox 1571 1891 1813 1946; x_wconf 85' lang='lat' dir='ltr'><strong>tenebras,</strong></span> <span class='ocrx_word' id='word_1_211' title='bbox 1847 1887 1942 1937; x_wconf 60' lang='lat' dir='ltr'><strong>secl</strong></span> 
     </span>
     <span class='ocr_line' id='line_1_25' title="bbox 306 1959 1942 2024; baseline -0.001 -16"><span class='ocrx_word' id='word_1_212' title='bbox 306 1961 481 2024; x_wconf 86' lang='lat' dir='ltr'><strong>gaudet</strong></span> <span class='ocrx_word' id='word_1_213' title='bbox 510 1960 660 2008; x_wconf 89' lang='lat' dir='ltr'><strong>videri</strong></span> <span class='ocrx_word' id='word_1_214' title='bbox 695 1970 744 2008; x_wconf 88' lang='lat' dir='ltr'><strong>et</strong></span> <span class='ocrx_word' id='word_1_215' title='bbox 773 1963 874 2024; x_wconf 92' lang='lat' dir='ltr'><strong>ipsa</strong></span> <span class='ocrx_word' id='word_1_216' title='bbox 906 1960 1211 2008; x_wconf 86' lang='lat' dir='ltr'><strong>denotatione</strong></span> <span class='ocrx_word' id='word_1_217' title='bbox 1243 1962 1312 2008; x_wconf 91' lang='lat' dir='ltr'><strong>sui</strong></span> <span class='ocrx_word' id='word_1_218' title='bbox 1339 1962 1542 2008; x_wconf 85' lang='lat' dir='ltr'><strong>exsultat</strong></span> <span class='ocrx_word' id='word_1_219' title='bbox 1557 1962 1621 2020; x_wconf 79' lang='lat'><strong>⁸).</strong></span> <span class='ocrx_word' id='word_1_220' title='bbox 1668 1959 1942 2007; x_wconf 78' lang='lat' dir='ltr'><strong>Pudicitia·-</strong></span> 
     </span>
     <span class='ocr_line' id='line_1_26' title="bbox 307 2030 1942 2088; baseline -0.002 -10"><span class='ocrx_word' id='word_1_221' title='bbox 307 2033 602 2078; x_wconf 88' lang='lat' dir='ltr'><strong>Christianae</strong></span> <span class='ocrx_word' id='word_1_222' title='bbox 635 2032 747 2078; x_wconf 87' lang='lat' dir='ltr'><strong>satis</strong></span> <span class='ocrx_word' id='word_1_223' title='bbox 779 2048 871 2077; x_wconf 94' lang='lat' dir='ltr'><strong>non</strong></span> <span class='ocrx_word' id='word_1_224' title='bbox 905 2040 976 2078; x_wconf 87' lang='lat' dir='ltr'><strong>est</strong></span> <span class='ocrx_word' id='word_1_225' title='bbox 1007 2047 1135 2088; x_wconf 82' lang='lat' dir='ltr'><strong>esse,</strong></span> <span class='ocrx_word' id='word_1_226' title='bbox 1165 2039 1325 2078; x_wconf 84' lang='lat' dir='ltr'><strong>verum</strong></span> <span class='ocrx_word' id='word_1_227' title='bbox 1352 2040 1400 2078; x_wconf 93' lang='lat' dir='ltr'><strong>et</strong></span> <span class='ocrx_word' id='word_1_228' title='bbox 1421 2030 1589 2079; x_wconf 85' lang='lat' dir='ltr'><strong>videri.</strong></span> <span class='ocrx_word' id='word_1_229' title='bbox 1636 2031 1785 2078; x_wconf 88' lang='lat' dir='ltr'><strong>Tanta</strong></span> <span class='ocrx_word' id='word_1_230' title='bbox 1810 2030 1942 2076; x_wconf 67' lang='lat' dir='ltr'><strong>enim</strong></span> 
     </span>
     <span class='ocr_line' id='line_1_27' title="bbox 306 2098 1942 2164; baseline -0.001 -15"><span class='ocrx_word' id='word_1_231' title='bbox 306 2102 450 2149; x_wconf 90' lang='lat' dir='ltr'><strong>debet</strong></span> <span class='ocrx_word' id='word_1_232' title='bbox 481 2117 584 2148; x_wconf 91' lang='lat' dir='ltr'><strong>esse</strong></span> <span class='ocrx_word' id='word_1_233' title='bbox 615 2100 858 2164; x_wconf 89' lang='lat' dir='ltr'><strong>plenitudo</strong></span> <span class='ocrx_word' id='word_1_234' title='bbox 891 2102 1013 2158; x_wconf 90' lang='lat' dir='ltr'><strong>eius,</strong></span> <span class='ocrx_word' id='word_1_235' title='bbox 1061 2109 1111 2148; x_wconf 91' lang='lat' dir='ltr'><strong>ut</strong></span> <span class='ocrx_word' id='word_1_236' title='bbox 1156 2110 1342 2148; x_wconf 87' lang='lat' dir='ltr'><strong>emanet</strong></span> <span class='ocrx_word' id='word_1_237' title='bbox 1373 2101 1430 2149; x_wconf 91' lang='lat' dir='ltr'><strong>ab</strong></span> <span class='ocrx_word' id='word_1_238' title='bbox 1463 2098 1616 2147; x_wconf 92' lang='lat' dir='ltr'><strong>animo</strong></span> <span class='ocrx_word' id='word_1_239' title='bbox 1648 2102 1694 2147; x_wconf 91' lang='lat' dir='ltr'><strong>in</strong></span> <span class='ocrx_word' id='word_1_240' title='bbox 1725 2100 1942 2147; x_wconf 72' lang='lat' dir='ltr'><strong>habitunt</strong></span> 
     </span>
     <span class='ocr_line' id='line_1_28' title="bbox 306 2163 1942 2234; baseline -0.002 -16"><span class='ocrx_word' id='word_1_241' title='bbox 306 2180 355 2218; x_wconf 89' lang='lat' dir='ltr'><strong>et</strong></span> <span class='ocrx_word' id='word_1_242' title='bbox 387 2180 572 2218; x_wconf 88' lang='lat' dir='ltr'><strong>eructet</strong></span> <span class='ocrx_word' id='word_1_243' title='bbox 602 2188 629 2217; x_wconf 89' lang='lat' dir='ltr'><strong>a</strong></span> <span class='ocrx_word' id='word_1_244' title='bbox 662 2172 952 2218; x_wconf 85' lang='lat' dir='ltr'><strong>conscientia</strong></span> <span class='ocrx_word' id='word_1_245' title='bbox 984 2172 1031 2216; x_wconf 92' lang='lat' dir='ltr'><strong>in</strong></span> <span class='ocrx_word' id='word_1_246' title='bbox 1063 2171 1382 2234; x_wconf 90' lang='lat' dir='ltr'><strong>superficiem,</strong></span> <span class='ocrx_word' id='word_1_247' title='bbox 1415 2180 1466 2217; x_wconf 89' lang='lat' dir='ltr'><strong>ut</strong></span> <span class='ocrx_word' id='word_1_248' title='bbox 1496 2179 1544 2217; x_wconf 89' lang='lat' dir='ltr'><strong>et</strong></span> <span class='ocrx_word' id='word_1_249' title='bbox 1574 2172 1689 2217; x_wconf 87' lang='lat' dir='ltr'><strong>foris</strong></span> <span class='ocrx_word' id='word_1_250' title='bbox 1714 2163 1942 2232; x_wconf 74' lang='lat' dir='ltr'><strong>inspic‘ial</strong></span> 
     </span>
     <span class='ocr_line' id='line_1_29' title="bbox 307 2238 1942 2304; baseline -0.001 -17"><span class='ocrx_word' id='word_1_251' title='bbox 307 2242 437 2304; x_wconf 85' lang='lat' dir='ltr'><strong>quasi</strong></span> <span class='ocrx_word' id='word_1_252' title='bbox 469 2241 808 2303; x_wconf 89' lang='lat' dir='ltr'><strong>supellectilem</strong></span> <span class='ocrx_word' id='word_1_253' title='bbox 843 2256 994 2296; x_wconf 85' lang='lat' dir='ltr'><strong>suam,</strong></span> <span class='ocrx_word' id='word_1_254' title='bbox 1029 2256 1146 2303; x_wconf 85' lang='lat' dir='ltr'><strong>quae</strong></span> <span class='ocrx_word' id='word_1_255' title='bbox 1180 2243 1432 2288; x_wconf 85' lang='lat' dir='ltr'><strong>conveniat</strong></span> <span class='ocrx_word' id='word_1_256' title='bbox 1469 2239 1579 2286; x_wconf 89' lang='lat' dir='ltr'><strong>fidei</strong></span> <span class='ocrx_word' id='word_1_257' title='bbox 1612 2238 1942 2304; x_wconf 56' lang='lat' dir='ltr'><strong>continendam!</strong></span> 
     </span>
     <span class='ocr_line' id='line_1_30' title="bbox 305 2309 1942 2373; baseline 0.001 -16"><span class='ocrx_word' id='word_1_258' title='bbox 305 2312 353 2358; x_wconf 89' lang='lat' dir='ltr'><strong>in</strong></span> <span class='ocrx_word' id='word_1_259' title='bbox 398 2318 690 2373; x_wconf 86' lang='lat' dir='ltr'><strong>perpetuum.</strong></span> <span class='ocrx_word' id='word_1_260' title='bbox 766 2309 1102 2356; x_wconf 85' lang='lat' dir='ltr'><strong>Discutiendae</strong></span> <span class='ocrx_word' id='word_1_261' title='bbox 1149 2311 1271 2356; x_wconf 92' lang='lat' dir='ltr'><strong>enim</strong></span> <span class='ocrx_word' id='word_1_262' title='bbox 1317 2319 1423 2356; x_wconf 92' lang='lat' dir='ltr'><strong>sunt</strong></span> <span class='ocrx_word' id='word_1_263' title='bbox 1477 2309 1691 2366; x_wconf 85' lang='lat' dir='ltr'><strong>delitiae,</strong></span> <span class='ocrx_word' id='word_1_264' title='bbox 1740 2311 1942 2371; x_wconf 66' lang='grc'><strong>(1111111111</strong></span> 
     </span>
     <span class='ocr_line' id='line_1_31' title="bbox 306 2377 1942 2442; baseline -0.002 -15"><span class='ocrx_word' id='word_1_265' title='bbox 306 2381 503 2428; x_wconf 88' lang='lat' dir='ltr'><strong>mollitia</strong></span> <span class='ocrx_word' id='word_1_266' title='bbox 548 2388 597 2427; x_wconf 86' lang='lat' dir='ltr'><strong>et</strong></span> <span class='ocrx_word' id='word_1_267' title='bbox 639 2381 764 2426; x_wconf 86' lang='lat' dir='ltr'><strong>fluxu</strong></span> <span class='ocrx_word' id='word_1_268' title='bbox 810 2378 919 2426; x_wconf 88' lang='lat' dir='ltr'><strong>fidei</strong></span> <span class='ocrx_word' id='word_1_269' title='bbox 962 2381 1108 2426; x_wconf 87' lang='lat' dir='ltr'><strong>virtus</strong></span> <span class='ocrx_word' id='word_1_270' title='bbox 1155 2379 1415 2426; x_wconf 86' lang='lat' dir='ltr'><strong>effeminari</strong></span> <span class='ocrx_word' id='word_1_271' title='bbox 1459 2387 1631 2442; x_wconf 88' lang='lat' dir='ltr'><strong>potest.</strong></span> <span class='ocrx_word' id='word_1_272' title='bbox 1710 2377 1942 2439; x_wconf 62' lang='lat' dir='ltr'><strong>Ceterurq&#39;</strong></span> 
     </span>
     <span class='ocr_line' id='line_1_32' title="bbox 307 2447 1905 2512; baseline -0.001 -16"><span class='ocrx_word' id='word_1_273' title='bbox 307 2451 468 2497; x_wconf 89' lang='lat' dir='ltr'><strong>nescio</strong></span> <span class='ocrx_word' id='word_1_274' title='bbox 501 2467 559 2496; x_wconf 87' lang='lat' dir='ltr'><strong>an</strong></span> <span class='ocrx_word' id='word_1_275' title='bbox 590 2466 750 2496; x_wconf 87' lang='lat' dir='ltr'><strong>manus</strong></span> <span class='ocrx_word' id='word_1_276' title='bbox 781 2450 980 2512; x_wconf 85' lang='lat' dir='ltr'><strong>spatalio</strong></span> <span class='ocrx_word' id='word_1_277' title='bbox 1015 2448 1295 2496; x_wconf 87' lang='lat' dir='ltr'><strong>circumdari</strong></span> <span class='ocrx_word' id='word_1_278' title='bbox 1341 2450 1479 2497; x_wconf 89' lang='lat' dir='ltr'><strong>solita</strong></span> <span class='ocrx_word' id='word_1_279' title='bbox 1518 2450 1566 2495; x_wconf 92' lang='lat' dir='ltr'><strong>in</strong></span> <span class='ocrx_word' id='word_1_280' title='bbox 1598 2447 1769 2495; x_wconf 85' lang='lat' dir='ltr'><strong>duritia</strong></span> <span class='ocrx_word' id='word_1_281' title='bbox 1802 2456 1905 2495; x_wconf 88' lang='lat' dir='ltr'><strong>cate</strong></span> 
     </span>
     <span class='ocr_line' id='line_1_33' title="bbox 307 2517 1904 2583; baseline -0.001 -17"><span class='ocrx_word' id='word_1_282' title='bbox 307 2536 395 2567; x_wconf 89' lang='lat' dir='ltr'><strong>nae</strong></span> <span class='ocrx_word' id='word_1_283' title='bbox 428 2528 701 2583; x_wconf 89' lang='lat' dir='ltr'><strong>stupescere</strong></span> <span class='ocrx_word' id='word_1_284' title='bbox 734 2520 976 2566; x_wconf 83' lang='lat' dir='ltr'><strong>sustineat.</strong></span> <span class='ocrx_word' id='word_1_285' title='bbox 1051 2518 1230 2566; x_wconf 88' lang='lat' dir='ltr'><strong>Nescio</strong></span> <span class='ocrx_word' id='word_1_286' title='bbox 1277 2535 1335 2567; x_wconf 85' lang='lat' dir='ltr'><strong>an</strong></span> <span class='ocrx_word' id='word_1_287' title='bbox 1375 2535 1482 2567; x_wconf 89' lang='lat' dir='ltr'><strong>crus</strong></span> <span class='ocrx_word' id='word_1_288' title='bbox 1522 2518 1580 2565; x_wconf 91' lang='lat' dir='ltr'><strong>de</strong></span> <span class='ocrx_word' id='word_1_289' title='bbox 1611 2517 1904 2581; x_wconf 73' lang='lat' dir='ltr'><strong>periscelio⁹</strong></span> 
     </span>
     <span class='ocr_line' id='line_1_34' title="bbox 307 2589 1914 2653; baseline -0.001 -17"><span class='ocrx_word' id='word_1_290' title='bbox 307 2591 354 2636; x_wconf 93' lang='lat' dir='ltr'><strong>in</strong></span> <span class='ocrx_word' id='word_1_291' title='bbox 387 2606 577 2637; x_wconf 83' lang='lat' dir='ltr'><strong>nervum</strong></span> <span class='ocrx_word' id='word_1_292' title='bbox 609 2606 659 2637; x_wconf 91' lang='lat' dir='ltr'><strong>se</strong></span> <span class='ocrx_word' id='word_1_293' title='bbox 690 2591 897 2653; x_wconf 89' lang='lat' dir='ltr'><strong>patiatur</strong></span> <span class='ocrx_word' id='word_1_294' title='bbox 927 2590 1119 2636; x_wconf 87' lang='lat' dir='ltr'><strong>arctari.</strong></span> <span class='ocrx_word' id='word_1_295' title='bbox 1180 2589 1344 2636; x_wconf 90' lang='lat' dir='ltr'><strong>Timeo</strong></span> <span class='ocrx_word' id='word_1_296' title='bbox 1377 2590 1628 2646; x_wconf 88' lang='lat' dir='ltr'><strong>cervicem,</strong></span> <span class='ocrx_word' id='word_1_297' title='bbox 1661 2603 1719 2635; x_wconf 90' lang='lat' dir='ltr'><strong>ne</strong></span> <span class='ocrx_word' id='word_1_298' title='bbox 1745 2602 1914 2650; x_wconf 36' lang='lat' dir='ltr'><strong>marga*</strong></span> 
     </span>
    </p>
   </div>
   <div class='ocr_carea' id='block_1_3' title="bbox 1860 565 1933 758">
    <p class='ocr_par' dir='ltr' id='par_1_4' title="bbox 1860 565 1933 758">
     <span class='ocr_line' id='line_1_35' title="bbox 1867 565 1932 660; baseline 0 0"><span class='ocrx_word' id='word_1_299' title='bbox 1867 565 1932 660; x_wconf 95' lang='lat' dir='ltr'><strong>  </strong></span> 
     </span>
     <span class='ocr_line' id='line_1_36' title="bbox 1860 660 1933 758; baseline 0 -34"><span class='ocrx_word' id='word_1_300' title='bbox 1860 660 1933 758; x_wconf 95' lang='lat' dir='ltr'><strong>  </strong></span> 
     </span>
    </p>
   </div>
   <div class='ocr_carea' id='block_1_4' title="bbox 306 2772 1932 3203">
    <p class='ocr_par' dir='ltr' id='par_1_5' title="bbox 306 2772 1932 3203">
     <span class='ocr_line' id='line_1_37' title="bbox 421 2772 1932 2823; baseline -0.001 -14"><span class='ocrx_word' id='word_1_301' title='bbox 421 2775 465 2822; x_wconf 86' lang='lat'><strong>1)</strong></span> <span class='ocrx_word' id='word_1_302' title='bbox 511 2774 602 2821; x_wconf 89' lang='lat' dir='ltr'><strong>Rig.</strong></span> <span class='ocrx_word' id='word_1_303' title='bbox 648 2773 882 2820; x_wconf 83' lang='lat' dir='ltr'><strong>adeoque</strong></span> <span class='ocrx_word' id='word_1_304' title='bbox 928 2774 1021 2810; x_wconf 77' lang='lat' dir='ltr'><strong>sub</strong></span> <span class='ocrx_word' id='word_1_305' title='bbox 1067 2773 1160 2809; x_wconf 88' lang='lat' dir='ltr'><strong>vel.</strong></span> <span class='ocrx_word' id='word_1_306' title='bbox 1206 2773 1323 2820; x_wconf 60' lang='lat' dir='ltr'><strong>lat„</strong></span> <span class='ocrx_word' id='word_1_307' title='bbox 1384 2772 1493 2811; x_wconf 78' lang='lat' dir='ltr'><strong>hab.</strong></span> <span class='ocrx_word' id='word_1_308' title='bbox 1547 2772 1675 2819; x_wconf 78' lang='lat' dir='ltr'><strong>qual.</strong></span> <span class='ocrx_word' id='word_1_309' title='bbox 1728 2781 1932 2823; x_wconf 69' lang='lat' dir='ltr'><strong>quaer·</strong></span> 
     </span>
     <span class='ocr_line' id='line_1_38' title="bbox 306 2827 1904 2877; baseline -0.001 -12"><span class='ocrx_word' id='word_1_310' title='bbox 306 2832 475 2877; x_wconf 61' lang='lat' dir='ltr'><strong>ment„</strong></span> <span class='ocrx_word' id='word_1_311' title='bbox 523 2835 577 2867; x_wconf 85' lang='lat' dir='ltr'><strong>ut</strong></span> <span class='ocrx_word' id='word_1_312' title='bbox 615 2832 812 2876; x_wconf 80' lang='lat' dir='ltr'><strong>quaest.</strong></span> <span class='ocrx_word' id='word_1_313' title='bbox 851 2832 901 2867; x_wconf 83' lang='lat' dir='ltr'><strong>et</strong></span> <span class='ocrx_word' id='word_1_314' title='bbox 938 2827 1171 2866; x_wconf 78' lang='lat' dir='ltr'><strong>voluerit</strong></span> <span class='ocrx_word' id='word_1_315' title='bbox 1215 2833 1264 2866; x_wconf 86' lang='lat' dir='ltr'><strong>et</strong></span> <span class='ocrx_word' id='word_1_316' title='bbox 1303 2827 1708 2876; x_wconf 74' lang='lat' dir='ltr'><strong>compellaverit</strong></span> <span class='ocrx_word' id='word_1_317' title='bbox 1746 2830 1797 2863; x_wconf 85' lang='lat' dir='ltr'><strong>et</strong></span> <span class='ocrx_word' id='word_1_318' title='bbox 1841 2837 1904 2875; x_wconf 66' lang='lat' dir='ltr'><strong>pn,</strong></span> 
     </span>
     <span class='ocr_line' id='line_1_39' title="bbox 309 2883 1892 2937; baseline -0.001 -17"><span class='ocrx_word' id='word_1_319' title='bbox 309 2887 425 2921; x_wconf 84' lang='lat' dir='ltr'><strong>ctus</strong></span> <span class='ocrx_word' id='word_1_320' title='bbox 456 2884 538 2923; x_wconf 79' lang='lat' dir='ltr'><strong>sit.</strong></span> <span class='ocrx_word' id='word_1_321' title='bbox 655 2883 702 2937; x_wconf 88' lang='lat'><strong>2)</strong></span> <span class='ocrx_word' id='word_1_322' title='bbox 726 2886 818 2933; x_wconf 86' lang='lat' dir='ltr'><strong>Rig.</strong></span> <span class='ocrx_word' id='word_1_323' title='bbox 842 2897 864 2922; x_wconf 87' lang='lat' dir='ltr'><strong>e</strong></span> <span class='ocrx_word' id='word_1_324' title='bbox 890 2885 979 2922; x_wconf 86' lang='lat' dir='ltr'><strong>cod.</strong></span> <span class='ocrx_word' id='word_1_325' title='bbox 1004 2886 1133 2932; x_wconf 85' lang='lat' dir='ltr'><strong>Agob.</strong></span> <span class='ocrx_word' id='word_1_326' title='bbox 1167 2888 1314 2922; x_wconf 82' lang='lat' dir='ltr'><strong>certe</strong></span> <span class='ocrx_word' id='word_1_327' title='bbox 1351 2884 1667 2933; x_wconf 74' lang='lat' dir='ltr'><strong>impudicam</strong></span> <span class='ocrx_word' id='word_1_328' title='bbox 1698 2883 1892 2920; x_wconf 70' lang='lat' dir='ltr'><strong>scilice</strong></span> 
     </span>
     <span class='ocr_line' id='line_1_40' title="bbox 308 2937 1904 2989; baseline -0.001 -13"><span class='ocrx_word' id='word_1_329' title='bbox 308 2937 350 2987; x_wconf 89' lang='grc'><strong>3)</strong></span> <span class='ocrx_word' id='word_1_330' title='bbox 370 2943 405 2976; x_wconf 86' lang='lat'><strong>1.</strong></span> <span class='ocrx_word' id='word_1_331' title='bbox 424 2943 533 2978; x_wconf 87' lang='lat' dir='ltr'><strong>Sam.</strong></span> <span class='ocrx_word' id='word_1_332' title='bbox 553 2943 621 2987; x_wconf 85' lang='lat'><strong>16,</strong></span> <span class='ocrx_word' id='word_1_333' title='bbox 640 2943 679 2980; x_wconf 81' lang='lat'><strong>7.</strong></span> <span class='ocrx_word' id='word_1_334' title='bbox 794 2941 840 2989; x_wconf 79' lang='lat'><strong>4)</strong></span> <span class='ocrx_word' id='word_1_335' title='bbox 863 2941 932 2978; x_wconf 83' lang='lat' dir='ltr'><strong>Fr.</strong></span> <span class='ocrx_word' id='word_1_336' title='bbox 952 2940 1096 2978; x_wconf 83' lang='lat' dir='ltr'><strong>lunius</strong></span> <span class='ocrx_word' id='word_1_337' title='bbox 1115 2941 1223 2977; x_wconf 87' lang='lat' dir='ltr'><strong>coni</strong></span> <span class='ocrx_word' id='word_1_338' title='bbox 1248 2939 1454 2978; x_wconf 70' lang='lat' dir='ltr'><strong>Scimus</strong></span> <span class='ocrx_word' id='word_1_339' title='bbox 1484 2950 1685 2985; x_wconf 57' lang='lat' dir='ltr'><strong>omnen</strong></span> <span class='ocrx_word' id='word_1_340' title='bbox 1724 2948 1904 2976; x_wconf 85' lang='lat' dir='ltr'><strong>verum</strong></span> 
     </span>
     <span class='ocr_line' id='line_1_41' title="bbox 306 2994 1912 3049; baseline -0.002 -17"><span class='ocrx_word' id='word_1_341' title='bbox 306 2998 479 3033; x_wconf 76' lang='lat' dir='ltr'><strong>tamen</strong></span> <span class='ocrx_word' id='word_1_342' title='bbox 510 2997 631 3044; x_wconf 86' lang='lat' dir='ltr'><strong>quid</strong></span> <span class='ocrx_word' id='word_1_343' title='bbox 663 2997 796 3035; x_wconf 85' lang='lat' dir='ltr'><strong>idem</strong></span> <span class='ocrx_word' id='word_1_344' title='bbox 827 3001 906 3034; x_wconf 78' lang='lat' dir='ltr'><strong>etc.</strong></span> <span class='ocrx_word' id='word_1_345' title='bbox 1023 2997 1067 3043; x_wconf 84' lang='lat'><strong>5)</strong></span> <span class='ocrx_word' id='word_1_346' title='bbox 1083 2996 1189 3034; x_wconf 89' lang='lat' dir='ltr'><strong>Phil.</strong></span> <span class='ocrx_word' id='word_1_347' title='bbox 1207 2998 1246 3044; x_wconf 88' lang='lat'><strong>4,</strong></span> <span class='ocrx_word' id='word_1_348' title='bbox 1266 2998 1304 3034; x_wconf 87' lang='lat'><strong>5.</strong></span> <span class='ocrx_word' id='word_1_349' title='bbox 1430 2994 1476 3049; x_wconf 87' lang='grc'><strong>6)</strong></span> <span class='ocrx_word' id='word_1_350' title='bbox 1494 2995 1644 3035; x_wconf 77' lang='lat' dir='ltr'><strong>Matth.</strong></span> <span class='ocrx_word' id='word_1_351' title='bbox 1663 2995 1912 3043; x_wconf 64' lang='lat'><strong>5,14—1‹2</strong></span> 
     </span>
     <span class='ocr_line' id='line_1_42' title="bbox 308 3047 1901 3099; baseline 0.001 -12"><span class='ocrx_word' id='word_1_352' title='bbox 308 3051 354 3098; x_wconf 73' lang='lat'><strong>7)</strong></span> <span class='ocrx_word' id='word_1_353' title='bbox 389 3051 478 3099; x_wconf 84' lang='lat' dir='ltr'><strong>Rig.</strong></span> <span class='ocrx_word' id='word_1_354' title='bbox 523 3053 682 3090; x_wconf 88' lang='lat' dir='ltr'><strong>reluc.</strong></span> <span class='ocrx_word' id='word_1_355' title='bbox 728 3054 780 3090; x_wconf 90' lang='lat' dir='ltr'><strong>in</strong></span> <span class='ocrx_word' id='word_1_356' title='bbox 825 3052 1084 3099; x_wconf 70' lang='lat' dir='ltr'><strong>tenebri23</strong></span> <span class='ocrx_word' id='word_1_357' title='bbox 1138 3052 1233 3090; x_wconf 78' lang='lat' dir='ltr'><strong>alii:</strong></span> <span class='ocrx_word' id='word_1_358' title='bbox 1280 3047 1442 3091; x_wconf 84' lang='lat' dir='ltr'><strong>relue.</strong></span> <span class='ocrx_word' id='word_1_359' title='bbox 1488 3053 1630 3090; x_wconf 87' lang='lat' dir='ltr'><strong>inter</strong></span> <span class='ocrx_word' id='word_1_360' title='bbox 1671 3051 1901 3088; x_wconf 67' lang='lat' dir='ltr'><strong>tenebr-</strong></span> 
     </span>
     <span class='ocr_line' id='line_1_43' title="bbox 309 3105 1905 3158; baseline -0.001 -14"><span class='ocrx_word' id='word_1_361' title='bbox 309 3105 355 3158; x_wconf 89' lang='lat'><strong>8)</strong></span> <span class='ocrx_word' id='word_1_362' title='bbox 386 3107 478 3155; x_wconf 78' lang='lat' dir='ltr'><strong>Rig.</strong></span> <span class='ocrx_word' id='word_1_363' title='bbox 513 3108 562 3144; x_wconf 90' lang='lat' dir='ltr'><strong>in</strong></span> <span class='ocrx_word' id='word_1_364' title='bbox 593 3109 735 3156; x_wconf 78' lang='lat' dir='ltr'><strong>ipsas</strong></span> <span class='ocrx_word' id='word_1_365' title='bbox 766 3109 1140 3147; x_wconf 76' lang='lat' dir='ltr'><strong>denotationes</strong></span> <span class='ocrx_word' id='word_1_366' title='bbox 1171 3108 1395 3148; x_wconf 74' lang='lat' dir='ltr'><strong>exultat.</strong></span> <span class='ocrx_word' id='word_1_367' title='bbox 1496 3109 1541 3158; x_wconf 82' lang='lat'><strong>9)</strong></span> <span class='ocrx_word' id='word_1_368' title='bbox 1570 3107 1661 3156; x_wconf 83' lang='lat' dir='ltr'><strong>Rig.</strong></span> <span class='ocrx_word' id='word_1_369' title='bbox 1694 3117 1812 3144; x_wconf 76' lang='lat' dir='ltr'><strong>erun</strong></span> <span class='ocrx_word' id='word_1_370' title='bbox 1846 3115 1905 3154; x_wconf 73' lang='lat' dir='ltr'><strong>pe</strong></span> 
     </span>
     <span class='ocr_line' id='line_1_44' title="bbox 307 3163 931 3203; baseline -0.002 -1"><span class='ocrx_word' id='word_1_371' title='bbox 307 3163 529 3202; x_wconf 71' lang='lat' dir='ltr'><strong>riscelio</strong></span> <span class='ocrx_word' id='word_1_372' title='bbox 561 3164 820 3203; x_wconf 79' lang='lat' dir='ltr'><strong>laetatum</strong></span> <span class='ocrx_word' id='word_1_373' title='bbox 853 3168 931 3202; x_wconf 85' lang='lat' dir='ltr'><strong>etc.</strong></span> 
     </span>
    </p>
   </div>
  </div>
 </body>
</html>
