1942 3554
64 320 66 322 ⁴
38 191 71 302 ''fl-ng&

544 263 628 301 DE
666 262 1126 302 POENITENTIA.
1554 263 1649 308 49

86 378 90 382 ’
116 389 141 421 s
169 389 257 438 pcr
286 375 485 437 gratiam
513 385 712 423 vocaret
741 375 800 423 ad
829 377 1187 440 promissionem
1219 377 1385 423 semini
1407 374 1652 425 Abraham

111 444 328 502 tinatam,
359 461 447 509 per
475 447 796 509 poenitentiae
828 446 1229 527 subsignationem
1261 455 1370 494 ante
1397 463 1655 511 compone-

8 523 9 526 ’
58 517 114 561 Ἰ.
188 513 299 565 Νοιι
344 523 473 563 tacet
517 514 741 573 Ioannes,
779 516 1128 580 poenitentiam
1166 517 1356 575 initote,
1407 516 1572 565 dicens
1589 520 1653 579 1),

7 587 17 646 j
51 635 56 638 ,
149 585 271 633 enim
303 586 428 633 salus
458 585 726 643 nationibus
757 586 1172 650 appropinquabit,
1207 585 1420 634 dominus
1452 589 1654 646 scilicet,

0 654 229 718 ''gs-rens
259 653 513 702 secundum
545 654 622 702 dei
651 657 943 718 promissum.
1007 655 1093 701 Cui
1122 657 1508 719 praeministrans
1538 674 1657 721 poe-

41 721 283 771 utiam
311 722 579 771 destinabat
615 723 878 804 purgandis
922 724 1154 772 mentibus
1208 728 1525 806 propositam,
1588 729 1658 774 uti

43 791 246 857 cquid
276 807 417 841 error
441 796 583 841 vetus
613 794 924 857 inquinasset,
959 793 1218 858 quicquid'
1205 811 1252 841 ιιι
1278 811 1366 843 c01
1368 794 1426 843 de
1453 797 1657 845 hominis

42 874 55 927 j
105 863 292 911 mutia
316 863 713 921 contaminasset,
759 855 835 912 id*
850 864 1146 928 poenitentia
1173 880 1372 912 verrens
1404 875 1453 913 et
1482 866 1657 915 radens

64 937 66 939 ’
83 929 247 994 afferas
291 932 519 980 abiiciens
564 932 780 980 mundam
824 934 1035 998 pectoris
1082 932 1267 981 domum
1313 946 1656 999 superventuro

116 1024 143 1042 «ε,
161 1002 208 1050 ui
237 1011 403 1051 sancto
433 1005 592 1067 paret,
641 1019 731 1067 quo
770 1019 821 1051 se
852 1004 938 1051 ille
980 1020 1083 1052 cum
1116 1005 1403 1054 coelestibus
1432 1007 1570 1055 bonis
1602 1007 1658 1054 li-

103 1094 135 1114 2:
171 1072 362 1130 inferat.v
421 1072 598 1120 Horum
626 1073 858 1121 bonorum
888 1084 1006 1122 unus
1038 1083 1112 1122 est
1141 1076 1323 1134 titulus,
1357 1077 1482 1125 salus
1506 1078 1659 1124 homi-

153 1143 395 1201 criminum
425 1144 728 1208 pristinorum
759 1144 1021 1192 abolitione
1044 1147 1320 1208 praemissa.
1384 1146 1514 1195 Haec
1541 1163 1659 1211 poe-

59 1213 253 1261 ntiae
285 1224 475 1271 caussa,
506 1214 627 1261 haec
655 1229 802 1278 opera
825 1215 1065 1277 negotium
1090 1214 1275 1264 divinae
1299 1217 1659 1265 misericordiae

51 1292 91 1337 ᾗ,
124 1299 213 1330 .ns.
260 1282 411 1347 Quod
439 1283 616 1330 homini
646 1285 857 1347 prolicit,
905 1283 996 1332 deo
1042 1286 1202 1333 scivit.
1267 1286 1489 1334 Ceterum
1535 1288 1660 1335 ratio

51 1351 81 1405 ’,
108 1369 152 1410 s,
186 1369 322 1416 quam
352 1354 546 1417 cognito
579 1353 768 1402 domino
801 1353 1045 1414 discimus,
1080 1365 1256 1404 certam
1284 1357 1482 1404 formam
1507 1365 1656 1415 tenet,

10 1430 97 1491 {Q
130 1422 270 1470 bonis
311 1439 512 1487 unquam
556 1424 695 1472 factis
741 1426 1020 1488 cogitatisve
1075 1427 1206 1489 quasi
1249 1428 1459 1474 violenta
1504 1425 1662 1491 aliqua

11 1500 193 1551 imus
211 1493 471 1541 iniiciatur.
532 1493 659 1542 Deus
691 1495 813 1542 enim
840 1495 1224 1558 reprobationem
1253 1497 1483 1544 bonorum
1507 1507 1660 1545 ratam

12 1570 125 1620 mon
153 1562 317 1620 habet,
347 1571 513 1627 utpote
545 1581 756 1622 suorum,
792 1581 986 1628 quoium
1020 1582 1123 1613 cum
1156 1575 1325 1614 auct01
1355 1575 1404 1614 et
1435 1566 1662 1615 defensor

6 1632 115 1704 ιβ’,
144 1639 349 1681 necesse
372 1642 445 1680 est
473 1631 674 1697 proinde
707 1644 756 1682 et
779 1644 1082 1716 acceptator,
1117 1637 1190 1683 si
1183 1646 1482 1701 acceptator,
1518 1639 1660 1685 etiam

8 1712 371 1784 nmunerator.
430 1703 620 1751 Viderit
651 1721 769 1768 ergo
799 1706 1005 1768 ingratia
1035 1706 1294 1765 hominum,
1329 1708 1366 1754 si
1399 1709 1542 1755 etiam
1572 1709 1660 1755 ho-

105 1774 268 1821 ,ἳιιοῑίε
298 1775 635 1838 poenitentiam
669 1776 813 1838 cogit.
849 1741 1062 1822 DViderit
1093 1785 1142 1823 et
1172 1778 1353 1839 giatia,
1382 1779 1421 1824 si
1449 1779 1659 1841 captatio

11 1848 26 1892 «
161 1842 223 1891 ad
250 1844 643 1892 benefaciendum
688 1846 993 1892 incitamento
1043 1854 1137 1903 est,
1186 1855 1399 1904 teircna,
1448 1849 1661 1894 mortalis

13 1909 243 1978 ifflaque.
286 1914 583 1973 Quantulum
615 1916 737 1962 enim
762 1914 1061 1979 compendii,
1095 1916 1134 1962 si
1166 1925 1304 1978 grato
1329 1917 1664 1964 benefeceris?

90 1984 108 2032 l
137 1983 393 2048 dispendii,
426 1985 465 2031 si
495 1984 723 2047 ingrato?
771 1984 951 2031 Bonum
983 1952 1326 2033 fact11n1⁰deum
1357 1987 1502 2034 habet
1527 1987 1660 2034 debi-

7 2053 58 2101 Ι
110 2069 207 2111 em,
247 2054 386 2101 sicuti
417 2062 466 2101 et
494 2055 688 2112 malum,
737 2056 844 2118 quia
866 2054 1017 2102 iudex
1048 2057 1196 2103 omnis
1227 2066 1559 2104 remunc1ator
1589 2066 1663 2105 est

8 2118 244 2333 ιέιῗειιθ.
297 2122 385 2171 At
429 2140 532 2171 cum
576 2124 719 2173 iudex
756 2124 871 2172 deus
919 2126 1125 2173 iustitiae
1166 2127 1407 2174 carissime
1439 2127 1528 2174 sibi
1561 2129 1661 2175 exi-

94 2192 217 2243 ndae
248 2193 543 2258 tuendaeque
573 2193 866 2258 praesideat,
914 2204 963 2243 et
1007 2196 1055 2242 in
1087 2212 1190 2243 eam
1223 2213 1405 2245 omnem
1437 2214 1661 2244 summam

10 2320 13 2321 ⁷
64 2267 65 2270 ’
135 2262 451 2328 ἰρίἰιιιιόιειιιιθ
484 2266 688 2323 sanciat,
722 2264 1025 2313 dubitandum
1056 2275 1151 2324 est,
1199 2267 1321 2314 sicut
1351 2268 1398 2314 in
1428 2269 1662 2316 universis

35 2331 219 2475 &bus
245 2335 440 2392 nostris,
487 2336 554 2382 ita
583 2336 631 2382 in
661 2336 982 2399 poenitentiae
1015 2353 1199 2400 quoque
1233 2354 1400 2385 caussa
1438 2339 1662 2385 iustitiam

134 2400 483 2468 praestandam
515 2408 652 2457 esse?
710 2405 833 2469 quod
867 2405 1052 2470 quidem
1083 2408 1149 2454 ita
1179 2408 1364 2471 impleri
1402 2409 1588 2465 licebit,
1623 2409 1664 2454 si

47 2483 72 2488 ’
109 2475 244 2522 atis
273 2474 564 2523 solummodo
596 2475 889 2523 adhibeatur.
966 2476 1117 2524 Porro
1156 2486 1405 2540 peccatum
1444 2478 1533 2524 nisi
1564 2494 1662 2523 ma-

153 2545 330 2612 factum
361 2544 462 2593 dici
493 2562 587 2598 non
626 2555 856 2603 meretur,
905 2562 993 2594 nec
1034 2548 1273 2610 quisquam
1312 2546 1660 2593 benefaciendo

38 2613 274 2679 'squit-
338 2614 514 2673 Quodsi
545 2633 638 2663 non
670 2615 921 2678 delinquit,
970 2632 1055 2662 cur
1096 2616 1435 2679 poenitentiam
1467 2615 1660 2673 invadit,

52 2682 71 2749 ,³
91 2742 94 2744 v
129 2706 152 2736 τ’,
173 2708 179 2726 ⁸
204 2679 397 2733 entium
420 2686 682 2749 privatum?
741 2685 837 2748 Cur
860 2685 1066 2732 malitiae
1093 2686 1524 2732 officium'bonitati
1548 2702 1660 2733 suae

16 2754 21 2762 ’
49 2750 259 2805 &suive
315 2754 388 2802 Ita
418 2757 596 2812 evenit,
643 2763 715 2812 ut,
765 2771 867 2802 cum
899 2754 1074 2819 aliquid
1105 2755 1183 2802 uhi
1214 2772 1307 2805 non
1349 2764 1538 2820 oportet
1576 2754 1659 2803 ad·

127 2831 243 2881 tur,
274 2824 371 2871 illic
401 2825 482 2872 ubi
514 2833 705 2888 oportet
735 2825 1018 2887 negligatur.
1048 2836 1051 2838 ’

12 2889 103 3107 εἰ
176 2897 235 2943 3.,
285 2892 490 2951 Quorum
522 2910 638 2956 ergo
669 2895 963 2957 poenitentia
994 2895 1116 2941 iusta
1154 2903 1203 2942 et
1234 2894 1392 2942 debita
1421 2895 1653 2955 videatur,

113 2971 185 3010 est
242 2967 360 3025 quae
392 2962 567 3011 delicto
601 2963 867 3026 deputanda
897 2965 1010 3021 sint,
1054 2965 1186 3012 locus
1218 2965 1402 3031 quidem
1436 2976 1658 3030 expostu-

145 3031 397 3088 dcnotare,
452 3032 535 3080 scd
581 3034 780 3080 otiosum
825 3032 982 3103 videri*
1027 3043 1197 3097 potest.
1288 3036 1487 3083 Domino
1534 3040 1656 3084 enim

149 3186 193 3235 1)
223 3186 374 3225 matth.
393 3188 430 3235 3,
450 3188 487 3225 2.

94 3254 326 3294 ram-ma„
352 3259 399 3293 Π.
1272 3252 1305 3295 4
