1942 3554
275 237 406 284 8³⁰
878 235 968 275 DE
1014 235 1292 275 PALLm.
1863 0 1934 253 ξ

275 368 414 416 gnum
453 350 657 397 incessui
702 349 1030 396 munimentum
1067 349 1275 395 sutrinae
1311 346 1543 397 Venetiae
1588 332 1919 419 Ρτοερθκθκςξξ

273 437 478 489 perones
509 418 818 467 effeminatos.
849 418 915 467 At
944 420 1067 467 enim
1096 419 1240 483 pallio
1271 418 1388 474 nihil
1415 418 1697 483 expeditius,
1716 414 1926 477 etiamn

277 492 474 556 duplex,
509 489 633 554 quod
665 489 896 550 Cratetis3
927 506 1060 537 mora
1090 506 1314 554 nusquam
1351 489 1598 538 vestiendo
1629 506 1733 539 cum
1762 492 1926 556 poni-*i

275 572 351 610 tur
368 565 438 622 1)·
472 562 640 625 quippe
671 568 774 607 tota
803 562 983 608 molitio
1015 562 1116 608 eius
1155 561 1345 625 operi-re
1384 569 1457 609 est
1495 561 1696 609 solutim.
1756 561 1810 610 Id
1839 556 1930 612 ei&

276 650 367 682 uno
415 632 722 680 circumiectu
766 632 908 690 licet,
970 630 1185 696 equidem
1230 647 1452 695 nusquam
1495 632 1777 692 inhumano3
1835 627 1933 695 itti}

278 704 433 751 omnia
479 702 676 749 hominis
722 703 855 749 simul
909 698 1148 766 contegit.⁴
1210 701 1461 750 Humerum
1502 703 1664 751 velans
1708 702 1931 768 exponi&

277 774 352 822 vel
383 772 604 830 includit,
638 774 917 837 ceteroquin
946 774 1185 820 humerum
1216 769 1606 831 adhaeret,'nihil
1628 774 1916 822 -circumfulea

280 845 361 902 cit,
394 843 508 891 nihil
541 844 923 907 circumstringit,
955 844 1069 891 nihil
1101 842 1159 891 de
1191 843 1450 892 tabularum
1481 843 1573 891 fide
1604 843 1803 902 laborat,
1815 837 1935 911 “faaq

280 916 371 963 cile
421 930 525 962 sese
570 915 716 976 regit,
762 915 903 961 facile
941 915 1119 973 reficit3
1165 915 1306 962 etiam
1346 931 1450 962 cum
1487 915 1760 979 exponitur,
1792 915 1904 963 nulli

281 986 475 1044 cruci2)
510 985 557 1031 in
586 993 825 1049 posterum
866 983 1187 1032 demandatur.
1263 983 1314 1031 Si
1346 984 1454 1049 quid
1484 985 1717 1032 interulae
1746 986 1913 1033 subter

283 1064 378 1113 est,
423 1063 563 1102 vacat
606 1070 756 1102 zonae
803 1064 1107 1114 tormentum,
1147 1056 1186 1102 si
1225 1054 1334 1119 quid
1374 1055 1614 1103 calceatus
1651 1054 1904 1113 inducitur,

281 1123 629 1173 mundissimum
661 1140 777 1188 opus
809 1134 903 1183 est,
943 1133 1023 1172 aut
1061 1124 1206 1188 pedes
1236 1123 1347 1172 nudi
1377 1126 1546 1188 magis,
1587 1134 1718 1173 certe
1747 1127 1908 1174 viriles

281 1196 447 1258 magis,
482 1211 616 1259 quam
647 1195 694 1241 in
714 1196 918 1242 calceis.
994 1193 1124 1242 Haec
1154 1211 1241 1259 pro
1272 1195 1415 1261 pallio
1447 1196 1658 1254 interim,
1691 1206 1910 1260 quantum

284 1266 472 1314 nomine
519 1266 852 1325 comitiasti3).
928 1264 1024 1312 lam
1067 1281 1182 1312 vero
1230 1273 1278 1312 et
1322 1264 1382 1313 de
1425 1267 1620 1329 negotio
1664 1275 1908 1330 provocat.

283 1336 405 1399 Ego,
439 1337 602 1399 inquit,
636 1336 750 1383 nihil
781 1337 904 1394 foro,
937 1336 1051 1383 nihil
1084 1350 1273 1400 campo,
1306 1336 1421 1383 nihil
1451 1337 1612 1384 curiae
1643 1335 1822 1395 debeo,
1843 1336 1933 1384 niss*

282 1407 351 1455 hil
383 1406 537 1454 officio
570 1405 793 1469 advigilo,
826 1407 951 1454 nulla
989 1415 1146 1454 rostra
1175 1422 1493 1471 praeoccupo,
1519 1407 1644 1455 nulla
1673 1408 1937 1471 praetoria-

285 1478 504 1535 observo,
526 1478 716 1525 canales
734 1494 827 1524 non
846 1477 1012 1535 odoro,
1033 1478 1272 1525 cancellos
1289 1494 1383 1524 non
1400 1477 1566 1536 adoro,
1585 1477 1804 1526 subsellia
1822 1493 1914 1525 non

287 1547 542 1606 contundo,
579 1549 682 1595 iura
700 1565 799 1600 non
825 1549 1072 1606 conturbo,
1099 1564 1288 1596 caussas
1312 1565 1406 1595 non
1430 1548 1597 1607 elatro,
1623 1565 1716 1596 non
1738 1547 1914 1606 iudico,

286 1635 379 1667 non
396 1619 561 1677 milito,
581 1635 673 1666 non
697 1635 864 1683 regno,
882 1621 1060 1667 secessi
1078 1618 1136 1666 de
1153 1620 1343 1684 populo.
1405 1619 1457 1667 In
1475 1635 1548 1667 me
1564 1621 1750 1667 unicum
1770 1635 1937 1683 nego-¹

287 1691 400 1736 tium
424 1690 536 1737 mihi
562 1698 656 1748 est,
683 1691 772 1737 nisi
790 1689 915 1738 aliud
939 1707 1032 1738 non
1051 1706 1165 1738 curo
1194 1707 1328 1754 quam
1352 1705 1410 1738 ne
1443 1705 1617 1738 curem.
1677 1689 1789 1737 Vita
1818 1705 1917 1737 me-

287 1761 408 1808 liore
439 1762 587 1823 magis
617 1761 665 1807 in
696 1777 887 1808 secessu
917 1762 1092 1818 fruare,
1126 1777 1259 1825 quam
1290 1762 1338 1807 in
1367 1769 1598 1825 promptu.
1656 1758 1752 1808 Sed
1781 1761 1915 1824 igna-

287 1847 392 1878 vam
423 1831 694 1891 infamabis3
734 1832 921 1880 scilicet
950 1833 1149 1896 patriae,
1184 1840 1233 1879 et
1261 1832 1459 1896 imperio
1497 1833 1662 1895 reique
1698 1830 1919 1895 publicae

286 1901 534 1950 vivendum
567 1911 655 1949 est.
717 1901 860 1950 Errat
891 1904 1001 1950 olim
1031 1904 1121 1950 ista
1151 1904 1401 1950 sententia.
1460 1901 1614 1950 Nemo
1651 1902 1732 1948 alii
1762 1903 1920 1949 nasci-

289 1981 366 2020 tur
396 1975 648 2020 moriturus
679 1973 784 2020 sibi.
819 1973 960 2021 Certe
994 1990 1096 2022 cum
1128 1972 1188 2020 ad
1219 1973 1452 2037 Epicuros
1482 1981 1532 2020 et
1559 1973 1777 2020 Zenonas
1805 1987 1922 2020 ven-

290 2052 386 2091 tum
428 2052 522 2102 est,
570 2045 810 2108 sapientes
848 2061 1014 2103 vocas,
1061 2053 1208 2091 totum
1249 2045 1418 2108 quietis
1456 2044 1796 2107 magisterium,
1843 2043 1921 2106 qui

291 2130 395 2162 eam
434 2131 638 2162 summae
678 2124 817 2178 atque
855 2116 1024 2163 unicae
1054 2116 1308 2179 voluptatis
1339 2116 1525 2163 nomine
1557 2127 1921 2161 consecravere..

290 2185 468 2232 Tamen
499 2185 837 2249 propemodum
869 2186 980 2233 mihi
1026 2202 1208 2250 quoque
1247 2185 1411 2232 licebit
1440 2186 1487 2232 in
1533 2184 1768 2248 publicum
1805 2198 1918 2248 pro·

294 2253 448 2302 desse.
512 2253 657 2302 Soleo
697 2255 755 2302 de
796 2257 1004 2318 qualibet
1032 2258 1242 2318 margine
1272 2256 1349 2302 vel
1380 2271 1463 2302 ara
1493 2254 1750 2302 medicinas
1780 2253 1923 2300 mori-

292 2325 379 2372 bus
411 2324 590 2382 dicere,
624 2341 742 2388 quae
775 2326 959 2373 felicius
989 2326 1188 2390 publicis
1218 2326 1358 2372 rebus
1389 2333 1438 2371 et
1461 2324 1728 2372 civitatibus
1759 2331 1808 2371 et
1838 2324 1923 2370 im-

294 2396 439 2460 periis
491 2395 641 2442 bonas
692 2395 985 2443 valetudines
1040 2397 1317 2452 conferent,
1380 2411 1514 2459 quam
1564 2402 1673 2442 tuae
1728 2408 1920 2458 operae.

298 2466 479 2529 Quippe
511 2467 549 2513 si
580 2482 774 2530 pergam
806 2465 867 2514 ad
899 2475 1038 2514 acuta
1067 2475 1238 2523 tecum,
1271 2466 1374 2531 plus
1404 2474 1546 2528 togae
1585 2465 1769 2512 laesere
1801 2479 1926 2512 rem-

295 2537 554 2601 publicam,
602 2552 737 2600 quam
776 2537 970 2584 loricae.
1030 2535 1206 2601 Atquin
1236 2537 1372 2583 nullis
1402 2537 1527 2583 vitiis
1557 2534 1747 2592 adulor,
1787 2534 1926 2582 nullis

296 2608 506 2655 veternis
537 2623 700 2670 parco,
735 2608 848 2655 nulli
879 2609 1155 2672 impetigini.
1201 2606 1360 2670 Adigo
1393 2615 1632 2655 cauterem
1663 2605 1920 2662 ambitioni,

301 2694 390 2742 qua
419 2678 483 2725 M.
515 2678 692 2725 Tullius
726 2680 992 2742 quingentis
1025 2679 1225 2726 millibus
1256 2694 1439 2725 numum
1464 2677 1628 2725 orbem
1661 2677 1768 2724 citri
1799 2676 1926 2733 emit,

301 2765 391 2812 qua
421 2749 492 2795 bis
522 2757 698 2795 tantum
730 2750 920 2796 Asinius
955 2749 1115 2804 Gallus
1152 2766 1239 2813 pro
1271 2764 1431 2795 mensa
1463 2747 1671 2795 ciusdem
1701 2746 1927 2794 Maurita-

301 2820 407 2866 niae
439 2827 667 2866 numerat.
702 2819 835 2878 Hem,
870 2821 1051 2884 quantis
1083 2819 1385 2867 facultatibus
1416 2819 1724 2866 aestimavere
1749 2817 1928 2880 ligneas

418 2971 466 3026 1)
498 2974 561 3012 Al.
592 2976 725 3022 quod
756 2977 988 3014 Cratetis
1017 2987 1157 3014 more
1185 2987 1440 3024 nusquam
1479 2971 1755 3012 vestiendo
1786 2982 1928 3010 eom-

306 3030 536 3080 ponitur.
731 3033 776 3081 2)
807 3033 870 3071 Al.
904 3033 1189 3082 reponitur
1227 3029 1378 3083 (Salm.
1416 3042 1440 3069 e
1476 3033 1565 3071 MS.
1603 3027 1920 3078 exponitur),

307 3086 447 3125 nulli
479 3087 630 3135 cippo
662 3091 741 3126 etc.
772 3091 818 3127 In
850 3091 967 3128 codd.
999 3091 1079 3138 leg
1112 3089 1252 3127 nulli
1282 3101 1407 3128 cevo
1440 3088 1507 3126 vel
1538 3097 1684 3135 cruo,
1714 3085 1823 3134 quod
1846 3083 1903 3119 im

304 3144 490 3182 mutavit
521 3144 648 3183 Salm.
679 3145 720 3182 in
753 3148 911 3184 cruci.
1065 3147 1109 3196 3)
1141 3146 1271 3183 Rhen.
1303 3145 1364 3184 ed.
1398 3147 1426 3183 Ι.
1458 3148 1500 3183 et
1530 3141 1801 3182 cod.Sa1m.:
1837 3149 1923 3176 co-

309 3200 536 3248 mitasti3
570 3200 704 3240 ceteri
737 3203 1044 3242 concitasti.
