1942 3554
475 142 566 180 DE
604 142 895 180 CORONA
930 141 1234 180 MtLt'rls.
1571 141 1674 190 201

45 283 277 342 mnitate,
317 281 675 347 popularitates,
718 282 834 330 falsa
866 291 997 341 vota,
1038 283 1232 330 humana
1259 283 1473 341 servitia,
1514 281 1680 332 laudes

50 370 216 412 vanae,
243 354 428 418 gloriae
453 362 639 417 turpes3
677 362 724 400 et
755 354 800 400 in
827 353 1039 401 omnibus
1064 354 1165 400 istis
1197 352 1466 400 idololatria
1497 355 1544 400 in
1575 354 1679 401 solo

47 441 240 489 quoque
273 440 418 472 censu
451 440 756 481 coronarum,
800 424 964 487 quibus
996 425 1150 470 omnia
1182 424 1269 470 ista
1302 423 1518 471 redimita
1556 433 1678 472 sunt.

50 494 349 543 Praefabitur
388 493 572 558 quidem
614 493 834 541 Claudius
876 495 1015 541 etiam
1056 495 1240 542 coelum
1281 493 1516 541 sideribus
1555 494 1680 559 apud

51 565 248 613 Homeri
295 565 500 612 carmina
550 572 849 621 coronatum,
905 573 1036 611 certe
1076 581 1101 611 a
1142 564 1256 622 deo,
1304 574 1437 612 certe
1478 564 1679 624 hominit,

51 636 198 699 igitur
228 644 278 683 et
307 634 445 682 homo
478 635 578 697 ipse
611 650 638 680 a
670 633 760 682 deo
793 632 1093 681 coronandus
1126 644 1213 682 est.
1290 634 1513 682 Ceterum
1546 653 1572 683 a
1604 651 1682 683 se-

45 705 160 753 culo
185 713 474 752 coronantur
498 712 547 751 et
570 703 809 768 lupanaria
835 714 883 751 et
901 704 1097 752 latrinae
1116 714 1164 751 et
1189 705 1406 768 pistrina,
1442 714 1490 753 et
1514 722 1683 754 carcer

49 784 102 824 et
131 773 264 822 ludus
297 784 346 822 et
375 776 476 838 ipsa
507 775 846 838 amphitheatra
879 784 928 823 et
953 777 1050 838 ipsa
1074 776 1298 839 spoliaria
1323 775 1548 840 ipsaeque
1578 776 1683 823 libi-

48 847 194 894 tinae.
271 844 415 905 Quam
448 861 588 892 sacer
617 854 926 910 sanctusque,
962 862 1094 910 quam
1136 846 1359 893 honestus
1397 862 1453 893 ac
1486 845 1681 894 mundus

50 917 112 965 sit
149 915 332 963 babitus
371 916 484 974 iste,
526 916 621 963 noli
662 915 718 963 de
760 933 850 963 uno
889 918 1080 980 poetico
1123 917 1286 975 coelo,
1319 916 1404 965 sed
1445 914 1503 964 de
1538 918 1681 964 totius

48 985 208 1036 mundi
226 987 522 1034 commerciis
540 988 807 1034 aestimare.
857 985 920 1034 At
939 988 1060 1034 cuim
1081 987 1373 1034 Christianus
1391 1003 1478 1035 nec
1500 989 1682 1035 ianuam

46 1074 179 1106 suam
210 1057 383 1105 laureis
414 1057 678 1114 infamabit,
713 1057 753 1104 si
792 1059 940 1115 norit,
981 1071 1181 1122 quantos
1222 1057 1337 1105 deos
1376 1059 1515 1106 etiam
1549 1059 1683 1105 ostiis

50 1127 267 1177 diabolus
312 1127 573 1185 affinxerit,
622 1128 778 1175 lanum
818 1146 842 1175 a
883 1130 1044 1184 ianua,
1084 1128 1397 1175 Limentinum
1439 1145 1466 1175 a
1506 1129 1682 1187 limine,

50 1198 302 1247 Forculum
322 1207 370 1246 et
387 1198 587 1246 Cardam
605 1216 632 1246 a
650 1199 828 1246 foribus
855 1208 903 1246 et
928 1198 1218 1256 cardinibus,
1253 1208 1300 1246 et
1324 1198 1445 1262 apud
1471 1198 1683 1247 Graecos

27 1249 320 1335 Thyraeum
349 1267 616 1332 Apollinem
649 1278 697 1316 et
727 1268 944 1317 Antelios
977 1268 1245 1317 daemones.

198 1340 280 1391 14.
354 1339 504 1386 Tanto
536 1340 691 1398 abest,
732 1349 780 1387 ut
814 1357 913 1404 cap·
905 1341 952 1386 'ti
991 1357 1077 1387 suo
1117 1357 1278 1387 manus
1318 1340 1492 1388 inserat
1529 1340 1684 1388 idolo-

53 1412 244 1468 latriae,
280 1411 372 1457 imo
405 1411 492 1456 iam
527 1409 727 1457 dixerim
762 1410 975 1468 Christo,
1010 1410 1239 1474 siquidem
1272 1411 1357 1458 tiri
1385 1420 1522 1474 caput
1550 1412 1685 1458 Chri-

49 1491 152 1531 stus
171 1490 266 1539 est,
292 1489 383 1527 tam
404 1480 599 1528 liberum
627 1497 763 1544 quam
791 1490 838 1527 et
864 1481 1100 1539 Christus,
1122 1498 1180 1529 ne
1207 1481 1471 1528 velamento
1499 1481 1683 1547 quidem

55 1551 331 1610 obnoxium,
372 1550 540 1598 nedum
575 1551 910 1615 obligamento.
989 1552 1137 1599 Porro
1180 1561 1227 1599 et
1266 1552 1388 1616 quod
1433 1552 1684 1599 obnoxium

51 1631 131 1672 est
160 1623 442 1679 velamento,
476 1631 615 1686 caput
640 1622 865 1680 feminae,
899 1624 985 1670 iam
1015 1624 1103 1670 boc
1131 1624 1232 1687 ipso
1262 1633 1559 1687 occupatum,
1593 1640 1684 1669 non

54 1702 194 1742 vacat
224 1695 363 1741 etiam
396 1693 732 1756 obligamento.
803 1693 956 1741 Habet
987 1694 1259 1740 humilitatis
1291 1710 1404 1741 suae
1437 1695 1683 1751 sarcinam,

53 1765 103 1813 si
135 1764 260 1812 nudo
301 1765 453 1827 capite
492 1763 641 1811 videri
682 1780 772 1810 non
814 1763 954 1811 debet
986 1773 1184 1827 propter
1214 1765 1411 1826 angelos
1435 1765 1499 1820 ¹),
1540 1765 1683 1811 multo

58 1836 208 1899 magis
240 1844 494 1881 coronatos
519 1834 720 1881 fortasse
747 1843 855 1880 tunc
883 1834 987 1880 illos
1014 1842 1243 1880 coronato
1270 1833 1684 1881 scandalizaverit.

60 1905 182 1965 Quid
213 1906 335 1952 enim
369 1906 508 1952 estin
536 1905 688 1968 capite
714 1905 916 1951 feminae
950 1920 1150 1961 corona,
1184 1921 1318 1968 qnam
1350 1905 1529 1951 formae
1564 1905 1685 1962 lena,

57 1993 193 2040 quam
225 1991 400 2023 summa
432 1973 651 2022 lasciviae
693 1984 825 2032 nota,
867 1985 1077 2023 extrema
1119 1976 1308 2038 negatio
1348 1974 1683 2034 verecundiae,

59 2047 283 2095 conflatio
318 2045 606 2094 illecebrae?
637 2046 895 2109 Propterea
920 2062 1008 2093 nec
1035 2045 1279 2093 ornabitur
1309 2047 1557 2107 operosius
1589 2063 1688 2093 mu-

58 2119 150 2166 lier
173 2133 232 2165 ex
250 2116 465 2180 Apostoli
485 2126 759 2180 prospectu,
795 2126 838 2163 ut
867 2132 955 2163 nec
974 2117 1170 2164 crinium
1190 2117 1392 2163 artificio
1413 2129 1687 2164 coronetur.

60 2189 149 2249 Qui
176 2197 330 2235 tamen
357 2196 404 2236 et
428 2189 518 2235 viri
546 2196 687 2251 caput
704 2196 798 2245 est,
839 2196 886 2235 et
910 2189 1111 2234 feminac
1139 2187 1309 2244 facies,
1344 2188 1415 2234 vir
1431 2189 1686 2246 ecclcsiae,

53 2259 273 2307 *Christus
293 2258 448 2316 lesus,
484 2258 620 2323 quale
640 2275 725 2305 oro
745 2267 815 2316 te,
848 2267 1020 2306 sertum
1049 2274 1132 2321 pro
1154 2269 1351 2321 utroque
1375 2275 1491 2305 sexu
1517 2257 1690 2306 subiit?

59 2345 121 2378 ex
158 2331 304 2393 spinis
343 2330 514 2393 opinor
551 2338 599 2376 et
637 2329 843 2386 tribulis,
883 2330 929 2375 in
978 2330 1171 2392 liguram
1222 2328 1527 2385 delictorum,
1569 2345 1689 2391 qnae

59 2399 196 2448 nobis
241 2401 439 2465 protulit
483 2409 612 2448 terra
659 2400 839 2456 earnis,
887 2400 1079 2446 abstulit
1116 2409 1271 2446 antem
1319 2401 1467 2445 virtus
1516 2400 1688 2455 crucis,

62 2470 245 2519 omnem
277 2471 488 2519 aculeum
521 2473 686 2518 mortis
719 2472 762 2516 in
797 2469 1018 2516 dominici
1047 2470 1216 2532 capitis
1243 2470 1494 2516 tolerantia
1521 2469 1690 2515 obtun-

39 2531 197 2590 dens.
272 2541 415 2589 Certe
447 2551 640 2605 praeter
671 2541 863 2604 liguram
897 2540 1181 2587 contumelia
1211 2542 1256 2585 in
1292 2548 1502 2601 promptu
1537 2549 1610 2586 est
1644 2548 1691 2586 et

61 2611 301 2675 turpitudo
335 2620 383 2659 et
414 2611 723 2659 dedecoratio
757 2620 804 2658 et
836 2610 905 2656 his
938 2610 1135 2672 implexa
1169 2609 1384 2666 saevitia,
1427 2625 1546 2672 qnae
1582 2619 1690 2656 tnnc

61 2679 239 2728 domini
270 2691 484 2746 tempora
509 2692 556 2730 et
581 2680 893 2728 foedaverunt.
917 2689 966 2727 et
991 2681 1369 2738 lancinavernnt3
1407 2681 1469 2726 uti
1498 2690 1542 2727 tu
1570 2698 1690 2727 nnnc

45 2751 229 2799 'laurea
268 2761 316 2799 et
352 2762 506 2816 myrto
546 2761 594 2799 et
634 2752 739 2798 olea
780 2760 827 2797 et
858 2751 1026 2797 illustri
1059 2751 1214 2814 aliqua
1249 2749 1438 2807 l'ronde,
1487 2759 1536 2798 et
1567 2750 1690 2814 qnod

65 2823 214 2883 magis
259 2822 360 2868 usui
407 2831 501 2880 est,
543 2822 830 2869 centenariis
878 2837 1063 2884 quoqne
1103 2820 1224 2866 rosis
1264 2819 1322 2867 de
1365 2821 1500 2867 lnorto
1532 2821 1691 2868 Midae

66 2891 205 2940 lectis
238 2899 286 2938 et
315 2892 526 2955 utrisque
568 2893 678 2939 liliis
717 2900 766 2939 et
804 2891 1019 2938 omnibus
1060 2891 1196 2936 violis
1235 2892 1504 2950 coroneris,
1552 2893 1688 2939 etiam

181 3102 227 3150 1)
259 3104 281 3139 1
303 3104 399 3143 cor.
433 3100 499 3152 11,
532 3105 597 3140 10.
