1942 3554
309 251 395 295 92
606 250 689 287 DE
721 247 926 285 CULTU
955 232 1342 282 FEMINAR'UM
1396 247 1509 284 LlB.
1541 249 1593 286 11.

309 364 436 427 poris
467 360 755 420 lanuginem,
802 358 1042 419 pigmento
1083 371 1265 418 quoque
1304 356 1518 404 muliebri
1557 357 1842 422 distinguere
1859 361 1942 423 *ἦρ

312 440 473 478 cetera
509 428 714 491 pulveris
754 425 991 472 cuiusdam
1030 425 1348 488 asperitudine
1388 427 1649 489 laevigare,
1695 437 1789 475 tum
1820 446 1841 476 s
1879 428 1887 435 ⁴

313 500 463 547 culum
496 498 620 543 omni
653 497 905 542 occasione
939 496 1208 552 consulere,
1236 496 1387 542 ¹amede
1419 498 1677 559 inspicere,
1721 512 1827 545 'cum
1870 500 1872 502 ’

311 585 430 623 men,
466 568 657 628 cognito
690 564 780 611 deo
813 564 1030 627 adempta
1059 564 1277 627 placendi
1313 566 1568 624 voluntate,
1601 583 1688 630 per
1716 559 1942 629 luxuri&

310 638 604 685 vacationem
638 636 791 681 omnia
821 636 902 681 illa
930 643 981 680 ut
1012 636 1178 691 otiosa,
1210 643 1261 680 ut
1290 635 1478 682 hostilia
1507 635 1761 699 pudicitiae
1777 640 1823 698 2)
1849 628 1942 687 r&

314 715 549 755 cusantur.
610 704 730 751 Nam
761 704 839 750 ubi
872 703 1007 760 deus,
1052 704 1119 751 ibi
1157 703 1405 767 pudicitia,
1453 705 1518 752 ibi
1556 708 1760 768 gravitas
1798 706 1922 757 aditi*

314 778 410 823 trix
441 784 490 823 et
518 776 650 822 socia
681 775 796 820 eius.
862 773 962 831 Quo
996 789 1111 835 ergo
1143 782 1284 836 pacto
1321 773 1593 837 pudicitiam
1631 778 1730 824 sine
1762 778 1942 844 instra-zr-

316 854 473 894 mento
506 861 605 901 suo,
639 843 686 890 id
718 852 803 900 est,
837 846 935 889 sine
969 845 1200 904 gravitate
1232 844 1566 892 tractabimus?
1595 846 1827 908 quomodo
1851 859 1942 896 am

316 925 407 963 tem
456 916 732 977 gravitatem
778 912 1172 959 administrandae
1218 911 1474 975 pudicitiae
1512 914 1806 975 adhibemus,
1846 913 1942 966 nissi

316 995 366 1033 et
395 987 443 1032 in
479 985 602 1031 facie
643 992 692 1030 et
722 984 769 1028 in
809 984 934 1028 cultu
966 991 1014 1029 et
1043 984 1090 1028 in
1128 983 1270 1028 totius
1301 982 1500 1031 hominis
1539 986 1942 1050 contemplatione

318 1055 548 1103 severitas
580 1053 969 1100 circumferatur?

459 1129 507 1174 9.
570 1122 881 1180 Quamobrem
914 1137 1030 1182 erga
1058 1123 1276 1169 vestitum
1308 1139 1493 1186 quoque
1525 1132 1574 1171 et
1604 1126 1784 1188 reliqua
1809 1142 1920 1172 com·

318 1194 565 1258 positionis
603 1200 789 1255 vestrae
828 1190 1161 1252 impedimenta
1205 1191 1402 1254 proinde
1448 1193 1582 1240 vobis
1622 1194 1829 1246 curanda
1866 1210 1933 1243 cs·

319 1263 574 1325 amputatio
623 1269 672 1307 et
717 1259 934 1306 decussio
980 1259 1361 1310 redundantioris
1400 1263 1581 1309 nitoris.
1670 1262 1790 1310 Nam
1830 1265 1942 1327 quir—³

320 1331 531 1397 prodest,
564 1331 734 1376 faciem
768 1328 951 1392 quidem
983 1330 1107 1392 frugi
1140 1338 1188 1376 et
1219 1329 1494 1393 expeditam,
1516 1340 1566 1379 et
1595 1333 1942 1396 simplicitatem

322 1400 604 1463 condignam
636 1399 821 1450 divinae
861 1398 1136 1462 disciplinae
1170 1399 1412 1457 exhibere,
1447 1410 1610 1448 cetera
1637 1418 1752 1449 vero
1772 1402 1932 1467 corp&-

325 1473 390 1518 ris
423 1471 662 1517 laciniosis
692 1485 965 1532 pomparum
985 1478 1034 1516 et
1050 1468 1314 1516 delitiarum
1339 1471 1527 1533 ineptiis
1546 1475 1813 1537 occupare?
1842 1471 1942 1524 Hae<

321 1556 521 1605 pompae
553 1556 685 1602 quam
720 1538 778 1585 de
809 1540 1023 1601 proximo
1057 1548 1224 1585 curent
1253 1540 1464 1587 luxuriae
1503 1543 1742 1603 negotium
1781 1551 1830 1589 et
1860 1541 1933 1591 ob*

323 1618 538 1673 strepant
567 1608 822 1671 pudicitiae
855 1607 1128 1670 disciplinis,
1159 1608 1445 1670 dignoscere
1477 1611 1523 1656 in
1553 1611 1682 1658 facili
1714 1620 1800 1669 est,
1821 1622 1942 1676 quau⁴

326 1682 525 1743 gratiam
564 1677 753 1724 decoris
794 1678 943 1724 cultus
982 1679 1212 1724 societate
1251 1677 1557 1740 prostituant,
1603 1678 1745 1739 adeo,
1792 1683 1831 1728 si
1863 1679 1920 1729 de

324 1751 437 1806 sint,
484 1749 664 1794 irritam
711 1755 760 1793 et
802 1748 1033 1808 ingratam
1079 1746 1295 1804 reddunt,
1340 1749 1469 1795 velut
1512 1759 1795 1797 exarmatam
1811 1751 1857 1809 3)
1898 1765 1937 1798 e·

324 1819 614 1879 naufragam.
685 1816 862 1863 Contra
901 1817 939 1862 si
977 1817 1129 1862 forma
1167 1815 1367 1874 defecit,
1414 1815 1743 1866 adminiculum
1779 1820 1926 1867 nitori:

327 1889 458 1952 quasi
497 1886 555 1933 de
595 1902 678 1933 suo
718 1887 917 1948 gratiam
955 1887 1153 1949 supplet.
1220 1885 1419 1934 Aetates
1464 1886 1665 1951 denique
1710 1890 1932 1952 requieta>

326 1961 418 2006 iam
450 1966 498 2005 et
527 1958 574 2003 in
604 1964 790 2019 portum
823 1954 1082 2002 modestiae
1115 1955 1367 2003 subductas
1398 1956 1622 2020 splendor
1658 1967 1707 2006 et
1746 1958 1930 2021 dignita

329 2029 479 2076 cultus
512 2034 714 2073 avocant
746 2034 794 2072 et
818 2027 1118 2072 severitatem
1137 2020 1502 2088 appetitionibus
1519 2029 1794 2090 inquietant,
1822 2042 1927 2075 com¹

326 2097 630 2161 pensantibus
662 2096 848 2142 scilicet
877 2095 1062 2141 habitus
1093 2097 1386 2143 irritamento
1425 2113 1511 2160 pro
1550 2097 1731 2160 frigore
1763 2099 1928 2145 aetatis

327 2167 474 2228 Erg0,
506 2164 804 2221 benedictae,
837 2166 986 2227 primo
1021 2164 1204 2226 quidem
1235 2174 1286 2211 ut
1317 2167 1509 2212 lenones
1541 2175 1590 2213 et
1618 2169 1924 2230 prostitutore

327 2238 523 2283 vestitus
555 2243 603 2281 et
635 2235 783 2280 cultus
815 2249 873 2279 ne
906 2235 952 2279 in
981 2250 1066 2280 vos
1098 2233 1402 2293 admiseritis;
1437 2244 1531 2282 tum
1563 2237 1602 2282 si
1635 2253 1747 2299 quas
1777 2238 1852 2285 vel
1879 2235 1923 2284 di

327 2306 543 2351 vitiarum
586 2306 810 2362 [suarum]
850 2303 925 2349 vel
964 2303 1185 2349 natalium
1229 2305 1304 2350 vel
1342 2313 1472 2351 retro
1511 2304 1788 2367 dignitatum
1826 2307 1929 2352 rati·

332 2374 573 2436 compellit
608 2374 671 2418 ita
711 2373 1002 2435 pompaticas
1039 2372 1289 2435 progredi,
1332 2382 1379 2419 ut
1409 2375 1685 2437 sapientiam
1701 2377 1748 2435 4)
1782 2390 1925 2422 conse

332 2453 468 2491 cutae
501 2451 766 2505 temperare
800 2443 963 2488 saltem
995 2442 1052 2488 ab
1092 2442 1356 2489 huiusmodi
1395 2453 1579 2500 curate,
1620 2460 1678 2491 ne
1718 2446 1830 2491 totis
1868 2445 1927 2492 ha

329 2514 464 2561 benis
502 2513 739 2559 licentiam
778 2512 1011 2573 usurpetis
1049 2521 1298 2573 praetextu
1335 2511 1651 2560 necessitatis.¹
1707 2512 1931 2572 Quomodo

332 2584 456 2631 enim
485 2582 814 2638 humilitatem,
857 2597 988 2643 quam
1023 2580 1277 2628 Christiani
1308 2583 1602 2644 profitemur,
1642 2584 1836 2646 implere
1867 2598 1931 2646 po·

331 2652 602 2712 terimus5),
636 2668 728 2698 non
766 2651 1108 2714 repastinantes
1148 2651 1410 2699 divitiarum
1445 2661 1705 2699 vestrarum
1742 2653 1817 2700 vel
1856 2653 1928 2700 ele

333 2724 594 2785 gantiarum
631 2737 786 2778 usum,
835 2736 951 2784 quae
991 2719 1050 2767 ad
1088 2721 1285 2783 gloriam
1330 2723 1539 2769 faciunt?
1600 2721 1762 2770 Gloria
1798 2731 1934 2770 auten

334 2793 560 2848 exaltare,
580 2807 673 2838 non
690 2791 934 2838 humiliare
954 2793 1212 2838 consuevit.
1287 2790 1397 2838 Non
1415 2794 1536 2839 enim
1553 2801 1736 2839 utemur
1752 2794 1924 2844 nostris

447 2930 492 2982 1)
520 2931 609 2979 Rig.
642 2931 977 2980 dintringere.
1066 2930 1110 2979 2)
1129 2931 1218 2978 Rig.
1251 2942 1339 2979 per
1369 2931 1475 2969 lux.
1502 2932 1839 2970 occasionem
1871 2932 1934 2986 oq}

333 2989 389 3024 ut
419 2990 483 3024 ot.
517 2990 605 3023 aut
634 2987 860 3024 hostilia
890 2998 1058 3024 recus.
1177 2986 1217 3034 3)
1235 2987 1363 3025 Seml.
1396 2989 1719 3024 exornatam.
1799 2987 1936 3036 ‘nnis

334 3045 389 3079 ut
435 3053 538 3088 sap.
587 3054 684 3079 non
726 3043 1011 3080 videantur
1056 3047 1402 3090 consecutae,
1442 3045 1591 3091 temp.
1628 3043 1818 3080 malum
1855 3039 1922 3091 hn‘

335 3097 559 3136 iusmodi
593 3101 788 3136 curate.
906 3099 950 3147 5)
971 3099 1059 3147 Rig.
1092 3110 1236 3145 quam
1267 3099 1441 3136 nostri
1471 3095 1825 3149 profitentur,
1858 3098 1934 3136 im·

337 3154 481 3202 plere
512 3153 775 3201 poteritis.
