1942 3554
9 206 13 208 -
43 169 112 259 ³332
452 235 471 250 l
567 193 650 273 nn.
681 191 1133 234 SPECTAGULAES.
1583 195 1660 246 25

16 327 199 405 ficret,
243 335 409 394 homo,
454 350 585 383 reum
618 341 666 382 et
696 332 923 381 iudicem.
965 350 1118 392 reum,
1168 334 1268 398 qui,
1318 335 1424 400 quia
1454 333 1659 395 videtur,

15 420 143 457 mus
175 415 272 456 est.
317 404 544 463 iudicem,
592 405 690 468 qui,
740 404 845 469 quia
884 402 1034 462 videt,
1083 403 1226 452 iudex
1265 415 1352 453 est.
1415 405 1658 471 Numquid

0 471 155 543 {firgo
192 487 241 526 et
278 485 410 525 extra
449 475 619 523 limites
659 476 775 522 circi
807 475 958 522 furori
989 474 1249 534 studemus,
1299 485 1346 523 et
1385 485 1521 524 extra
1553 494 1658 525 car-

15 547 167 600 {druos
198 548 370 597 theatri
407 545 725 610 impudicitiae
764 544 1070 604 intendimus,
1121 555 1168 594 et
1207 547 1487 595 insolentiae
1520 557 1654 595 extra

32 618 255 678 stadium,
316 626 368 665 et:
407 615 826 664 immisericordiae
874 625 1007 663 extra
1053 617 1465 680 amphitheatrum,
1530 618 1655 682 quod

32 689 148 739 deus
186 691 324 738 etiam
370 696 505 735 extra
544 703 754 734 cameras
795 696 843 734 et
881 685 1056 750 gradus
1103 696 1150 733 et
1189 688 1431 751 apulias1)
1488 690 1656 736 oculos

30 759 189 809 habet.
280 758 524 815 Erramus,
586 773 808 821 nusquam
857 765 905 805 et
949 774 1179 822 nunquam
1227 767 1484 805 excusatur
1528 758 1655 823 quod

19 829 147 881 deus
178 828 378 878 damnat.
438 827 678 892 Nusquam
711 837 760 875 et
789 844 1020 892 nunquam
1053 829 1188 887 licet,
1228 828 1355 894 quod
1386 845 1575 893 semper
1606 839 1654 877 et

31 899 199 966 ubique
230 916 325 948 non
356 899 485 948 lieet.
547 899 676 947 Haec
709 908 781 947 est
809 900 1021 948 veritatis
1053 900 1324 964 integritas,
1374 909 1422 947 et
1454 916 1572 965 quae
1607 901 1654 948 ei

8 969 230 1021 dohetur
258 969 534 1035 disciplinae
564 969 809 1034 plenitudo
851 979 899 1017 ct
936 970 1196 1034 aequalitas
1234 971 1416 1018 timoris
1455 980 1504 1018 et
1535 970 1655 1018 fides

7 1041 265 1107 ξοἷ’)ειείῑυίἰ,
311 1058 404 1090 non
443 1042 687 1089 immutare
727 1041 1009 1089 sententiam
1048 1056 1137 1088 nec
1175 1043 1363 1089 variare
1403 1040 1648 1089 iudicium.

8 1110 136 1162 'Non
171 1121 332 1177 potest
368 1109 495 1159 aliud
534 1128 663 1170 esse,
713 1111 838 1176 quod
877 1127 989 1159 vere
1030 1111 1215 1175 quidem
1254 1121 1326 1160 est
1363 1112 1534 1160 bonum
1567 1129 1653 1161 seu

3 1183 212 1234 vudum.
277 1182 440 1231 Omnia
471 1191 626 1231 autem
655 1198 803 1247 penes
833 1184 1080 1231 veritatem
1114 1181 1190 1231 dei
1224 1184 1315 1230 fixa
1348 1192 1470 1231 sunt.

167 1258 254 1306 21.
294 1253 509 1312 Ethnici,
559 1269 676 1317 quos
706 1270 852 1316 penes
884 1250 1007 1300 nulla
1041 1262 1114 1301 est
1142 1255 1357 1301 velitatis
1388 1254 1650 1317 plenitudo,

29 1325 138 1389 quia
174 1340 264 1372 nee
303 1323 474 1371 doctor
508 1324 720 1372 veritatis
761 1323 898 1381 deus,
949 1323 1116 1370 malum
1155 1341 1211 1372 ac
1248 1324 1420 1372 bonum
1452 1340 1539 1388 pro
1573 1342 1651 1372 ar-

2 1394 168 1444 ³bitrio
213 1409 269 1442 ac
314 1392 508 1442 libidine
553 1394 943 1457 interpretantur,
992 1394 1100 1442 alibi
1146 1394 1319 1442 bonum
1366 1394 1489 1459 quod
1537 1395 1650 1443 alibi

2 1465 214 1524 ·malum‚
247 1473 297 1514 et
324 1464 435 1513 alibi
465 1464 631 1512 malum
663 1463 788 1528 quod
819 1464 930 1512 alibi
960 1464 1150 1512 bonum.
1204 1465 1284 1513 Sic
1318 1482 1437 1529 ergo
1471 1467 1647 1524 evenit,

0 1543 76 1584 ·ut
104 1537 195 1602 ,qui
238 1536 286 1583 in
329 1534 519 1599 publico
565 1535 644 1582 vix
688 1537 977 1583 necessitate
1024 1536 1213 1584 vesicae
1251 1538 1456 1584 tunicam
1497 1537 1647 1594 levet,

0 1604 147 1655 -fflem
177 1607 225 1654 in
255 1607 387 1655 circo
420 1606 560 1654 aliter
590 1622 682 1652 non
716 1606 1005 1663 exsultet2)‚
1039 1607 1127 1653 nisi
1159 1615 1306 1654 totum
1339 1606 1566 1670 pudorem
1599 1609 1650 1654 in

0 1677 190 1726 T'ficiem
238 1677 440 1725 omnium
485 1677 710 1732 intentetg
783 1686 831 1725 et
877 1677 953 1740 qui
999 1676 1122 1724 filiae
1169 1677 1368 1741 virginis
1415 1678 1473 1725 ab
1521 1678 1646 1725 omni

4 1760 192 1814 spurco
222 1744 370 1796 verbo
410 1763 549 1796 aures
587 1755 766 1805 tuetur,
814 1748 916 1811 ipse
951 1763 1052 1795 eam
1091 1747 1138 1794 in
1180 1748 1410 1796 theatrum
1449 1747 1507 1796 ad
1538 1749 1645 1795 illas

0 1823 165 1867 :veces
204 1818 690 1883 gesticulationesque
731 1816 958 1876 deducat3
1010 1827 1058 1864 et
1095 1819 1172 1882 qui
1211 1819 1258 1864 in
1298 1819 1468 1881 plateis
1517 1819 1644 1865 litem

21 1898 156 1937 manu
187 1896 404 1953 agentem
435 1896 515 1934 aut
545 1888 806 1951 compescit
836 1896 915 1934 aut
946 1886 1226 1946 detestatur,
1260 1887 1384 1935 idem
1417 1891 1462 1935 in
1491 1889 1643 1936 stadio

21 1959 318 2024 gravioribus
348 1958 517 2022 pugnis
549 1957 820 2021 suffragium
852 1958 999 2016 ferat3
1045 1967 1092 2004 et
1124 1959 1200 2021 qui
1232 1957 1291 2005 ad
1324 1958 1528 2006 cadaver
1559 1959 1647 2006 ho-

19 2030 155 2077 minis
187 2029 418 2077 communi
450 2028 557 2091 lege
592 2027 801 2075 defuncti
835 2028 1082 2086 exhorret,
1116 2028 1240 2076 idem
1273 2030 1319 2075 in
1352 2030 1645 2093 amphithea-

19 2098 301 2148 trmderosa
331 2107 381 2146 et
410 2097 631 2162 dissipata
671 2107 719 2145 et
757 2099 803 2145 in
845 2116 929 2146 suo
971 2100 1197 2162 sanguine
1238 2100 1502 2163 squalentia
1535 2116 1644 2147 cor-

19 2185 136 2235 pora
158 2169 509 2235 patientissimis
535 2169 684 2217 oculis
710 2167 914 2233 desuper
938 2169 1197 2227 incumbat3
1231 2170 1323 2217 imo
1352 2171 1428 2234 qui
1444 2179 1645 2234 propter

19 2238 282 2289 homicidae
313 2255 512 2304 poenam
543 2237 829 2303 probandam
862 2239 919 2287 ad
952 2241 1270 2303 spectaculum
1301 2242 1476 2299 veniat,
1517 2241 1641 2289 idem

21 2309 329 2377 fidiatorem
360 2309 418 2358 ad
449 2309 749 2358 homicidium
781 2310 982 2375 flagellis
1016 2319 1062 2358 et
1100 2311 1247 2375 virgis
1288 2312 1541 2376 compellat
1570 2313 1640 2359 in-

20 2379 188 2445 mun
244 2389 294 2429 et
330 2381 407 2445 qui
446 2381 693 2445 insigniori
734 2383 901 2446 cuique
941 2381 1206 2430 homicidae
1246 2382 1431 2429 leonem
1469 2384 1639 2446 poscit,

20 2447 144 2506 ἥξω
174 2449 426 2517 gladiatori
457 2453 607 2499 atroci
639 2460 767 2515 petat
791 2451 952 2500 rudem
979 2461 1026 2499 et
1048 2453 1218 2515 pileum
1243 2453 1497 2516 praemium
1526 2469 1640 2499 con-

20 2514 166 2583 stunt,
197 2521 323 2569 illum
349 2538 464 2570 vero
492 2523 758 2570 confectum
784 2524 921 2570 etiam
949 2523 1044 2570 oris
1070 2524 1342 2586 spectaculo
1369 2532 1556 2586 repetat
1573 2525 1637 2587 3),

21 2588 240 2645 Ifflemus
275 2607 632 2656 recognoscens
673 2591 730 2639 de
768 2594 1007 2657 proximo,
1057 2609 1193 2656 quem
1233 2593 1380 2640 voluit
1411 2593 1637 2641 occidere

22 2648 99 2710 δε
110 2662 389 2727 longinquo,
421 2673 551 2711 tanto
586 2662 747 2710 durior
778 2664 814 2711 si
848 2664 1077 2721 noluit4).

29 2734 31 2737 ’
164 2735 249 2784 22.
305 2733 426 2793 Quid
463 2735 626 2781 mirum
665 2743 914 2799 inaequata
953 2734 1041 2780 ista
1075 2734 1305 2781 hominum
1344 2735 1639 2782 miscentium

17 2856 156 2897 β-

18 2943 63 2991 ),ἑζ
136 2942 188 2991 1)
228 2939 437 2988 &navi-lac
485 2947 741 2984 Wouwerus
794 2945 984 2983 correxit
1034 2947 1306 2994 probavitque
1362 2947 1430 2984 Fr.
1475 2944 1642 2984 lunius.

86 2996 316 3038 ,Wouwen
351 3012 373 3038 e
398 3002 486 3039 MS.
515 3006 688 3040 exuat.
801 2999 842 3050 3)
872 3001 1098 3050 Rigaltiunz
1143 3006 1195 3040 et
1236 3004 1444 3051 pileum,
1491 3003 1635 3039 illum

16 3051 89 3094 ,ᾖξ-’
114 3066 142 3094 o
172 3057 305 3094 conf.
337 3056 499 3094 etiam
531 3059 645 3096 oris
677 3062 845 3107 spect.
880 3069 983 3106 rep.
1028 3058 1255 3097 Rhenanus
1287 3063 1330 3096 et
1360 3060 1423 3097 ed.
1453 3059 1636 3096 Franek.

14 3132 21 3139 2
140 3123 183 3150 m
226 3111 424 3153 amoris
471 3117 625 3162 spect.
756 3116 809 3161 4)
853 3115 1066 3152 Wouwer.
1098 3127 1121 3154 e
1150 3118 1238 3155 MS.
1277 3128 1423 3163 quem
1456 3116 1637 3153 noluit

9 3198 23 3202 ..
66 3164 93 3178 ‘⁴
117 3192 131 3206 0
154 3187 213 3197 —
242 3168 286 3207 si
315 3168 496 3207 voluit.
554 3170 761 3219 Rigaltius
787 3184 808 3208 e
835 3170 920 3209 MS.
954 3170 995 3208 si
1026 3183 1128 3209 non
1158 3173 1339 3210 voluit.
