1942 3554
400 108 495 147 DE
529 107 995 149 TESTIMONIO
1031 107 1334 149 ANIMAE.
1570 107 1676 159 181

42 180 75 231 ‘l

39 252 272 310 linteata?
312 249 364 299 In
402 250 518 314 ipsis
550 248 754 313 denique
785 248 971 312 templis
1016 247 1152 297 deum
1190 247 1394 297 iudicem
1439 250 1701 315 imploras(

46 322 134 372 sub
163 320 454 385 Aesculapio
487 329 639 378 stans,
674 319 898 366 lunonem
929 319 978 367 in
1014 322 1129 368 ae're
1162 334 1390 379 exorans,
1427 320 1675 370 Minervae

50 393 272 442 calceans
302 391 448 440 furvis
480 390 663 454 galeam
694 390 858 436 formis
895 391 962 451 1),
1003 398 1052 439 et
1088 390 1320 438 neminem
1361 389 1418 438 de
1450 407 1678 455 praesen-

51 464 178 512 tibus
209 461 310 511 diis
330 461 637 519 contestaris;
681 460 728 506 in
760 468 839 506 tuo
864 460 970 507 foro
995 459 1186 508 aliunde
1211 460 1415 510 iudicem
1448 462 1677 526 appellas,

51 535 99 582 in
129 533 222 581 tuis
252 532 437 596 templis
467 531 607 577 alium
641 528 775 577 deum
808 531 1002 593 pateris.
1037 530 1072 579 Ο
1105 533 1422 579 testimonium
1445 533 1676 589 veritatis,

52 618 172 670 quae
203 601 326 668 apud
355 602 456 665 ipsa
489 599 735 648 daemonia
766 609 935 648 testem
968 601 1114 648 efficit
1147 601 1534 650 Christianorum.

175 677 222 725 3.
275 671 529 719 Enimvero
563 686 647 718 cur
678 671 926 718 daemonia
948 671 1225 720 affirmamus
1244 675 1383 720 esse?
1416 689 1530 722 sane
1548 674 1679 738 quasi

50 761 147 793 non
171 751 219 792 et
243 741 517 807 probemus,
545 742 624 805 qui
650 757 706 788 ea
731 741 821 788 soli
847 741 905 788 de
932 742 1211 806 corporibus
1238 745 1483 807 exigimus.
1517 744 1679 807 Aliqui

45 814 304 880 Chrysippi
328 820 594 861 assentator
616 810 770 858 illudit
801 828 881 871 ea,
921 821 970 860 at
991 814 1037 873 ²)
1069 829 1174 861 esse
1208 822 1256 861 et
1281 813 1679 862 abominationem

53 886 308 943 sustinere,
345 883 703 931 exsecrationes
726 891 834 930 tuae
868 883 1172 948 respondent.
1207 884 1515 932 Daemonium
1534 902 1679 934 vocas

26 942 286 1005 ‘bominem
330 962 410 1002 aut
461 952 750 1000 immunditia
795 962 876 1001 aut
927 955 1103 1003 malitia
1157 965 1235 1003 aut
1290 956 1545 1004 insolentia
1602 964 1683 1004 aut

53 1041 328 1092 quacunque
365 1024 571 1083 macula,
612 1041 746 1088 quam
793 1042 878 1072 nos
919 1024 1180 1073 daemoniis
1213 1026 1511 1090 deputamuS,
1542 1024 1682 1094 [aut]

52 1096 114 1146 ad
143 1097 476 1145 necessitatem
508 1095 605 1143 odii
645 1104 956 1159 opportunum
993 1097 1059 1156 3).
1140 1097 1360 1145 Satanam
1402 1097 1603 1163 denique
1635 1100 1685 1144 in

55 1167 182 1216 omni
225 1167 524 1238 fflrsatione
562 1167 608 1225 4)
659 1175 708 1212 et
737 1168 1066 1230 aspernatione
1115 1177 1164 1216 et
1210 1168 1526 1215 detestatione
1571 1184 1684 1232 pro-

55 1234 264 1295 nuntias,
305 1253 444 1301 quem
474 1253 558 1284 nos
591 1235 788 1284 dicimus
827 1238 1034 1294 malitiae
1075 1240 1316 1302 angelum,
1364 1241 1509 1287 totius
1549 1255 1684 1287 erro-

55 1309 124 1356 ris
154 1307 414 1366 artificem,
446 1308 590 1354 totius
623 1307 773 1355 seculi
804 1308 1216 1372 interpolatorem,
1257 1325 1344 1373 per
1375 1326 1512 1374 quem
1544 1310 1683 1358 homo

55 1395 85 1427 a
114 1377 370 1441 primordio
403 1378 770 1436 circumventus,
804 1388 854 1424 ut
885 1389 1190 1443 praeceptum
1218 1379 1295 1428 dei
1327 1379 1603 1439 excederet,
1638 1389 1687 1429 et

28 1457 311 1514 -Jropterea
355 1449 403 1494 in
448 1456 647 1495 mortem
692 1448 849 1506 datus,
904 1448 1076 1496 exinde
1122 1459 1270 1498 totum
1310 1466 1460 1514 genus
1498 1451 1556 1513 de
1598 1468 1684 1499 suo

56 1520 235 1568 semine
253 1518 477 1565 infectum
493 1534 605 1566 suae
625 1519 763 1566 etiam
782 1518 1091 1567 damnationis
1108 1521 1352 1569 traducem
1363 1523 1496 1570 fecit.
1524 1521 1685 1570 Sentis

56 1590 204 1654 igitur
231 1587 522 1653 perditorem
555 1598 696 1636 tuum.
773 1589 836 1636 Et
874 1590 990 1638 licet
1015 1591 1105 1638 soli
1136 1592 1264 1639 illum
1296 1594 1517 1641 noverint
1550 1593 1687 1641 Chri-

56 1661 220 1718 stiani,
258 1660 334 1708 vel
365 1674 672 1724 quaecunque
710 1659 832 1725 apud
872 1660 1102 1710 dominum
1145 1672 1300 1721 secta,
1351 1673 1400 1712 et
1435 1673 1486 1711 tu
1529 1673 1684 1712 tamen

58 1745 163 1779 eum
203 1730 352 1789 nosti,
386 1728 492 1777 dum
525 1729 683 1778 odisti.

79 1798 100 1805 “
207 1806 256 1851 4.
310 1800 406 1848 lam
437 1816 560 1847 nunc
594 1800 719 1864 quod
752 1801 810 1848 ad
841 1804 1220 1851 necessariorem
1252 1805 1531 1851 sententiam
1563 1814 1687 1853 tuam

60 1879 270 1936 spectet,
301 1871 348 1917 in
381 1879 598 1935 quantum
631 1881 679 1918 et
709 1870 766 1918 ad
798 1872 943 1935 ipsum
985 1882 1154 1921 statum
1193 1883 1318 1921 tuum
1351 1874 1523 1934 tendit,
1565 1874 1687 1922 affir-

60 1958 258 1999 mamus,
294 1949 339 1988 te
372 1957 563 1989 manere
595 1951 704 2005 post
734 1944 857 1990 vitae
891 1941 1289 2008 dispunctionem,
1324 1955 1373 1993 et
1403 1955 1686 2010 exspectare

63 2012 187 2060 diem
219 2010 404 2068 iudicii,
443 2028 624 2076 proque
656 2013 838 2060 meritis
870 2024 950 2061 aut
982 2016 1211 2063 cruciatui
1244 2015 1470 2064 destinari
1501 2026 1580 2064 aut
1610 2034 1690 2065 re-

62 2083 286 2146 frigerio,
319 2090 520 2146 utroque
551 2083 863 2146 sempitern03
902 2085 1066 2149 quibus
1091 2086 1377 2134 sustinendis
1408 2089 1687 2136 necessario

32 2200 36 2201 ⁷
62 2153 146 2200 tibi
177 2152 478 2200 substantiam
508 2154 748 2216 pristinam
783 2154 1088 2220 eiusdemque
1120 2157 1321 2205 bominis
1345 2160 1606 2216 materiam,
1642 2168 1689 2206 et

61 2223 331 2272 memoriam
363 2239 681 2282 reversuram,
726 2225 850 2289 quod
884 2235 931 2273 et
961 2227 1074 2274 nihil
1113 2228 1220 2275 mali
1261 2245 1318 2276 ac
1357 2229 1470 2276 boni
1510 2231 1690 2277 sentire

61 2295 212 2358 possis
248 2295 350 2342 sine
392 2295 547 2342 carnis
584 2296 864 2358 passionalis
906 2297 1155 2357 facultate,
1213 2309 1262 2347 et
1301 2301 1426 2346 nulla
1468 2301 1590 2346 ratio
1631 2301 1690 2346 sit

63 2363 224 2417 iudicii
255 2367 356 2412 sine
389 2365 533 2429 ipsius
567 2366 880 2426 exhibitione,
916 2369 993 2431 qui
1018 2371 1188 2416 meruit
1213 2369 1374 2417 iudicii
1405 2370 1691 2432 passionem.

181 2559 226 2615 1)
245 2563 419 2611 Rigalt-t
451 2566 703 2603 lunonem
729 2566 783 2602 in
803 2576 924 2602 aere
956 2577 1250 2615 exaurans,
1280 2568 1569 2606 Minervam
1592 2569 1690 2607 cal-

74 2618 233 2657 ceans
264 2619 430 2657 furris
468 2621 672 2670 galeam
706 2622 900 2658 formis.
931 2622 1061 2658 Rhen.
1084 2625 1194 2659 Iun.
1220 2622 1268 2659 in
1294 2635 1417 2661 aere
1447 2635 1690 2676 exorant,

68 2674 353 2712 Minervam
394 2677 600 2715 caleias
641 2677 814 2715 furnis
852 2678 1055 2727 galeam
1084 2679 1283 2718 formis.
1349 2681 1495 2719 Iunius
1528 2694 1690 2722 versum

74 2730 285 2768 senarium
324 2732 533 2772 restituit:
598 2734 867 2771 Minervae
908 2731 1082 2772 furvis
1119 2736 1320 2783 galeam
1360 2737 1546 2776 formis
1586 2741 1691 2778 cal-

71 2797 242 2823 ceans.
370 2786 412 2835 2)
441 2789 553 2837 Rig.:
583 2789 775 2827 illudit.
822 2791 883 2827 Et
915 2802 1048 2829 esse.
1090 2793 1172 2830 Sed
1201 2804 1238 2830 v.
1270 2805 1326 2830 ea
1355 2796 1471 2831 recte
1501 2796 1690 2836 retinue-

67 2845 167 2879 runt
197 2842 288 2879 edd.
318 2843 505 2891 reliquae
536 2857 680 2884 omnes
714 2851 765 2883 et
798 2850 938 2883 autem
962 2847 1003 2883 in
1032 2852 1086 2885 at
1106 2849 1357 2887 mutandum
1379 2862 1471 2888 esse
1503 2859 1690 2900 apparet.

69 2897 115 2946 3)
134 2899 229 2935 Non
253 2898 417 2947 dubito,
451 2901 552 2947 quin
583 2913 674 2941 voc.
706 2907 806 2952 aut,
839 2903 951 2949 quod
980 2903 1064 2940 illis
1097 2905 1156 2942 ad
1186 2917 1384 2944 necess.
1416 2910 1631 2955 praecedit
1653 2916 1689 2948 et

68 2954 274 2991 U'ouwer
315 2954 359 2991 in
389 2957 439 2992 et
477 2960 676 3002 mutavit,
723 2959 910 3006 spurium
942 2959 1018 3006 sit;
1064 2972 1138 3009 pro
1180 2962 1292 3012 vulg.
1342 2969 1690 3011 opportunam

69 3020 151 3048 non
179 3010 553 3060 importunum,
585 3014 755 3063 utiRig.
773 3015 1016 3064 voluit,sed
1033 3021 1386 3066 opportunum
1419 3023 1698 3061 scribendum.

41 3065 122 3127 34)
151 3066 283 3104 Rhen.
316 3070 358 3104 et
388 3068 451 3105 ed.
481 3069 613 3107 Paris.
645 3071 935 3109 vexatione.

49 3517 127 3554 zm
