1942 3554
548 158 1128 215 Aronoessrmus.
1581 172 1651 221 71

0 305 239 368 &homines
269 317 433 366 fuisse.
498 315 593 365 Sed
633 324 682 363 et
718 315 818 379 ipsa
850 315 1030 363 inficias
1069 314 1108 362 si
1141 314 1273 372 ierit,
1315 312 1373 362 de
1406 315 1501 361 suis
1533 314 1656 361 anti-

0 389 252 456 aquitatum
297 386 615 436 instrumentis
660 386 954 443 revincetur,
1020 384 1078 433 de
1125 384 1291 448 quibus
1339 400 1423 432 eos
1470 383 1653 443 didicit,

27 459 342 509 testimonium
378 455 734 523 perhibentibus
766 455 825 502 ad
856 455 1132 504 hodiernum
1172 464 1220 502 et
1259 454 1550 513 civitatibus,
1605 455 1654 502 in

14 528 194 595 quibus
223 529 320 576 nati
350 536 476 585 sunt,
530 535 579 574 et
608 526 907 590 regionibus,
957 527 1004 573 in
1045 526 1212 590 quibus
1251 524 1425 589 aliquid
1467 526 1655 590 operati

25 599 229 664 vestigia
266 598 578 662 reliquerunt,
640 598 685 643 in
725 596 891 661 quibus
931 598 1070 644 etiam
1109 597 1279 659 sepulti
1326 595 1654 644 demonstran·

26 679 123 718 tm·-
196 667 302 717 Nee
333 684 423 732 ego
454 683 541 732 per
571 668 783 731 singulos
822 666 1090 724 decurram,
1143 675 1215 712 tot
1250 681 1307 712 ac
1340 675 1520 724 tantos,
1567 682 1655 715 no-

25 755 135 798 vos,
182 747 390 797 veteres,
445 737 697 795 barbaros,
755 737 987 795 Graecos,
1036 737 1296 794 Romanos,
1352 737 1655 800 peregrinos,

29 808 264 876 captivos,
303 807 573 872 adoptivos,
611 809 856 872 proprios,
893 823 1185 865 communes,
1227 807 1484 865 masculos,
1518 807 1655 854 femi-

26 895 154 938 nas„
184 879 410 938 rusticoS‚
456 878 683 936 urbanos,
737 880 977 936 nauticos,
1025 878 1273 935 militares3
1330 877 1532 924 otiosum
1582 885 1655 925 est

0 950 170 999 -etiam
200 949 364 997 titulos
395 950 637 1014 persequi,
678 958 729 996 ut
759 949 979 1013 colligam
1011 951 1056 995 in
1092 947 1439 1012 compendium,
1482 957 1530 995 et
1560 947 1655 995 hoc

11 1035 121 1069 ¹non
151 1036 243 1085 quo
276 1021 603 1084 cognoscatis,
652 1019 738 1068 sed
767 1021 1154 1084 recognoscatis3
1210 1028 1344 1067 certe
1377 1020 1500 1066 enim
1533 1018 1654 1066 obli-

0 1098 102 1139 ώοο
130 1092 289 1156 agitis.
364 1089 493 1139 Ante
527 1090 776 1138 Saturnum
816 1089 930 1138 deus
968 1106 1116 1154 penes
1156 1106 1239 1137 vos
1271 1105 1408 1156 nemo
1443 1098 1539 1148 est,
1595 1089 1654 1137 ab

13 1160 110 1208 'illo
142 1177 310 1209 census
340 1162 487 1209 totius
518 1161 593 1208 vel
624 1162 822 1226 potioris
855 1161 928 1209 vel
961 1161 1161 1208 notioris
1201 1159 1480 1207 divinitatis.
1561 1160 1656 1207 lta-

8 1246 119 1295 ‚que
161 1230 286 1296 quod
323 1230 381 1279 de
423 1232 607 1295 origine
648 1231 939 1289 constiterit,
987 1230 1036 1278 id
1075 1230 1132 1278 de
1164 1232 1446 1294 posteritate
1480 1245 1658 1278 conve-

28 1301 143 1348 niet.
217 1300 464 1349 Saturnum
497 1302 675 1366 itaque,
725 1303 763 1349 si
795 1311 1012 1365 quantum
1032 1302 1077 1365 ¹)
1109 1302 1299 1349 litterae
1332 1299 1530 1359 docent,
1570 1317 1657 1350 ne-

4 1385 119 1436 :que
149 1369 391 1419 Diodorus
423 1371 654 1431 Graecus,
689 1381 769 1419 aut
798 1373 1010 1431 Thallus,
1043 1388 1196 1436 neque
1217 1371 1409 1419 Cassius
1429 1370 1655 1430 Severus,

6 1449 109 1490 -aut
139 1439 387 1489 Cornelius
417 1442 604 1506 Nepos,
638 1458 791 1506 neque
824 1443 944 1490 ullus
978 1451 1322 1490 commentator
1360 1441 1656 1490 eiuscemodi

5 1511 349 1576 antiquitatum
380 1511 505 1560 aliud
537 1529 670 1576 quam
702 1513 934 1561 hominem
967 1513 1405 1577 promulgaverunt3
1446 1513 1484 1559 si
1510 1529 1659 1577 quan-

0 1591 123 1631 vtum
169 1598 325 1631 rernm
370 1592 666 1647 argumenta,
720 1600 943 1648 nusquam
990 1585 1178 1632 invenio
1225 1582 1464 1641 fideliora,
1520 1599 1655 1648 quam

6 1650 152 1718 ¹apud
188 1654 333 1718 ipsam
372 1653 571 1711 ltaliam,
626 1655 672 1700 in
712 1670 802 1718 qua
834 1652 1062 1703 Saturnus
1108 1662 1218 1718 post
1255 1654 1420 1702 multas
1460 1652 1658 1718 expedi-

0 1723 184 1772 ·tiones
227 1732 426 1788 postque
457 1722 619 1772 Attica
658 1724 862 1788 hospitia
905 1724 1142 1783 consedit,
1199 1733 1426 1788 exceptus
1465 1741 1493 1771 a
1524 1724 1655 1782 Iano,

30 1794 106 1842 vel
136 1793 270 1853 lane,
308 1803 360 1841 ut
390 1793 507 1842 Salii
537 1794 713 1842 volunt.
789 1795 949 1852 Mons,
992 1811 1126 1860 quem
1159 1795 1446 1852 incoluerat,
1490 1794 1657 1842 Satur-

30 1863 134 1912 nius
179 1863 358 1923 dictus3
430 1865 618 1922 civitas,
672 1880 806 1929 quam
854 1864 1180 1929 depalaverat,
1238 1865 1461 1912 Saturnia
1506 1880 1656 1929 usque
1696 1891 1699 1894 ·

31 1949 154 1981 nunc
187 1942 285 1993 est3
342 1943 441 1981 tota
488 1934 688 1998 denique
729 1934 886 1993 Italia,
939 1944 1048 1999 post
1086 1935 1380 1993 Oenotriam,
1437 1933 1658 1982 Saturnia

34 2004 454 2068 cognominabatur
469 2006 533 2064 2).
620 2004 696 2052 Ab
742 2006 847 2069 ipso
894 2007 1088 2069 primum
1134 2005 1321 2053 tabulae
1362 2013 1412 2053 ct
1448 2005 1656 2069 imagine

33 2074 244 2138 signatus
275 2091 459 2134 numus,
501 2084 549 2123 et
578 2074 687 2122 inde
718 2077 905 2124 aerario
936 2075 1191 2139 praesidet.
1237 2076 1413 2123 Tamen
1444 2076 1484 2122 si
1514 2075 1656 2122 homo

33 2142 283 2203 Saturnus,
335 2146 495 2210 utique
528 2162 587 2193 ex
620 2146 830 2204 homine,
881 2155 928 2194 et
959 2147 1066 2210 quia
1098 2146 1155 2194 ab
1187 2146 1398 2204 homine,
1439 2162 1532 2193 non
1564 2147 1658 2193 uti·-

32 2230 123 2280 (με
153 2213 212 2264 de
251 2216 390 2264 coelo
429 2225 479 2264 et
514 2225 655 2264 terra.
734 2216 831 2264 Sed
877 2218 1010 2265 cuius
1056 2225 1279 2281 parentes
1319 2217 1471 2280 ignoti
1503 2225 1654 2275 erant,

30 2285 174 2338 facile
211 2286 298 2334 fuit
336 2302 496 2334 eorum
537 2288 676 2335 filium
709 2287 824 2345 dici,
879 2304 1073 2352 quorum
1115 2297 1164 2336 et
1202 2303 1364 2335 omnes
1409 2303 1656 2352 possumus

31 2347 199 2422 ᾒᾶεῐί.
247 2355 359 2416 Quis
390 2358 512 2405 enim
543 2375 635 2405 non
669 2359 851 2406 coelum
885 2367 934 2406 et
963 2367 1137 2406 terram
1169 2367 1363 2405 matrem
1396 2366 1445 2405 et
1472 2365 1656 2420 patrem

31 2427 350 2483 venerationis
382 2436 431 2476 et
459 2429 651 2476 honoris
684 2431 834 2493 gratia
865 2429 1090 2493 appellet,
1122 2429 1199 2476 vel
1225 2444 1285 2476 ex
1308 2425 1655 2475 consuetudine

32 2493 255 2557 lin-aua,
301 2513 391 2562 qua
428 2499 579 2563 ignoti
618 2500 694 2547 vel
734 2516 794 2548 ex
832 2502 1074 2563 inopinato
1107 2506 1390 2563 apparentes
1422 2496 1481 2545 de
1515 2497 1655 2546 coelo

34 2568 361 2630 supervenisse
393 2567 638 2617 dicuntur?
682 2569 885 2617 Proinde
907 2569 1108 2616 Saturno
1140 2569 1389 2632 repentino
1406 2569 1450 2630 3)
1482 2566 1655 2631 ubique

37 2635 256 2687 coelitem
287 2639 486 2703 contigit
516 2640 625 2688 dici.
700 2640 819 2688 Nam
861 2649 908 2688 et
946 2648 1105 2688 terrae
1145 2639 1267 2686 filios
1298 2637 1466 2702 vulgus
1496 2646 1655 2696 vocat,

151 2806 196 2853 1)
227 2806 478 2857 comlmgd.
509 2809 551 2846 si
583 2813 855 2858 quantum,
888 2810 1041 2847 ceteri:
1074 2811 1344 2856 quantum3
1377 2810 1504 2855 atque
1528 2807 1656 2845 inal-

36 2862 130 2899 tet:
151 2861 313 2910 periodi
338 2866 457 2911 parte
491 2876 566 2913 pro
588 2877 660 2914 eo,
699 2866 810 2912 quod
831 2866 1033 2903 Gelenius
1062 2865 1218 2912 aliique
1247 2865 1579 2903 substitueram:
1612 2864 1658 2901 si

36 2926 259 2964 quaeras
284 2929 379 2956 rer.
402 2931 526 2968 argu,
558 2933 581 2958 e
606 2922 723 2959 codd.
738 2922 908 2960 Herald.
926 2925 967 2959 et
983 2922 1072 2971 Rig.
1099 2922 1398 2960 restituerunt:
1429 2922 1472 2959 ai
1496 2931 1657 2968 quan-

34 2972 141 3011 tum
170 2984 264 3011 rer.
298 2980 602 3023 argumenta
633 2981 714 3015 etc.
841 2978 886 3026 2)
917 2978 1047 3015 Rhen.
1077 2982 1119 3016 et
1138 2978 1303 3017 Gelen.:
1334 2979 1478 3015 Mons
1510 2987 1656 3024 quem

37 3028 278 3068 uoluerat
316 3031 594 3070 Saturnius
635 3035 828 3083 dictus,
878 3034 1070 3072 civitas
1110 3046 1255 3081 quam
1297 3033 1657 3072 debellaverat

73 3111 76 3114 -
109 3085 287 3124 tui-nia
328 3089 804 3136 cognominabatur.
948 3091 1000 3138 3)
1039 3093 1102 3128 lta
1129 3092 1229 3130 Her.
1257 3093 1299 3129 et
1327 3090 1432 3129 Hav.
1459 3101 1481 3127 e
1510 3088 1628 3126 codd.

99 3151 224 3180 oum:
253 3142 479 3182 Saturno
510 3144 567 3182 de
596 3148 875 3195 repentino
906 3146 1144 3185 adventu.

30 3269 47 3296 A

18 3364 89 3406 ,κς

23 3434 39 3457 ³
