1942 3554
571 171 655 211 DE
691 168 1057 212 PATIENTIA.
1542 171 1634 216 29

32 287 226 336 'entia
255 286 422 346 traxit,
454 301 548 333 non
579 287 790 344 inflatur,
823 303 917 334 non
948 287 1239 351 proterit¹)·
1287 303 1381 335 non
1420 287 1544 336 enim
1574 287 1637 336 ad

22 400 23 403 ,
52 347 271 407 tientiam
300 357 523 423 pertinet.
599 356 705 406 Nec
738 375 821 406 sua
851 359 1073 422 requirit,
1122 359 1160 406 si
1200 358 1344 406 offert
1373 375 1480 417 sua,
1528 358 1638 407 dum

22 431 138 478 teri
166 430 343 494 prosit3
376 444 466 476 nec
497 429 737 477 incitatur.
802 429 1022 477 Ceterum
1056 428 1166 494 quid
1198 431 1524 494 impatientiae
1557 446 1639 478 re·-

23 502 244 565 quisset?
300 499 439 558 Ideo,
470 500 643 564 inquit,
685 499 879 548 dilectio
914 501 1070 547 omnia
1099 502 1326 560 sustinet,
1375 503 1534 549 omnia
1563 511 1640 549 to-

24 579 145 631 rrat,
176 572 336 636 ntique
369 571 478 635 quia
507 573 709 634 patiens.
783 571 958 619 Merito
992 587 1110 634 ergo
1142 589 1374 637 nunquam
1417 572 1638 632 excidet;

24 683 27 686 .
73 664 92 685 ιι
138 651 301 691 cetera
331 642 705 699 evacuabuntur,
741 642 1200 690 consummabuntur.
1282 642 1641 691 Exhauriuntur

24 729 213 777 guae,
244 714 500 771 scientiae,
532 713 847 776 prophetiae3·
884 722 1164 776 permanent
1196 712 1335 771 fides,
1383 730 1516 778 spes,
1566 714 1639 762 di-

26 785 182 843 actio:
211 782 358 842 fides,
407 799 542 847 quam
590 783 765 831 Christi
808 785 1039 848 patientia
1076 783 1282 843 induxit,
1337 800 1470 851 spes,
1504 802 1640 849 quam

23 855 200 903 minis
243 855 473 919 patientia
511 862 780 919 exspectat,
828 853 1048 914 dilectio,
1098 871 1233 919 quam
1280 854 1371 904 deo
1411 858 1638 921 magistro

38 955 44 957 -r
56 952 82 981 μ
111 926 228 974 ntia
258 925 511 973 comitatur
531 926 596 984 2).
1054 960 1057 962 v

46 998 94 1058 U}
145 997 227 1048 13.
289 994 446 1060 Usque
491 996 582 1043 huc
628 995 688 1045 de
734 998 963 1062 patientia
1001 996 1190 1053 tandem
1222 999 1423 1063 simplici
1457 1008 1506 1047 et
1536 1001 1639 1047 uni-

21 1072 27 1074 ’
79 1069 141 1132 wi
171 1075 230 1116 et
249 1075 427 1117 tantum
457 1067 506 1115 in
537 1069 692 1115 animo
727 1071 1005 1127 constituta,
1048 1086 1186 1133 quum
1219 1069 1386 1117 eadem
1418 1072 1560 1118 etiam
1591 1073 1642 1118 in

14 1143 60 1185 rs
103 1153 207 1188 ore
238 1137 527 1186 demerendo
561 1137 749 1187 domino
789 1141 1115 1204 multipliciter
1154 1139 1427 1200 adlaboret,
1473 1150 1639 1206 utpote

24 1234 51 1252 ,.
107 1232 112 1239 ·
154 1210 218 1265 ab,
243 1211 347 1274 ipso
379 1208 648 1257 dominoin.
681 1213 897 1275 corporis
930 1227 1114 1276 quoque
1158 1212 1333 1260 virtute
1379 1211 1510 1260 edita
1550 1222 1640 1271 est,

22 1279 236 1347 iqm'dem
279 1289 445 1328 rector
480 1281 670 1329 animus
697 1282 839 1330 facile
882 1283 1205 1330 communicat¹
1227 1284 1419 1347 spiritus
1450 1285 1641 1332 invecta

15 1369 110 1401 uum
140 1351 412 1400 habitaculo
443 1368 544 1399 suo.
629 1352 759 1411 Quae
806 1354 952 1417 igitur
996 1354 1258 1417 negotiatio
1297 1356 1558 1419 patientiae
1591 1357 1640 1403 in

23 1422 242 1489 crpore?
311 1421 529 1486 Inprimis
560 1423 806 1471 afflictatio
841 1425 1020 1483 carnis,
1067 1426 1224 1472 hostia
1253 1423 1444 1473 domino
1476 1427 1638 1490 placa-

14 1492 153 1557 ,πῖ-ιώ
156 1509 244 1559 per
272 1489 609 1541 humiliationis
640 1495 949 1559 sacrificium,
983 1513 1120 1559 quum
1153 1494 1320 1543 sordes
1353 1513 1457 1544 cum
1489 1514 1638 1561 angu-

44 1588 69 1611 a.
121 1566 275 1614 vietus
305 1562 495 1612 domino
526 1565 666 1648 libat,
713 1574 937 1614 contenta
981 1568 1182 1631 simplici
1220 1567 1393 1632 pabulo
1424 1585 1638 1633 puroque

14 1632 158 1706 fiune
183 1643 323 1701 potu,
355 1652 509 1700 quum
523 1636 700 1684 ieiunia
731 1634 1005 1720 coniungit,
1048 1652 1185 1703 quum
1233 1639 1383 1686 cineri
1415 1649 1464 1687 et
1494 1657 1638 1688 saeco

19 1724 72 1773 ‘'.‘
104 1708 238 1756 escit.
315 1706 446 1755 Haec
477 1708 707 1770 patientia
739 1710 954 1772 corporis
985 1711 1290 1783 precationes
1324 1710 1637 1770 commendat,

6 1779 368 1869 frenationae
399 1778 625 1838 affirmat3
658 1778 779 1842 haec
810 1795 949 1827 aures
976 1774 1151 1827 Christi
1183 1773 1273 1827 dei
1292 1782 1468 1845 aperit,
1502 1799 1639 1830 seve-

81 1858 194 1899 tem
225 1848 479 1912 dispergit,
529 1849 826 1896 elementiam
865 1851 1012 1898 elicit.
1090 1849 1171 1898 Sic
1203 1851 1282 1898 ille
1314 1868 1402 1899 rex
1431 1852 1639 1917 Babylo-

9 1922 199 1982 '³13),
233 1919 414 1967 offenso
448 1918 661 1978 domine,
696 1937 832 1985 quum
864 1922 1083 1985 squalore
1111 1930 1160 1969 et
1183 1920 1394 1985 paedore
1420 1927 1639 1987 septenni

11 2018 13 2022 ·
91 1992 295 2040 humana
331 1990 484 2037 forma
527 1991 813 2050 exsulasset,
845 1993 1101 2040 immolata
1143 1994 1375 2057 patientia
1421 1997 1638 2060 corporis

19 2063 75 2112 zui
106 2071 156 2111 et
183 2077 379 2124 regnum
410 2063 712 2126 recuperavit
741 2072 811 2120 et,
861 2063 986 2127 quod
1033 2064 1284 2128 optabilius
1331 2065 1508 2113 homini
1548 2076 1636 2124 est,

10 2133 118 2182 atis
148 2132 239 2182 deo
269 2133 401 2180 fecit.
476 2132 573 2181 Iam
604 2134 643 2181 si
674 2133 869 2182 altiores
901 2143 950 2182 et
978 2135 1222 2183 feliciores
1254 2135 1429 2199 gradus
1464 2153 1637 2202 corpo-

6 2202 18 2219 ²
78 2204 90 2218 ⁸
143 2200 402 2270 patientiae
433 2202 726 2267 digeramus,
767 2204 933 2253 eadem
965 2207 1206 2254 sanctitati
1247 2223 1430 2272 quoque
1460 2225 1637 2272 procu-
1671 2198 1675 2206 “

44 2332 79 2339 -.
79 2276 443 2324 continentiam
477 2277 648 2327 carnis.
726 2276 856 2325 Haec
904 2286 954 2325 et
989 2276 1177 2328 viduam
1207 2285 1363 2336 tenet,
1413 2288 1462 2326 et
1489 2282 1637 2343 virgi-

0 2342 114 2407 [dh
153 2347 385 2410 assignat,
447 2355 496 2394 et
544 2348 859 2396 voluntarium
906 2347 1163 2432 spadonem
1209 2348 1269 2396 ad
1315 2366 1466 2413 regna
1512 2352 1637 2398 coeli

148 2419 216 2480 4).
292 2415 428 2476 Quod
459 2416 518 2466 de
544 2419 721 2466 virtute
753 2420 895 2466 animi
924 2421 1076 2478 venit,
1110 2422 1156 2467 in
1190 2436 1332 2467 earne
1373 2420 1635 2483 peifieitur,

0 2399 161 2556 aas
189 2489 419 2557 patientia
447 2490 495 2535 in
525 2490 969 2554 persequutionibus
1002 2490 1204 2554 denique
1242 2491 1520 2554 proeliatur.
1585 2490 1639 2539 Si

0 2556 119 2680 Ψ
144 2568 338 2623 urgeat,
383 2558 607 2608 adversus
652 2559 952 2608 incommoda
995 2562 1136 2624 fugae
1178 2577 1290 2608 caro
1323 2561 1506 2608 militat.
1584 2561 1638 2610 Si

0 2639 2 2642 ’
64 2632 254 2679 “carcer
282 2638 465 2694 premat
487 2632 559 2691 ⁵),
601 2647 714 2678 οπο
746 2632 793 2678 in
822 2632 1046 2689 vinculis,
1095 2648 1207 2679 caro
1233 2633 1287 2680 ,in
1319 2632 1472 2695 ligno,
1522 2649 1634 2680 earo

2 2703 55 2749 tin
100 2700 203 2749 solo
247 2709 298 2748 et
339 2701 386 2747 in
431 2701 511 2748 illa
555 2709 834 2766 paupertate
881 2702 998 2750 lueis
1046 2711 1094 2750 et
1138 2704 1185 2750 in
1239 2702 1320 2749 illa
1363 2705 1563 2767 penuria
1587 2705 1634 2765 ⁶)

0 2769 180 2826 mnndi.
247 2770 404 2852 'Quum
431 2788 546 2819 vero
578 2772 857 2836 producitur
887 2772 944 2820 ad
974 2775 1345 2856 experimentum
1372 2775 1631 2833 felicitatis,

0 2837 70 2894 ld
98 2842 399 2891 occasionem
430 2842 666 2890 secundae
699 2844 1012 2902 intinctionis,
1054 2843 1111 2891 ad
1152 2846 1300 2909 ipsum
1340 2844 1524 2894 divinae
1558 2863 1632 2894 se-

0 2902 78 3013 δ’)
121 2966 167 3018 1)
199 2969 428 3007 Rhenanus
461 2971 503 3006 et
530 2970 631 3019 alii:
660 2982 760 3009 non
799 2975 1077 3020 p1··ote1vit.
1223 2975 1269 3024 2)
1302 2975 1363 3013 Cf.
1390 2976 1412 3011 1
1441 2976 1534 3013 Cor.
1562 2978 1629 3022 13,

0 3026 6 3059 ι
107 3027 231 3065 τ.13.
348 3023 394 3078 3)
413 3026 518 3064 Dan.
538 3028 577 3074 4,
597 3029 649 3063 25
668 3019 757 3074 sq'q.
860 3030 1157 3078 4)Matth.19‚
1179 3034 1244 3070 12.
1363 3029 1407 3083 5>
1426 3032 1629 3078 Rhenan„

104 3082 315 3179 ἰὶαὲιῐεξὲτ.
335 3082 510 3130 aliique:
542 3085 866 3131 praeveniat.
998 3086 1039 3136 6)
1070 3089 1223 3138 Rigalt.
1255 3090 1499 3138 penuria,
1535 3090 1635 3126 alii:

27 3344 76 3416 ιιι

21 3431 142 3554 ᾗ,
