1942 3554
532 121 1116 162 Aronocssmcus.
1546 121 1656 170 115

15 263 157 314 nibus
189 263 384 328 querela
415 272 502 311 est.
579 263 629 310 In
676 263 807 309 cuius
844 263 1105 325 pernicicm
1143 261 1658 325 aliquanffoxconveni-

11 337 156 384 vous?
232 334 335 382 Hoc
369 349 524 381 sumus
556 333 862 396 congregati,
911 331 1037 397 quod
1069 341 1117 379 et
1155 331 1381 395 dispcrsi,
1428 332 1521 379 hoc
1553 334 1659 380 uni-

15 406 174 464 versi,
209 403 336 470 quod
367 413 415 451 ct
446 403 643 467 singuli,
685 403 917 449 neminem
950 402 1222 460 laedentes,
1270 404 1508 451 neminem
1542 419 1658 451 con-

16 477 286 524 tristantes.
337 474 485 534 Quum
515 473 670 537 probi,
705 489 842 537 quum
874 472 988 520 boni
1021 482 1213 530 coeunt,
1248 490 1385 537 quum
1401 475 1483 538 pii,
1517 490 1658 538 quum

9 547 143 595 »casti
175 553 550 610 congregantur,
584 560 678 590 non
711 552 783 591 est
813 544 960 590 factio
994 542 1218 601 dicenda,
1252 543 1334 590 sed
1370 545 1519 591 curia.

164 618 247 668 40.
291 613 359 662 At
389 629 415 661 e
448 615 688 662 contrario
722 614 816 661 illis
847 629 1018 660 nomen
1050 614 1272 660 factionis
1294 614 1658 663 accommodan-

15 686 130 736 flum
169 695 265 744 est,
312 686 390 750 qui
430 685 478 732 in
517 684 673 732 odium
713 684 942 731 bonorum
983 693 1030 731 ct
1070 683 1327 748 proborum
1368 687 1658 749 conspirant,

19 759 105 823 aqui
130 755 378 805 adversum
420 757 694 819 sanguinem
734 755 1054 802 innocentium
1097 754 1417 812 conclamant,
1466 764 1658 818 praete-

16 836 190 878 xentes
227 842 354 874 sane*
379 825 440 874 ad
478 825 575 874 odii
621 825 950 879 defensionem,
994 826 1119 872 illam
1168 840 1353 889 quoque
1385 826 1658 884 vanitatem,

8 898 149 964 :quod
179 898 451 946 existiment
470 898 630 949 >omnis
660 896 878 961 publicae
914 894 1088 955 cladis,
1133 896 1283 942 omnis
1314 897 1557 960 popularis
1589 897 1661 943 in-

11 967 258 1021 commodi
290 967 585 1015 Christianos
633 983 738 1015 esse
785 968 832 1013 in
874 982 1058 1014 caussa.
1130 965 1180 1013 Si
1211 966 1399 1016 Tiberis
1440 965 1659 1015 ascendit

10 1041 72 1087 2in
102 1040 312 1098 moenia,
347 1040 387 1086 si
418 1038 558 1087 Nilus
591 1055 684 1085 non
716 1036 933 1085 ascendit
962 1039 1010 1084 in
1041 1053 1179 1095 arva,
1213 1038 1254 1084 si
1288 1038 1475 1085 coelum
1508 1038 1659 1096 stetit,

15 1111 62 1158 si
106 1118 238 1158 terra
282 1110 451 1168 movit,
499 1110 538 1156 si
578 1109 747 1167 fames,
795 1111 834 1156 si
881 1109 1005 1166 lues,
1055 1109 1210 1156 statim
1260 1107 1556 1157 Christianos
1602 1107 1663 1156 ad

10 1180 227 1228 leonem.
303 1180 479 1228 Tantos
525 1178 584 1227 ad
631 1182 800 1227 unum?
861 1178 956 1226 Oro
995 1196 1104 1237 vos,
1153 1187 1262 1226 ante
1300 1179 1564 1237 Tiberium,
1614 1177 1662 1226 id

27 1259 99 1300 est
128 1260 237 1298 ante
271 1250 446 1298 Christi
477 1248 750 1308 adventum,
792 1258 992 1314 quantae
1026 1248 1186 1297 clades
1220 1249 1383 1297 orbem
1418 1259 1467 1298 et
1497 1249 1662 1297 urbem

19 1320 335 1370 ceciderunt?
405 1320 630 1384 Legimus
663 1321 865 1378 Hieran,
911 1319 1144 1384 Anaphen
1186 1329 1235 1366 et
1265 1319 1420 1367 Delon
1455 1329 1503 1367 et
1533 1319 1663 1368 Rho-

19 1390 119 1439 »don
151 1400 199 1439 et
226 1391 294 1438 Co
326 1391 502 1438 insulas
532 1391 686 1438 multis
720 1407 821 1438 cum
856 1391 1058 1438 millibus
1090 1391 1326 1437 hominum
1360 1407 1547 1455 pessum
1580 1391 1663 1438 ab-

8 1463 154 1526 «iissc.
229 1461 467 1509 Memorat
497 1470 545 1508 et
578 1461 711 1508 Plato
744 1461 971 1508 maiorem
1001 1458 1148 1508 Asiae
1182 1469 1230 1508 et
1253 1458 1453 1508 Africae
1486 1470 1664 1509 terram

19 1532 265 1581 'Atlantico
312 1533 430 1580 mari
476 1540 703 1595 ereptam.
775 1529 873 1579 Sed
914 1539 962 1579 et
1007 1547 1137 1579 mare
1173 1530 1468 1579 Corinthium
1500 1540 1660 1579 terrae

13 1612 179 1652 motus
218 1602 388 1661 ebibit,
438 1611 486 1651 et
523 1604 594 1650 vis
634 1601 859 1650 undarum
900 1601 1159 1650 Lucaniam
1200 1601 1365 1650 Italiac
1405 1602 1664 1651 abscissam

11 1677 75 1723 ain
108 1673 302 1722 Siciliae
334 1689 506 1721 nomen
537 1674 786 1737 relegavit.
865 1673 996 1720 Haec
1029 1674 1190 1737 utique
1231 1690 1324 1719 non
1357 1675 1458 1720 sine
1491 1674 1665 1721 iniuria

10 1746 334 1794 ÷=incolentium
365 1743 588 1791 accidere
621 1752 891 1807 potuerunt.
969 1742 1058 1790 Ubi
1085 1760 1202 1791 vero
1229 1752 1364 1802 tunc,
1398 1760 1492 1791 non
1510 1742 1665 1792 dicam

15 1814 226 1864 {deorum
269 1824 536 1863 vestrorum
583 1823 937 1877 contemptores
985 1813 1264 1871 Christiani,
1330 1813 1417 1862 sed
1462 1815 1552 1878 ipsi
1599 1814 1665 1862 dii

13 1887 195 1943 vestri,
230 1902 335 1933 cum
365 1894 514 1932 totum
547 1884 709 1932 orbem
745 1884 1061 1949 cataclysmus
1094 1883 1318 1942 abolevit,
1351 1885 1429 1933 vel
1463 1894 1511 1931 ut
1527 1885 1663 1932 Plato

12 1957 226 2022 4÷putavit,
260 1965 524 2021 campestre
556 1954 883 2003 solummodo?
936 1954 1240 2002 Posteriores
1274 1957 1396 2002 enim
1429 1955 1534 2003 illos
1567 1956 1666 2003 cla-

22 2026 92 2075 ?de
125 2026 288 2074 diluvii
320 2034 646 2074 contestantur
676 2027 805 2090 ipsae
838 2025 1004 2082 urbes,
1047 2026 1094 2071 in
1134 2025 1300 2089 quibus
1340 2026 1437 2072 nati
1469 2027 1667 2073 mortui-

22 2106 301 2163 ÷que,sunt,
349 2098 490 2145 etiam
539 2113 654 2161 quas
702 2094 1042 2155 condiderunt3
1101 2112 1256 2160 neque
1299 2097 1422 2144 enim
1462 2097 1577 2145 alias
1618 2098 1666 2144 in

14 2167 328 2216 *hodiernum*
355 2177 622 2226 manerent,
671 2168 761 2214 nisi
808 2176 858 2215 ct
894 2168 1025 2230 ipsae
1056 2176 1303 2231 postumae
1337 2166 1483 2215 cladis
1523 2169 1665 2216 illius.

19 2236 253 2287 ’Nondum
283 2237 505 2288 Iudaeum
551 2238 609 2286 ab
639 2236 863 2303 Aegypto
905 2253 1102 2285 examen
1135 2237 1403 2286 Palaestina
1441 2255 1667 2304 suscepe-

14 2318 123 2368 ÷rat,
155 2324 243 2358 nec
274 2311 364 2358 iam
395 2310 492 2357 illic
512 2309 807 2357 Christianae
825 2318 988 2357 sectae
1022 2309 1159 2373 origo
1194 2308 1493 2367 consederat,
1527 2327 1667 2373 quum

14 2380 262 2444 <regiones
292 2380 452 2429 affines
485 2382 588 2428 eius
622 2379 831 2428 Sodoma
862 2389 909 2428 et
936 2379 1168 2427 Gomorra
1198 2381 1367 2443 igneus
1400 2379 1551 2428 imber
1583 2397 1667 2428 ex-

15 2450 170 2498 ussit.
238 2449 345 2499 Olet
382 2450 533 2499 adhuc
572 2449 794 2499 incendio
835 2460 986 2508 terra,
1037 2459 1085 2498 et
1122 2451 1161 2496 si
1194 2467 1283 2513 qua
1315 2450 1413 2497 illic
1445 2450 1669 2499 arborum

14 2536 176 2585 v{poma
206 2530 455 2580 conantur,
475 2524 518 2585 1)
566 2522 717 2569 oculis
748 2531 909 2579 tenus,
959 2529 1170 2567 ceterum
1212 2529 1433 2567 contacta
1480 2522 1668 2571 cinere-

15 2615 24 2623 ·⁷
39 2600 190 2640 scunt.
266 2591 364 2640 Sed
395 2609 484 2641 nec
514 2593 687 2640 Tuscia
718 2593 807 2639 iam
839 2600 952 2638 tunc
984 2599 1124 2654 atque
1158 2590 1410 2654 Campania
1442 2591 1499 2639 de
1534 2592 1669 2641 Chri·

15 2662 202 2710 »stianis
234 2663 539 2727 querebatur,
574 2680 712 2727 quum
728 2662 972 2710 Volsinios
1006 2660 1064 2708 de
1099 2661 1253 2719 coelo,
1287 2662 1516 2726 Tarpeios
1531 2664 1575 2727 2)
1608 2663 1668 2714 de

18 2748 125 2780 ‘sno
156 2740 317 2780 monte
345 2733 553 2797 perfudit
583 2735 723 2798 ignis.
784 2733 939 2780 Nemo
958 2731 1108 2779 adhuc
1128 2731 1304 2780 Romae
1339 2731 1475 2781 deum
1505 2751 1668 2783 verum

41 2801 288 2861 adorabat,
316 2819 426 2867 „cum
454 2803 659 2852 Annibal
690 2803 813 2868 apud
846 2803 1028 2851 Cannas
1046 2801 1281 2851 Romanos
1312 2805 1523 2864 annulos,
1559 2822 1670 2854 cae-

159 2984 200 3036 1)
229 2984 376 3035 Rhen„
393 2988 547 3036 Latin„
565 2989 846 3039 Gangnaeus:
876 2978 1146 3036 oriantur,
1172 2991 1214 3026 et
1231 2989 1275 3026 in
1293 3000 1380 3036 sqq.
1399 2989 1517 3029 codd.
1537 2991 1671 3040 Fuld.‚

45 3044 174 3097 &gob-
195 3046 238 3081 et
254 3043 386 3091 Lugd.
418 3044 622 3082 cineres
654 3047 792 3083 sunt.
913 3044 958 3093 2)
991 3045 1247 3093 Tarpeios
1278 3046 1568 3084 Gothofredus
1600 3058 1670 3084 re-

20 3099 188 3149 =po=nit
216 3111 273 3138 ex
302 3099 371 3137 lib.
401 3102 432 3137 Ι.
463 3100 515 3138 ad
545 3103 651 3139 natt.
684 3114 718 3140 c.
750 3104 810 3149 9.;
843 3101 887 3138 in
919 3100 1037 3139 cod-1.
1070 3112 1169 3140 mss.
1200 3102 1358 3151 legitur
1381 3103 1675 3152 Pompeios.

103 3184 337 3223 'rna-runt.
367 3186 397 3222 1.
1286 3191 1318 3237 8
