1942 3554
596 243 681 283 ΒΕ
709 241 1636 287 Pun1c1T1A.121

27 351 91 367 ⁹
140 361 157 403 ι’
161 354 302 409 mffii
337 360 390 407 in
425 358 571 417 filios3
619 367 668 406 et
703 358 771 405 ita
809 356 1123 404 subiunxerit:
1186 355 1358 404 timidis
1396 366 1551 406 autem
1589 366 1640 406 et

19 403 94 453 ³³
128 430 269 480 dulis
297 439 347 480 et
381 428 685 495 propudiosis
722 437 771 476 et
813 427 1181 476 fornicatoribus
1220 437 1270 476 et
1305 427 1554 477 homicidis
1591 437 1640 476 et

148 501 262 550 cis
274 509 323 550 et
358 499 625 548 idololatris
662 498 896 565 particula
926 500 998 546 in
1008 507 1179 563 stagno
1218 500 1340 563 ignis
1372 509 1421 547 et
1450 500 1640 583 sulphu-

16 547 53 588 ⁸
72 553 126 614 ξ
110 571 264 656 [quod.
302 580 376 621 est
411 588 538 619 mors
577 570 807 630 secunda3
854 570 924 619 sic
963 578 1012 617 et
1047 586 1230 617 rursus.
1292 570 1429 619 Beati
1467 573 1543 635 qui
1581 587 1642 618 ex

16 620 86 654 ἓ
89 645 282 709 melitis
312 651 473 707 agunt,
503 651 556 690 ut
584 643 630 689 in
662 643 837 706 lignum
867 642 992 689 vitae
1023 641 1231 689 habeant
1259 651 1560 705 potestatem,
1593 650 1644 689 et

25 723 252 799 sportas
285 713 350 762 ‘ad
387 712 716 761 introe’undum
755 714 803 759 in
841 720 1051 760 sanctam
1091 713 1354 760 civitatem:
1388 713 1529 761 Canis
1559 729 1642 761 ve-

13 767 50 843 j
88 802 206 844 cns,
238 787 526 843 fornicator,
552 782 831 840 homicida,
870 784 1000 830 foras
1017 785 1087 844 1),
1134 785 1293 848 utique
1334 786 1410 848 qui
1448 801 1543 831 non
1582 800 1644 831 ex

18 909 23 920 ι
80 858 282 922 cceptis
319 863 477 920 agant.
539 854 728 902 Illorum
775 862 848 902 est
885 855 1007 901 enim
1045 855 1175 901 foras
1222 853 1348 912 dari,
1397 857 1475 918 qui
1519 856 1641 902 intus

162 937 215 976 t.
263 926 508 975 Ceterum.
542 923 652 990 quid
682 924 794 971 mihi
826 941 925 982 eOS,
949 926 1026 989 qui
1050 920 1167 972 foris
1191 934 1312 983 sunt,
1340 925 1645 983 iudicare2)?

70 1006 356 1070 ecesserat.
417 996 489 1051 De
529 996 731 1060 epistola
776 1012 966 1078 quoque
1000 995 1189 1043 Ioannis
1228 1005 1427 1060 carpunt
1466 997 1640 1045 statim.

18 1062 37 1070 ⁸
89 1066 200 1118 um
229 1077 325 1118 est·
388 1066 591 1131 Sanguis
629 1067 714 1114 filii
746 1068 846 1114 eius
887 1066 1108 1114 emundat
1144 1084 1230 1114 nos
1270 1067 1327 1114 ab
1369 1069 1493 1115 omni
1525 1065 1643 1115 deli-

8 1118 44 1156 ξ
77 1142 174 1203 J).
235 1134 456 1204 Semper
473 1152 590 1202 ergo
637 1146 709 1185 et
730 1138 1024 1185 omnifariam
1056 1136 1403 1202 delinquemus,
1451 1140 1490 1186 si
1521 1155 1643 1186 sem-

6 1189 58 1231 '⁴
65 1226 77 1273 ᾖ
129 1221 180 1260 et
208 1211 266 1259 ab
307 1211 432 1259 omni
469 1208 645 1257 delicto
685 1207 907 1259 emundat
950 1214 1036 1256 nos
1067 1209 1171 1267 ille3
1219 1218 1300 1256 aut
1329 1211 1368 1256 si
1399 1226 1492 1256 non
1522 1225 1644 1264 sem-

60 1299 114 1342 r,
147 1299 242 1330 ιιοιι
273 1283 415 1330 etiam
445 1289 553 1345 post
583 1278 756 1337 fidem,
771 1289 820 1326 et
850 1281 889 1327 si
920 1296 1014 1326 non
1045 1280 1102 1327 ab
1136 1264 1336 1339 delicto,
1378 1297 1471 1328 non
1503 1282 1644 1328 etiam

33 1375 64 1403 e
72 1354 412 1402 fornicatione.
450 1349 608 1405 Unde
657 1359 811 1398 autem
851 1366 1047 1413 exorsus
1086 1353 1187 1398 est?
1245 1350 1443 1398 Lumen
1454 1349 1652 1416 praedi-

74 1430 152 1472 at
181 1423 334 1481 deum,
368 1432 417 1471 et
445 1422 669 1489 tenebras
701 1438 794 1467 non
827 1437 930 1468 esse
963 1423 1010 1468 in
1040 1422 1139 1479 illo,
1173 1431 1222 1469 et
1252 1424 1439 1469 mentiri
1472 1439 1571 1480 nos,
1605 1424 1645 1469 si

98 1510 226 1543 mus
257 1511 342 1541 nos
375 1493 746 1564 communionem
787 1492 965 1540 habere
1006 1509 1108 1539 cum
1156 1509 1214 1539 eo
1262 1502 1310 1539 et
1349 1495 1397 1540 in
1436 1494 1645 1541 tenebris

83 1565 300 1614 damus
364 1562 416 1612 Si
445 1558 577 1622 vero,
609 1564 782 1626 inquit,
814 1564 861 1610 in
894 1563 1063 1611 lumine
1096 1563 1389 1622 incedamus,
1440 1581 1646 1612 commu-

30 1647 37 1654 ’“
98 1653 203 1686 nem
235 1652 338 1684 cum
370 1648 428 1683 en
459 1634 756 1691 habebimus,
806 1643 855 1681 et
885 1635 1074 1698 sanguis
1113 1635 1220 1682 Iesu
1253 1635 1428 1683 Christi
1468 1634 1643 1682 domini

0 1687 38 1772 ¹³
94 1734 119 1749 κ
152 1710 164 1721 ’
196 1705 417 1756 emundat
441 1712 532 1753 'nos
562 1705 620 1752 ab
655 1706 780 1752 omni
812 1704 989 1753 delicto
1005 1708 1071 1764 4).
1126 1705 1262 1769 ¹Ergo
1294 1707 1340 1753 in
1373 1707 1542 1754 lumine
1575 1700 1645 1753 in-

19 1772 26 1783 ⁷
88 1806 92 1817 ·
140 1787 244 1827 ntes
274 1777 602 1842 delinquimus,
636 1785 685 1823 et
714 1777 762 1823 in
794 1777 966 1823 lumine
1006 1775 1335 1840 delinquentes
1374 1776 1648 1824 emundabi-

69 1843 148 1898 ³³?
203 1848 347 1898 Nullo
377 1856 537 1912 pacto.
600 1846 688 1905 Qui
720 1848 843 1894 enim
875 1845 1118 1911 delinquit,
1151 1864 1244 1894 non
1275 1849 1322 1894 in
1354 1849 1526 1895 lumine
1559 1857 1646 1905 est,

3 1471 73 1504 §⁸

0 1981 3 1984 y
56 1978 78 1986 „
131 1921 178 1968 in
208 1919 434 1968 tenebris.
496 1916 630 1965 Unde
670 1926 719 1964 et
750 1917 978 1976 ostendit,
1020 1917 1253 1981 quomodo
1293 1918 1648 1966 emundabimur

0 2041 4 2051 ,
8 1970 277 2048 ¹'-·delicto,
325 1991 374 2037 in
411 1989 583 2036 lumine
623 1987 925 2046 incedentes,
972 1989 1019 2036 in
1051 2005 1142 2052 quo
1183 1988 1404 2036 delictum
1443 1991 1522 2052 agi
1553 2006 1647 2036 non

1 2062 5 2067 ’
17 2069 200 2124 test-3
245 2060 367 2109 adeo
406 2061 475 2108 sic
515 2057 757 2107 emundari
788 2076 874 2107 nos
905 2060 997 2117 ais,
1045 2076 1138 2106 non
1171 2076 1268 2124 qua
1307 2059 1645 2124 delinquamus,

7 2111 34 2149 ὲ
57 2132 104 2181 d
134 2148 224 2215 qua
253 2148 348 2179 non
379 2124 715 2212 delinquamus.
777 2129 1060 2178 Incedentes
1099 2132 1221 2178 enim
1252 2132 1300 2178 in
1330 2132 1528 2190 lumine,
1577 2141 1649 2179 te-

25 2212 30 2215 ’
74 2215 99 2238 -,
156 2220 179 2251 s
207 2219 323 2251 vero
355 2218 451 2249 non
480 2202 898 2251 communicantes
911 2200 1150 2248 emundati
1182 2218 1397 2264 agemus,
1440 2219 1534 2249 non
1565 2201 1648 2250 de-

81 2276 190 2332 to,
221 2272 307 2322 sed
337 2289 431 2327 nou
461 2271 686 2320 admisso
697 2270 890 2320 delicto.
953 2272 1084 2320 Haec
1124 2281 1198 2319 est
1227 2275 1350 2320 enim
1388 2274 1459 2320 vis
1499 2272 1650 2324 domi-

68 2395 69 2399 ,
100 2345 406 2408 ’sanguinis,
453 2352 506 2391 ut
543 2358 660 2407 quos
697 2343 789 2390 iam
820 2342 998 2391 delicto
1031 2342 1266 2391 mundarit
1303 2353 1351 2392 et
1390 2343 1562 2391 exinde
1602 2345 1649 2392 in

96 2417 128 2431 ⁷
132 2432 190 2465 ne
222 2415 545 2473 constituerit,
591 2413 788 2461 mundos
827 2413 998 2462 exinde
1038 2423 1270 2497 praestet,
1318 2416 1356 2461 si
1395 2416 1443 2462 in
1475 2416 1648 2462 lumine

84 2484 245 2536 dere
275 2485 697 2553 perseveraverint.
761 2482 858 2533 Sed
889 2486 1099 2542 subiicit,
1134 2487 1307 2548 inquis:
1356 2483 1407 2531 Si
1439 2484 1648 2533 dicamus

10 2617 15 2621 μ
83 2552 360 2606 fidelictum
391 2572 493 2603 ιιοιι
514 2555 708 2612 habere,
741 2554 1006 2607 seducimus
1038 2557 1367 2618 nosmetipsos,
1401 2563 1451 2602 et
1473 2556 1650 2604 veritas

86 2678 109 2690 ,,
145 2636 219 2676 est
255 2629 303 2675 in
340 2626 491 2674 nobis.
552 2624 606 2673 Si
645 2625 924 2672 confitemur
961 2624 1137 2672 delicta
1176 2634 1361 2682 nostra,
1409 2624 1562 2674 fidelis
1602 2634 1652 2674 et

110 2715 168 2748 s
134 2707 287 2821 mest,
321 2706 370 2745 ut
399 2695 600 2744 dimittat
630 2712 688 2744 ea
718 2696 854 2744 nobis
885 2704 935 2743 et
964 2694 1186 2743 emundet
1215 2713 1301 2744 nos
1333 2696 1390 2744 ab
1424 2698 1549 2743 omni
1578 2697 1650 2743 in-

93 2770 98 2774 ’
275 2765 512 2832 Numquid
540 2768 599 2815 ab
630 2765 953 2814 immunditia?
1009 2765 1108 2814 Aut
1144 2768 1183 2814 si
1214 2768 1282 2814 ita
1314 2775 1410 2824 est,
1429 2783 1568 2831 ergo
1600 2777 1648 2815 et

85 2778 400 2891 sffidololatria.
463 2836 578 2886 Sed
591 2835 717 2886 aliud
747 2838 795 2884 in
826 2854 966 2885 sensu
997 2846 1083 2885 est.
1143 2837 1273 2885 Ecce
1311 2839 1433 2886 enim
1466 2847 1515 2886 ct
1543 2855 1649 2886 rur-

88 2908 128 2969 ’ὲ
187 2909 242 2959 Si
271 2909 503 2966 dicamus,
542 2909 630 2966 ait,
667 2924 752 2956 nos
783 2925 876 2956 non
906 2907 1184 2973 deliquisse,
1226 2907 1498 2957 mendacem
1529 2910 1648 2957 faci—

83 2984 85 2986 ’
115 3020 117 3022 -
169 2982 320 3039 illum,
366 2989 416 3029 et
452 2995 606 3028 sermo
647 2979 746 3026 eius
784 2995 876 3027 non
915 2989 988 3029 est
1025 2981 1073 3027 in
1111 2979 1262 3028 nobis.
1323 2979 1395 3027 Εο
1427 2981 1647 3045 amplius:

84 3149 188 3209 ³1)
206 3153 336 3201 Apoe.
354 3151 421 3198 21,
440 3151 477 3188 3.
495 3152 534 3187 8.
550 3151 619 3199 22,
638 3151 691 3187 14
709 3161 767 3198 sq.
913 3147 961 3205 2)
979 3152 1003 3188 1
1023 3152 1117 3190 Cor.
1143 3153 1181 3200 5,
1209 3152 1299 3189 12:
1453 3149 1496 3204 3)
1515 3154 1537 3188 1
1565 3153 1646 3189 loa.

3 3175 17 3207 g
94 3223 99 3233 f
244 3208 290 3257 4)
309 3209 332 3245 1
350 3209 494 3251 loa.1,
515 3209 536 3244 5
555 3218 640 3255 sqq.
