1942 3554
563 137 645 175 AD
683 133 960 174 UXOREM
1004 134 1117 173 LIB.
1148 133 1181 173 1.
1603 133 1693 178 63

0 260 252 319 'spectat-
317 250 542 311 Quaestio
577 247 966 297 Sadducaeorum
1000 249 1146 297 cessit
1164 248 1449 295 ‘sententiae
1496 246 1690 297 domini,

39 322 156 374 Nec
186 339 260 371 me
291 330 428 387 putes
458 320 656 386 propter
687 321 843 367 carnis
870 326 982 368 tuae
1022 320 1344 382 integritatem
1382 319 1495 366 mihi
1533 335 1692 369 reser-

45 393 247 444 vandam
272 393 330 442 de
356 392 670 442 contumeliae
696 390 862 438 dolore
889 390 1156 455 suspectum
1187 391 1426 438 insinuare
1458 391 1548 438 iam
1580 391 1691 438 hinc

46 467 135 514 tibi
182 466 428 516 eonsilium
466 462 723 511 viduitatis.
799 461 930 509 Nihil
976 471 1089 510 tunc
1134 463 1260 509 inter
1305 477 1390 508 nos
1438 460 1691 510 dedecoris

45 537 317 601 voluptuosi
355 542 634 582 resumetur.
711 532 817 580 Nec
855 534 981 580 'enim
1021 542 1113 580 tam
1152 533 1348 590 frivola,
1388 542 1480 580 tam
1520 549 1692 597 spurca

47 606 166 656 deus
195 607 289 653 suis
319 606 616 669 pollicetur.
668 601 764 650 Sed
803 619 862 650 an
902 604 989 650 tibi
1027 605 1105 651 vel
1145 605 1409 666 cuicunque
1442 605 1523 651 alii
1554 605 1691 652 femi-

45 693 136 726 nae
181 675 270 724 ad
287 675 443 724 deum
459 675 729 741 pertinenti
773 674 1017 737 proficiat,
1074 673 1198 738 quod
1250 673 1523 732 suademus,
1576 676 1691 724 licet

44 755 315 797 retractare
335 748 401 810 ¹)
487 792 493 796 ,

187 823 237 871 2.
298 813 410 864 Non
431 813 621 882 qffidem
653 815 896 864 abnuimus
929 815 1311 881 coniunctionem
1343 816 1433 862 viri
1464 832 1521 863 ac
1553 817 1689 864 femi-

42 905 135 938 nae
172 887 475 937 benedictam
511 903 542 936 a
579 885 795 943 domino,
842 894 894 933 ut
938 886 1167 934 sciremus
1185 887 1229 946 2)
1278 887 1446 949 generi
1485 887 1687 934 humano

43 969 96 1010 et
137 958 367 1025 replendo
415 957 521 1006 orbi
567 967 616 1005 et
660 955 936 1004 instruendo
982 958 1145 1004 seculo
1185 958 1507 1019 excogitatam
1545 967 1687 1022 atque

43 1030 217 1080 exinde
248 1030 547 1095 permissam,
581 1045 717 1076 unam
751 1037 922 1075 tamen.
991 1026 1112 1075 Nam
1145 1037 1194 1075 et
1223 1026 1376 1074 Adam
1407 1045 1525 1076 unus
1557 1028 1687 1077 Evae

41 1103 259 1156 maritus,
306 1109 356 1151 et
400 1100 501 1149 Eva
545 1115 639 1147 una
682 1115 804 1146 uxor
841 1099 988 1156 illius,
1035 1114 1128 1146 una
1165 1100 1357 1156 mulier,
1405 1115 1498 1146 una
1537 1109 1686 1148 costa.

40 1170 171 1239 Sane
203 1171 326 1236 apud
354 1179 545 1227 veteres
584 1179 773 1217 nostros
813 1171 1035 1234 ipsosque
1074 1170 1372 1233 patriarchas
1411 1187 1506 1217 non
1543 1170 1687 1218 modo

31 1241 248 1300 nubere,
310 1241 394 1289 sed
448 1243 589 1289 etiam
644 1242 934 1304 plurifariam
989 1241 1299 1288 matrimoniis
1344 1242 1411 1287 uti
1457 1242 1528 1288 fas
1574 1243 1685 1300 fuit3

38 1323 182 1362 erant
210 1322 261 1361 et
291 1313 602 1361 concubinae.
680 1310 778 1359 Sed
810 1312 924 1358 licet
955 1311 1203 1374 figuratum
1236 1312 1283 1357 in
1315 1327 1608 1375 synagogam
1640 1322 1689 1360 et

41 1385 298 1433 ecclesiam
347 1384 634 1442 cesserit-³),
688 1391 741 1429 ut
778 1391 935 1429 tamen
980 1382 1259 1446 simpliciter
1302 1383 1686 1446 interpretemur,

41 1456 361 1504 necessarium
400 1455 488 1501 fuit
527 1454 798 1509 instituere,
847 1468 966 1515 quae
1012 1462 1180 1515 postea
1218 1461 1299 1499 aut
1338 1456 1568 1517 amputari
1606 1464 1688 1501 aut

39 1526 298 1590 temperari
329 1523 642 1572 mererentur.
721 1522 1076 1586 Superventura
1107 1525 1229 1570 enim
1262 1524 1342 1570 lex
1372 1533 1500 1583 erat3
1543 1541 1686 1587 opor-

38 1598 175 1645 tebat
202 1596 323 1660 legis
354 1593 682 1659 adimplendae
717 1609 907 1641 caussas
938 1595 1351 1657 praecucurrisse,
1386 1594 1540 1642 eidem
1572 1612 1683 1643 mox

40 1667 138 1732 legi
168 1673 452 1715 succurrere
485 1666 751 1725 habebat4)
787 1664 865 1712 dei
896 1679 1070 1722 sermo,
1105 1666 1514 1714 circumcisionem
1544 1665 1681 1715 indu-

39 1752 158 1788 cens
192 1738 466 1802 spiritalem.
543 1736 694 1799 Igitur
729 1751 818 1799 per
856 1736 1094 1783 licentiam
1126 1745 1238 1783 tunc
1269 1738 1500 1799 passivam
1532 1747 1682 1786 mate-

39 1811 141 1858 riae
173 1809 556 1872 subsequentium
567 1773 968 1855 oemendationum
999 1808 1526 1870 praeministrabantur,
1568 1825 1682 1871 quas

39 1872 255 1928 dominus
286 1880 537 1942 evangelio
576 1894 684 1934 suo,
726 1876 912 1924 dehinc
936 1878 1180 1940 apostolus
1216 1878 1265 1923 in
1306 1879 1682 1927 extremitatibus

39 1941 190 2000 seculi
220 1958 302 1998 aut
331 1949 511 1998 excidit
539 1945 862 1995 redundantes
890 1956 972 1994 aut
1003 1948 1267 2011 composuit
1296 1948 1580 1996 inconditas.

184 2025 232 2072 3.
296 2018 394 2068 Sed
433 2036 528 2066 non
567 2017 677 2066 ideo
715 2019 1039 2082 praemiserim
1078 2017 1137 2065 de
1176 2019 1397 2066 libertate
1434 2022 1681 2069 vetustatis

40 2101 92 2141 et
126 2091 418 2156 posteritatis
457 2089 795 2153 castigatione,
842 2098 894 2135 ut
936 2097 1229 2152 praestruam
1270 2089 1505 2138 Christum
1544 2107 1681 2155 sepa-

39 2162 202 2212 randis
245 2162 555 2209 matrimoniis
602 2168 650 2208 et
694 2159 909 2207 delendis
956 2160 1367 2233 coniunctionibus
1413 2160 1679 2220 advenisse,

37 2234 174 2298 quasi
210 2234 310 2295 iam
342 2232 449 2280 hinc
482 2232 620 2286 finem
645 2230 866 2278 nubendi
902 2215 1241 2294 praescribam.
1316 2229 1560 2291 Viderint,
1604 2235 1681 2297 qui

38 2305 167 2352 inter
210 2312 375 2352 cetera
418 2303 779 2367 perversitatum
819 2318 1004 2349 suarum
1045 2300 1317 2366 disiungere
1358 2301 1535 2351 docent
1574 2320 1681 2352 car-

15 2380 146 2423 ‘xiem
179 2373 237 2422 de
269 2370 459 2422 duobusv
480 2390 643 2430 unam,
683 2381 912 2436 negantes
944 2389 1072 2430 eum,
1095 2374 1443 2437 'qui'feminam
1481 2373 1541 2421 de
1580 2391 1680 2422 ma-

39 2446 173 2494 sculo
205 2453 437 2493 mutuatus
457 2443 560 2491 ·duo
595 2460 799 2507 corpora
831 2460 891 2491 ex
922 2442 1132 2491 eiusdem
1171 2445 1399 2491 materiae
1433 2447 1677 2492 consortio

30 2524 224 2580 ¹sumpta
259 2531 421 2564 rursus
458 2516 506 2561 in
550 2530 601 2562 se
648 2515 932 2561 matrimonii
979 2517 1308 2578 compactione
1328 2515 1373 2570 5)
1422 2517 1676 2579 compegit.

40 2584 276 2658 Denique
285 2586 530 2651 prohiberi
562 2587 746 2648 nuptias
778 2601 1001 2649 nusquam
1034 2586 1223 2631 omnino
1256 2584 1478 2646 legimus,
1509 2594 1561 2632 ut
1588 2586 1676 2633 bo-

40 2673 151 2710 ιιιιιιι
178 2658 380 2706 scilicet.
457 2655 578 2717 Quid
616 2665 773 2704 tamen
811 2656 938 2704 bono
970 2657 1061 2702 isto
1093 2656 1258 2702 melius
1298 2656 1380 2712 sit,
1420 2657 1677 2719 accipimus

38 2727 100 2776 ab
131 2729 375 2793 apostolo,
415 2728 717 2792 permittente
757 2726 943 2792 quidem
981 2725 1184 2784 nubere,
1223 2724 1308 2772 sed
1346 2725 1676 2775 abstinentiam

127 2925 204 2974 ’1)
236 2924 327 2974 mg.
357 2926 705 2972 pertractare.
838 2925 883 2974 2)
915 2925 1007 2974 Rig.
1042 2926 1096 2962 ut
1136 2925 1475 2964 seminarium
1514 2936 1677 2976 gene-

8 2981 114 3029 gri·
144 2980 400 3035 Quinam„
506 2981 550 3030 3)
582 2981 717 3019 Rhen.
751 2981 1064 3030 figuratum3
1111 2982 1166 3021 al.
1198 2982 1373 3033 figura
1409 2986 1537 3031 tum3
1585 2983 1675 3032 Rig.

8 3045 21 3090 f
41 3037 356 3088 figuraliter
386 3037 435 3074 in
467 3049 738 3087 synagoga
772 3038 1007 3077 ecclesia
1036 3038 1425 3080 intercenerit.
1521 3039 1568 3089 4)
1586 3040 1674 3089 Rig.

8 3094 166 3134 “Item
196 3106 312 3133 mox
339 3093 450 3147 legi
480 3094 772 3132 succedere
802 3095 910 3134 hab.
1028 3094 1072 3145 5)
1103 3096 1194 3145 Εἰς.
1226 3098 1639 3149 computatione.
