1942 3554
533 140 1115 183 AroLoeltrlcUs.
1571 146 1677 194 127

37 296 143 351 ‚quo
175 291 224 332 et
253 280 426 333 bellum
457 296 595 330 nemo
627 280 814 345 quidem
846 281 999 331 libcns
1018 284 1063 342 ¹)
1106 284 1305 348 patitur,
1355 301 1458 332 cum
1499 294 1548 333 et
1579 295 1678 334 tre-

37 354 214 422 pidare
245 362 296 402 et
324 352 588 418 periclitari
626 353 689 399 sit
725 367 953 412 necesse3
1006 362 1163 402 tamen
1204 363 1252 401 et
1282 356 1546 418 proetiatur
1577 373 1678 405 om-

28 426 187 479 mibus
216 423 417 482 viribus,
448 431 496 471 et
526 423 721 470 vincens
754 423 800 469 in
830 423 1018 486 proelio
1051 423 1251 488 gaudet,
1285 426 1362 488 qui
1395 424 1455 474 de
1486 428 1674 490 proelio

40 495 351 561 querebatur,
385 495 490 558 quia
515 501 564 541 et
587 492 785 556 gloriam
812 495 1120 558 consequitur
1144 504 1193 542 et
1222 496 1463 558 praedam.
1526 497 1674 547 Proe-

47 568 157 619 lium
189 575 262 614 est
290 565 446 622 nobis,
480 563 604 628 quod
634 579 951 627 provocamur
980 564 1040 612 ad
1072 565 1340 623 tribunalia,
1376 575 1425 613 ut
1457 568 1554 615 illic
1588 570 1672 616 sub

44 637 318 688 discrimine
352 636 518 699 capitis
546 650 632 698 pro
665 635 868 683 veritate
901 644 1158 684 certemus.
1236 635 1452 685 Victoria
1485 647 1559 686 est
1590 655 1671 686 au-

44 717 164 765 tem,
212 723 298 773 pro
342 722 432 770 quo
472 706 757 764 certaveris,
807 705 1040 754 obtinere.
1115 706 1187 754 Ea
1218 707 1420 754 victoria
1452 708 1593 757 hahet
1625 720 1672 756 et

45 779 245 843 glotiam
274 773 495 841 placendi
526 775 617 824 deo
651 785 699 824 et
728 775 952 840 praedam
984 776 1175 825 vivendi
1194 779 1238 824 in
1257 786 1518 825 aeternnm.
1574 779 1671 827 Sed

0 837 11 851 ⁵
38 848 344 906 obducimur3
391 855 524 896 certe
557 863 660 894 cum
694 847 999 895 obtinuimus:
1047 863 1164 912 ergo
1197 849 1414 907 vicimus,
1450 865 1553 897 cum
1587 866 1671 897 oc-

39 918 263 986 eidimur3
317 917 520 983 denique
561 916 821 976 evadimus,
870 934 974 966 cum
1007 918 1302 968 obducimur.
1376 919 1516 968 Licet
1548 937 1669 968 nunc

32 990 370 1042 menticios
416 998 466 1037 et
515 990 750 1037 semaxios
767 990 811 1045 2)
868 990 1139 1054 appelletis,
1203 992 1310 1054 quia
1355 990 1415 1038 ad
1462 992 1668 1055 stipitem

43 1058 226 1110 dimidii
262 1061 364 1108 axis
403 1060 602 1108 revincti
641 1069 982 1108 sarmentorum
1021 1060 1195 1108 ambitu
1243 1063 1500 1110 exurimur.
1581 1063 1668 1110 Hic

34 1139 116 1184 est
145 1130 330 1179 habitus
361 1131 591 1179 victoriae
623 1139 830 1188 nostrae,
863 1131 982 1179 haec
1000 1132 1200 1195 palmata
1218 1133 1391 1192 vestis3
1428 1133 1509 1180 tali
1528 1149 1667 1181 curru

42 1202 395 1266 triumphamus,
466 1201 642 1250 Merito
673 1202 831 1265 itaque
864 1202 1003 1249 victis
1035 1219 1128 1249 non
1158 1203 1430 1266 placemus,
1471 1213 1668 1268 propte-

37 1287 127 1323 rea
159 1273 281 1322 enim
314 1271 552 1336 desperati
585 1281 633 1319 et
670 1271 843 1335 perditi
883 1273 1219 1320 existimamur.
1295 1272 1393 1322 Sed
1432 1274 1551 1322 haec
1584 1273 1668 1322 de·-

34 1344 250 1408 speratio
296 1351 344 1391 et
381 1341 586 1407 perditio
626 1359 775 1406 penes
813 1360 899 1390 vos
937 1346 983 1390 in
1018 1360 1183 1391 caussa
1216 1344 1402 1407 gloriae
1436 1353 1484 1393 et
1514 1346 1666 1393 famae

38 1413 264 1463 vexillum
309 1413 495 1461 virtutis
541 1412 789 1460 extollunt.
863 1412 1048 1461 Mucius
1095 1412 1307 1462 dextram
1348 1431 1477 1463 suam
1515 1415 1666 1464 libens

38 1485 86 1535 in
130 1500 214 1533 ara
258 1483 474 1548 reliquit:
532 1500 560 1530 o
608 1482 866 1531 sublimitas
912 1485 1078 1532 animi!
1153 1483 1471 1548 Empedocles
1516 1495 1665 1534 totum

32 1571 147 1605 sese
165 1554 493 1604 Catanensium
517 1553 747 1602 Aetnaeis
778 1553 1010 1602 incendiis
1044 1554 1260 1602 donavit:
1305 1573 1333 1601 o
1366 1557 1506 1619 vigor
1535 1573 1667 1605 men-

30 1627 124 1675 ·tis!
185 1625 356 1690 Aliqua
389 1625 687 1688 Carthaginis
737 1624 976 1673 conditrix
1022 1642 1142 1690 rogo
1198 1626 1456 1674 secundnm
1504 1628 1665 1675 matri·

38 1697 238 1747 nonium
271 1695 423 1744 dedit:
464 1713 493 1743 o
524 1696 828 1759 praeconium
864 1697 1124 1743 castitatis!
1196 1696 1421 1760 Regulus,
1455 1714 1514 1746 ne
1547 1715 1664 1746 unus

30 1775 123 1832 fro
155 1767 308 1815 multis
335 1765 551 1814 hostibus
581 1767 780 1823 viveret,
814 1775 914 1814 toto
949 1783 1153 1830 corpore
1188 1783 1356 1815 cruces
1390 1770 1590 1831 patitur:
1635 1785 1662 1815 ο

35 1838 185 1887 virum
209 1837 381 1885 fortem
404 1845 454 1885 et
478 1838 523 1884 in
549 1837 820 1900 captivitate
846 1838 1100 1884 victorem!
1165 1835 1492 1895 Anaxarchus,
1527 1855 1663 1902 quum

32 1909 83 1958 iu
116 1908 377 1971 exemplum
393 1906 442 1970 ³)
472 1908 684 1970 ptisanae
723 1908 820 1970 pilo
855 1907 1256 1964 contunderet-ur,
1289 1907 1433 1956 tunde
1454 1944 1467 1966 ,
1502 1907 1662 1967 tunde,

32 1978 209 2036 aiebat,
241 1977 511 2026 Anaxarchi
542 1977 726 2035 follem,
766 1976 1098 2026 Anaxarchum
1131 1979 1253 2025 enim
1286 1995 1378 2025 non
1411 1978 1592 2027 tundis:
1635 1996 1662 2026 o

31 2049 304 2114 philosophi
336 2049 790 2112 magnanimitatem,
825 2049 903 2112 qui
936 2048 994 2096 de
1027 2049 1107 2096 tali
1140 2065 1224 2096 suo
1257 2050 1388 2096 exitu
1420 2051 1561 2097 etiam
1593 2051 1664 2096 io-

10 2119 256 2174 eabatur!
321 2118 495 2166 Omitto
530 2135 615 2166 eos
647 2120 724 2183 qui
759 2135 860 2166 cum
896 2118 1056 2183 gladio
1082 2120 1274 2183 proprio
1300 2120 1455 2167 aliove
1482 2136 1662 2184 genere

7 2191 200 2244 :nortis
242 2191 431 2238 mitiore
478 2189 536 2238 de
583 2189 722 2238 laude
769 2191 1067 2254 pepigerunt.
1144 2190 1273 2238 Ecce
1321 2191 1444 2239 enim
1484 2199 1534 2239 et
1563 2200 1662 2238 tor-

34 2269 298 2312 mentorum
325 2262 588 2310 certamina
622 2269 911 2308 coronantur
941 2277 967 2307 a
997 2261 1150 2308 vohis.
1228 2259 1392 2308 Attica
1418 2259 1661 2319 meretrix,

33 2331 262 2382 carnifice
305 2333 395 2379 iam
442 2331 665 2396 fatigato,
713 2340 953 2396 postremo
995 2332 1196 2396 linguam
1238 2348 1366 2379 suam
1407 2341 1662 2379 comestam

34 2402 86 2453 iu
112 2401 281 2452 taciem
314 2403 499 2467 tyranni
531 2403 785 2450 saevientis
818 2403 1019 2466 exspuit,
1054 2411 1102 2449 ut
1133 2410 1389 2466 exspueret
1407 2411 1455 2450 et
1480 2419 1660 2460 vocem,

31 2486 103 2523 ne
143 2474 412 2522 coniuratos
457 2473 675 2521 confiteri
720 2482 903 2536 posset,
966 2474 1005 2520 si
1051 2474 1191 2520 etiam
1238 2473 1366 2519 victa
1411 2473 1658 2520 voluisset.

34 2542 171 2593 Zeno
212 2543 406 2592 Eleates
453 2544 695 2592 consultus
740 2560 767 2591 a
798 2542 1054 2607 DionysiO,
1104 2541 1320 2606 quidnam
1369 2542 1665 2606 philosophia

36 2623 321 2679 praestaret,
369 2631 504 2679 quum
537 2613 886 2679 respondisset,
937 2621 1253 2676 contemptum
1285 2614 1539 2671 mortis,4)
1582 2614 1664 2661 ssa-

34 2684 176 2748 gellis
207 2687 392 2749 tyranni
423 2685 662 2733 subiectus
702 2685 981 2732 sententiam
1030 2700 1157 2730 suam
1196 2682 1254 2730 ad
1287 2692 1483 2731 mortem
1516 2700 1662 2748 usque

154 2837 195 2888 1)
225 2841 288 2876 lta
318 2839 408 2888 mg.
436 2843 478 2878 et
500 2841 604 2878 Hav.
632 2852 688 2879 ex
714 2840 973 2878 auctoritate
1000 2839 1091 2876 cod.
1122 2838 1244 2876 Fuld.
1289 2840 1449 2878 Ceteri:
1495 2852 1596 2888 quo,
1615 2842 1665 2878 et

35 2893 226 2934 bellum
254 2895 416 2933 miles.
475 2897 631 2934 Nemo
661 2898 854 2945 quippe
880 2896 1050 2933 libens
1075 2898 1157 2933 etc.
1277 2893 1443 2948 2)A1d.
1472 2908 1664 2935 semas-

35 2950 167 2999 πίση
194 2951 339 2999 Rhen.‚
369 2952 543 3000 Ganga„
574 2954 780 2991 Barraeus
806 2952 1101 2998 semissium
1130 2951 1276 2989 Gelen.
1298 2954 1664 2998 semissarios;

39 3008 131 3057 eod.
162 3008 293 3057 Lugd.
338 3009 620 3055 semnion,
677 3010 798 3047 Fuld.
838 3008 1220 3046 §armentarios
1263 3011 1312 3046 et
1357 3010 1666 3047 semiaxios.

35 3061 86 3111 8)
110 3065 172 3103 Ita
194 3065 285 3103 cod.
318 3064 451 3113 Fuld.,
486 3065 591 3112 Ald.,
630 3066 738 3114 mg„
768 3066 900 3112 Ham,
926 3065 1021 3102 alii:
1062 3064 1113 3102 in
1137 3065 1370 3103 exitium.
1528 3067 1572 3115 4)
1597 3065 1666 3103 Sic

35 3117 184 3159 Galen.
224 3123 266 3159 et
296 3121 386 3170 Rig.
424 3121 522 3159 cod.
548 3120 671 3159 Futd.
713 3125 754 3158 et
783 3121 846 3158 ed.
874 3122 979 3160 Hav.
1017 3124 1322 3170 contemptu
1359 3121 1546 3161 mortis
1578 3121 1666 3158 im-
