1942 3554
613 227 695 265 DE
724 227 1064 267 PUDICITIA.
1519 222 1642 266 145

99 333 194 402 1,
225 346 275 389 et
301 348 463 405 pastor
490 339 638 388 honus
671 340 902 398 Christus,
935 348 984 387 et
1012 338 1119 387 ideo
1152 339 1441 386 Christianus
1478 338 1524 384 in
1556 353 1642 385 ove

39 430 45 443 τ
88 407 364 475 'llige'ndus
383 412 451 470 ¹),
485 412 560 474 qui
591 411 647 458 ab
680 411 912 459 ecclesiae
943 424 1102 473 grege*
1123 411 1366 458 erraverit.
1414 408 1542 471 Ergo
1574 410 1642 454 ni-

9 472 11 475 ’
37 457 76 498 ἰ
106 479 189 529 *ad
210 481 559 545 pharisaeorum
583 482 946 529 mussitationem
972 479 1269 544 respondisse
1292 482 1361 528 vis
1393 479 1639 536 dominum,

102 585 104 591 .
132 551 361 600 'ad'tnam
391 554 829 615 praesumptionem.
897 551 960 598 Et
989 560 1141 598 tamen
1174 553 1238 598 ita
1269 567 1369 599 eam
1402 549 1641 597 vindicare

47 639 70 665 ἐ
93 622 250 680 «vbis,
281 631 333 669 ut
362 638 507 685 neges
538 623 584 669 in
616 623 848 669 ethnicum
881 631 1175 685 competere,
1209 637 1324 685 quae
1351 623 1396 668 in
1416 620 1642 668 Christia-

5 742 7 745 ,
70 718 127 756 „⁸
169 693 405 753 existimas
437 694 704 740 convenire.
776 691 867 739 Dic
899 693 1030 749 mihi,
1064 707 1216 739 nonne
1249 708 1383 740 omne
1408 691 1640 738 hominum

208 767 332 810 unus'
353 762 431 811 dei
460 779 579 826 grex
609 766 710 822 est?
752 762 920 810 Nonne
946 763 1261 809 universarum
1287 763 1491 826 gentium
1517 760 1639 808 idem

1 840 31 851 ’“
59 830 225 881 ·²²÷set
254 832 465 881 ‹hminus
496 842 545 880 et
572 836 735 897 pastor
771 836 873 880 est?
947 832 1056 890 Quis
1100 834 1247 895 magis
1291 834 1416 896 perit
1459 849 1487 879 a
1530 831 1638 889 deo,

0 902 3 921 ³
58 903 106 945 fr.
133 925 152 946 «ι
195 903 429 961 ethnicus,
457 902 677 967 ,quamdiu
708 906 866 950 errat?
903 902 1013 962 Quis
1037 905 1183 966 magis
1214 904 1466 966 requiritur
1495 918 1523 949 a
1548 900 1638 949 deo

25 998 32 1032 ‚1
58 1002 60 1033 ;
90 978 164 1021 ἰιι
195 973 429 1031 ethnicus,
463 973 648 1038 quando
681 982 932 1022 revocatur
961 990 989 1021 a
1021 973 1241 1021 Christo?
1311 969 1523 1038 Denique
1555 991 1638 1022 an-

52 1039 460 1098 4“ιίἰῑ,,1ιί·(3ὀι-“(Ιο
493 1045 539 1092 in
570 1045 792 1104 ethnicis3
832 1044 1057 1108 siquidem
1090 1061 1182 1091 non
1213 1043 1353 1092 aliter
1385 1043 1637 1092 Christiani

98 1114 317 1163 ἰιιῑΙιιιίᾱιίε
339 1115 483 1172 fiunt,
529 1117 619 1163 nisi
663 1116 790 1179 prius
827 1114 999 1178 perditi
1031 1124 1079 1162 et
1109 1132 1136 1162 a
1168 1114 1256 1162 deo
1289 1116 1501 1178 requisiti
1533 1125 1581 1163 et
1610 1133 1638 1163 a

25 1221 86 1251 .
126 1186 216 1233 'sto
247 1187 491 1249 reportati.
553 1186 623 1233 Ita
655 1187 793 1233 etiam
824 1185 1188 1234 hunc-ordinem
1220 1187 1398 1233 servari
1430 1195 1634 1249 oportet,

39 1293 60 1311 2
98 1257 154 1304 ²in
185 1271 268 1304 eos
298 1257 391 1303 tale
430 1256 603 1320 aliquid
650 1257 1035 1320 interpretemur,
1082 1253 1127 1302 in
1175 1257 1336 1320 quibus
1374 1257 1502 1319 prius
1547 1266 1633 1304 est.

44 1333 92 1373 t
119 1335 191 1384 tu,
225 1324 413 1390 opinor,
460 1326 550 1374 hoc
580 1328 717 1384 velis,
767 1334 815 1373 ut
846 1342 976 1374 ovem
1016 1343 1108 1373 non
1139 1325 1197 1375 de
1229 1343 1375 1390 grege
1406 1325 1635 1390 perditam

59 1427 77 1459 r·
104 1405 230 1455 ret,
264 1396 348 1444 sed
378 1396 436 1445 de
470 1413 580 1444 arca
610 1399 684 1445 vel
716 1397 933 1445 armario.
1005 1397 1084 1444 Sic
1116 1399 1204 1445 etsi
1236 1398 1528 1445 ethnicorum
1560 1415 1636 1446 rc-

216 1517 218 1519 ,
241 1484 477 1515 numerum
522 1469 688 1515 iustum
740 1470 827 1524 ait,
889 1486 980 1530 non
1033 1468 1140 1515 ideo
1188 1468 1479 1515 Christianos
1532 1486 1635 1517 esse

12 1552 13 1555 ’
40 1568 44 1581 2
71 1536 254 1595 cudit,
288 1554 390 1586 cum
420 1537 604 1586 Iudaeis
635 1555 779 1601 agens
805 1547 853 1585 et
874 1539 980 1586 illos
1006 1556 1107 1587 cum
1133 1541 1329 1586 maxime
1357 1539 1633 1598 obtundens,

98 1635 135 1675 ',·
178 1607 531 1671 indignarentur
559 1608 659 1672 spei
691 1610 1005 1669 ethnicorum,
1038 1609 1121 1657 sed
1150 1620 1200 1657 ut
1231 1611 1515 1673 exprimeret
1552 1611 1634 1658 ad-

28 1715 32 1719 ·
70 1680 184 1727 stus
223 1679 416 1727 livorem
453 1680 803 1744 pharisaeorum
842 1696 968 1727 suam
1014 1682 1209 1743 gratiam
1256 1690 1304 1727 et
1346 1680 1634 1729 benevolen-

6 1769 13 1778 ·
60 1745 63 1749 ’
104 1772 123 1793 ,ι
165 1750 304 1798 etiam
336 1751 465 1799 cirea
494 1766 631 1797 unum
671 1752 928 1808 ethnicum,
974 1753 1246 1815 praeposuit
1289 1754 1421 1800 unius
1460 1769 1633 1816 pecca-

24 1834 30 1841 '
75 1821 140 1870 's
170 1821 363 1869 salutem
397 1837 456 1869 ex
484 1824 800 1884 poenitentia,
835 1838 967 1885 quam
1000 1823 1181 1868 illorum
1213 1838 1272 1868 ex
1302 1824 1490 1869 iustitia.
1536 1823 1632 1870 Aut

53 1890 241 1958 Juquid
271 1908 363 1938 non
395 1892 502 1945 iusti
534 1891 717 1949 Iudaei,
765 1901 813 1939 et
858 1892 1019 1955 quibus
1064 1894 1352 1955 poenitentia
1392 1909 1506 1956 opus
1537 1911 1629 1940 non

0 1967 24 2025 ζ
52 1958 62 1992 ·²
79 1966 172 2020 set
204 1961 430 2009 habentes
460 1962 779 2025 gubernacula
824 1962 1097 2027 disciplinae
1144 1972 1192 2010 et
1235 1964 1414 2010 timoris
1459 1965 1629 2012 instru—

37 2027 179 2103 lenta
206 2033 358 2096 legem
391 2041 439 2080 et
466 2033 751 2096 prophetas?
813 2027 975 2080 Posuit
1004 2035 1146 2096 igitur
1176 2033 1280 2080 illos
1311 2035 1356 2080 in
1386 2034 1626 2097 parabola,

0 2120 54 2150 Α
100 2103 139 2150 'si
169 2119 262 2150 non
294 2104 452 2166 quales
483 2113 638 2162 erant,
671 2102 753 2151 sed
786 2105 944 2167 quales
970 2121 1071 2151 esse
1098 2103 1377 2162 debuerant,
1412 2122 1500 2167 quo
1533 2122 1628 2153 ma-

37 2175 94 2222 ’ἵε
124 2172 520 2231 suffunderentur,
566 2175 669 2221 aliis
702 2184 749 2222 et
778 2191 870 2221 non
902 2175 989 2221 sibi
1020 2176 1352 2238 poenitentiam
1385 2175 1629 2223 audientes

6 2232 36 2290 Ὗ
67 2244 348 2294 cessariam.
409 2243 611 2293 Proinde
643 2247 690 2292 in
720 2245 970 2293 drachmae
1000 2246 1246 2310 parabola,
1285 2255 1336 2292 ut
1373 2262 1432 2292 ex
1463 2246 1625 2294 eadem

16 2316 19 2318 ’
67 2316 218 2364 f-t'eria
252 2325 529 2398 provocata,
576 2316 723 2379 aeque
763 2317 997 2364 ethnicum
1044 2315 1308 2363 drachmam
1347 2317 1630 2380 interpieta-

0 2382 15 2386 '⁴
70 2391 90 2420 ’ἴ
120 2387 145 2444 ²,
178 2387 266 2434 etsi
295 2387 340 2433 in
373 2386 510 2434 domo
541 2388 775 2446 amissam,
817 2389 946 2451 quasi
984 2388 1030 2433 in
1068 2388 1293 2444 ecclesia,
1334 2389 1421 2433 etsi
1460 2387 1517 2434 ad
1559 2389 1630 2434 lu-

50 2468 83 2513 ᾖ»
118 2473 194 2504 ae
225 2457 377 2504 lumen
400 2466 664 2522 repertam,
699 2459 828 2521 quasi
859 2457 917 2504 ad
949 2457 1024 2505 dei
1054 2458 1260 2504 v.erl›um
1306 2456 1478 2520 Atquin
1502 2467 1626 2504 totus

14 2578 15 2582 Ἰ
88 2526 93 2534 ’
129 2526 321 2574 mundus
351 2535 442 2574 una
471 2529 670 2576 omnium
702 2527 864 2575 domus
903 2536 995 2585 est,
1035 2529 1081 2573 in
1121 2544 1209 2590 quo
1249 2529 1394 2589 magis
1433 2528 1623 2575 ethnico

72 2593 173 2676 ‚tia
217 2596 293 2645 «lei
338 2598 519 2656 illucet,
566 2599 642 2662 qui
687 2599 732 2643 in
770 2598 976 2645 tenebris
1021 2599 1271 2654 invenitur,
1320 2614 1450 2679 quam
1492 2598 1626 2645 Ch1i-

14 2677 19 2701 ‘2
103 2670 199 2726 ιισ,
232 2669 307 2732 qui
339 2669 428 2714 iam
459 2669 505 2715 in
535 2668 610 2716 dei
642 2670 745 2715 luce
778 2677 863 2715 est.
939 2667 1148 2731 Denique
1188 2677 1235 2714 et
1273 2670 1346 2714 oxi
1379 2677 1427 2714 et
1457 2667 1626 2715 drach-

153 2752 268 2786 unus
299 2754 436 2786 error
464 2737 760 2786 adscribitur.
842 2738 960 2784 Nam
1007 2740 1044 2784 si
1089 2739 1178 2784 iam
1224 2739 1268 2783 in
1316 2738 1623 2786 Christianum

143 2818 321 2857 atoreni
353 2807 722 2871 defingerentur,
769 2818 874 2872 post
919 2807 1052 2855 fidem
1098 2807 1323 2871 perditam
1370 2817 1418 2865 et
1455 2811 1624 2856 iterata

77 2891 207 2931 fusio
239 2894 400 2927 eorum
432 2888 479 2926 et
508 2880 739 2926 restitutio
771 2888 1026 2926 notaretur.
1094 2878 1330 2926 Decedam
1362 2896 1480 2927 nunc
1511 2884 1624 2943 pau-

0 2963 5 2989 1
62 2947 166 3018 [er
195 2948 253 2998 de
284 2949 432 3020 gradu
462 2951 575 3007 isto,
610 2966 697 3014 quo
730 2950 875 3013 magis
907 2966 1008 2997 eum
1035 2950 1172 2996 etiam
1198 2949 1470 2997 decedendo
1497 2968 1624 2998 com—

10 3120 13 3121 ’
86 3123 98 3131 ’“
145 3121 189 3168 1)
236 3120 379 3159 Gelen.
423 3124 464 3157 et
506 3120 659 3158 Pamel.
706 3119 1036 3158 Chlistianus
1082 3132 1180 3158 non
1226 3121 1610 3170 intelligendus

0 3186 2 3189 ’
54 3177 175 3214 «iuw
220 3188 242 3213 e
274 3187 351 3214 ms.
384 3180 433 3214 et
463 3176 576 3215 ideo
608 3177 938 3214 Christianus
972 3177 1116 3216 homo
1148 3177 1543 3226 intelligendus.

46 3243 307 3284 ‘ri-mun.
336 3249 381 3284 ΙΙ.
1210 3238 1271 3283 10
