1942 3554
574 186 657 224 DE
694 186 1029 225 BAPTISMO.
1519 178 1606 229 45

3 298 203 349 evenerit
232 299 394 347 similis
424 300 674 364 pristinae,
707 309 781 359 ut,
815 298 1200 364 quemadmodum
1230 300 1311 347 illa
1334 299 1612 366 baptismum

3 369 259 428 uss'erebat,
304 372 373 418 ita
417 372 571 435 aliqua
616 387 702 436 per
747 388 797 420 se
839 388 942 419 eum
975 373 1205 419 conferat.
1283 371 1460 431 Quodsi
1492 387 1611 435 quae

0 440 135 489 'z'aulo
166 457 415 506 perperam
462 441 703 506 adscripta
740 451 846 490 sunt
863 444 932 503 1),
981 442 1041 490 ad
1086 444 1326 490 licentiam
1370 443 1613 490 mulierum

0 509 195 560 locendi
225 512 561 576 tinguendique
595 513 874 572 defendunt3
922 516 1075 561 sciant
1117 515 1166 560 in
1204 512 1321 563 Asia
1364 514 1615 578 presbyte-

3 599 112 642 τινι,
145 583 222 646 (Ῑυί
253 599 356 630 eam
387 585 666 648 scripturam
699 586 983 644 construxit,
1033 587 1163 648 quasi
1208 586 1343 633 titulo
1374 585 1507 632 Pauli
1554 584 1613 632 de

0 669 72 708 mo
121 654 382 715 cumulans,
430 656 694 702 convictum
741 664 880 719 atque
928 657 1214 713 confessum,
1261 655 1310 705 id
1355 671 1405 703 se
1451 669 1613 703 amore

0 723 122 774 ³?auli
148 724 344 782 fecisse,
378 725 491 773 loco
519 725 797 773 decessisse.
874 724 1019 783 Quam
1059 727 1180 773 enim
1212 725 1323 773 fidei
1353 727 1614 789 proximum

3 793 249 854 rideretur,
294 804 346 844 ut
389 797 429 850 is
474 795 677 843 docendi
717 805 766 843 et
794 795 1039 858 tinguendi
1078 795 1215 844 daret
1243 797 1446 844 feminae
1476 806 1615 861 pote-

0 874 181 924 statem,
211 867 289 930 qui
319 866 379 913 ne
412 865 597 914 discere
630 865 815 929 quidem
849 875 1122 914 constanter
1151 867 1336 914 mulieri
1373 868 1616 932 permisit?

1 937 218 995 Faceant,
250 937 421 1001 inquit,
455 946 503 985 et
534 936 659 984 domi
690 938 885 991 maritos
915 954 1025 984 suos
1057 939 1304 985 consulant
1320 939 1385 999 2).

17 1036 27 1073 3
128 1011 208 1059 18.
272 1006 492 1055 Ceterum
535 1007 813 1072 baptismum
851 1025 945 1055 non
977 1017 1157 1057 temere
1191 1009 1477 1057 credendum
1509 1025 1614 1058 esse

0 1079 160 1137 ieiunt,
194 1094 389 1143 quorum
422 1079 628 1135 officium
657 1089 743 1127 est.
795 1079 928 1130 Omni
954 1082 1136 1144 petenti
1167 1089 1214 1128 te
1247 1079 1358 1128 dato
1375 1083 1449 1142 3),
1483 1097 1614 1128 suum

0 1149 128 1212 tabet
155 1149 565 1215 titulumperinde
613 1150 673 1200 ad
718 1152 1067 1215 eleemosynam
1112 1153 1442 1215 pertinentem.
1514 1152 1613 1200 Imo

0 1219 97 1270 und
127 1221 284 1286 potius
313 1221 714 1285 perspiciendum:
755 1221 917 1270 Nolite
951 1221 1065 1270 dare
1098 1232 1309 1271 sanctum
1343 1223 1535 1271 canibus
1567 1232 1619 1271 et

0 1292 143 1340 oorcis
185 1292 424 1357 proiicere
470 1294 750 1355 margaritas
794 1302 998 1351 vestras,
1061 1302 1110 1341 et
1161 1311 1322 1342 manus
1367 1310 1426 1342 ne
1472 1295 1614 1342 facile

0 1363 285 1428 inposueris,
331 1380 390 1411 ne
434 1365 692 1428 participes
746 1365 902 1412 aliena
948 1363 1204 1426 delicta4).
1283 1364 1335 1412 Si
1374 1361 1615 1430 Philippus

0 1449 76 1498 3¹1¹
119 1433 267 1491 facile,
314 1434 453 1492 tinxit
504 1435 795 1492 eunuchum,
856 1428 1175 1498 recogitemus
1226 1437 1520 1484 manifestam
1567 1445 1618 1484 et

0 1513 218 1570 =ffsertam
264 1503 585 1568 dignationem
633 1504 808 1552 domini
852 1507 1196 1554 intercessisse.
1269 1506 1472 1571 Spiritus
1504 1506 1616 1555 Phi-

0 1576 110 1642 ippo
139 1584 454 1640 praeceperat
499 1577 547 1623 in
592 1592 695 1624 eam
738 1578 861 1625 viam
892 1577 1204 1641 pertendere3
1252 1577 1400 1642 spado
1433 1587 1482 1626 et
1512 1580 1612 1643 ipse

0 1655 196 1706 aventus
227 1655 300 1694 est
329 1664 423 1694 non
455 1648 656 1706 otiosus,
696 1664 785 1696 nec
819 1649 896 1712 qui
928 1649 1081 1697 subito
1121 1650 1271 1712 tingui
1305 1650 1615 1714 concupisce-

0 1726 97 1779 ψῃ·
126 1717 211 1766 sed
256 1717 316 1766 ad
360 1719 581 1784 templum
620 1718 795 1766 orandi
842 1720 996 1782 gratia
1033 1721 1301 1784 profectus,
1350 1722 1613 1786 scripturae

0 1782 168 1853 liyinae
199 1790 475 1855 impressus,
524 1791 591 1838 sic
633 1790 886 1854 oportebat
924 1790 1176 1854 deprendi,
1226 1793 1301 1839 cui
1339 1793 1465 1839 ultro
1499 1792 1615 1841 deus

0 1861 246 1929 ipostolum
276 1862 490 1919 miserat,
540 1877 675 1925 quem
719 1877 879 1909 rursus
925 1862 1136 1925 spiritus,
1183 1871 1234 1909 ut
1279 1879 1328 1911 se
1377 1865 1614 1911 curriculo

0 1931 187 1994 maachi
217 1931 520 1995 adiungeret,
554 1933 709 1990 iussit,
743 1934 976 1996 scriptura
1007 1934 1150 1996 ipsius
1182 1932 1294 1981 fidei
1327 1936 1537 1983 occurrit
1567 1936 1613 1981 in

4 2007 220 2068 empore,
268 2003 544 2055 exhortatus
576 2002 854 2062 adsumitur,
904 2003 1115 2051 dominus
1163 2003 1448 2063 ostenditur,
1498 2005 1615 2053 fides

0 2091 76 2122 ion
106 2082 340 2132 moratur,
372 2072 494 2138 aqua
523 2091 617 2121 non
649 2083 975 2137 exspectatur,
1009 2076 1251 2139 apostolus
1280 2077 1499 2139 perfecto
1531 2093 1616 2124 ne-

0 2146 115 2207 gotio
147 2145 358 2209 eripitur.
429 2143 526 2193 Sed
557 2154 606 2192 et
635 2144 805 2192 Paulus
836 2162 1006 2193 revera
1038 2147 1132 2193 cito
1165 2148 1340 2194 tinctus
1372 2134 1484 2208 esh¹
1518 2149 1614 2196 cito

0 2217 106 2281 mim
138 2225 430 2279 cognoverat
461 2214 623 2268 Simon
640 2217 684 2277 ⁵)
733 2217 904 2281 hospes
948 2233 1030 2265 vas
1065 2226 1181 2265 ‘eum
1227 2234 1332 2266 esse
1365 2220 1615 2267 electionis

0 2288 302 2339 constitutum.
378 2286 468 2334 Dei
512 2286 724 2351 dignatio
772 2305 878 2336 suas
922 2290 1183 2353 praemittit
1226 2292 1612 2354 praerogativa83

0 2359 132 2423 mnis
176 2358 345 2433 petitio
392 2367 442 2406 et
487 2357 710 2423 decipere
757 2369 806 2407 et
851 2359 1008 2424 decipi
1050 2370 1225 2424 potest.
1316 2362 1480 2426 ltaque
1526 2379 1613 2426 pro

0 2425 208 2498 *iusque
237 2445 471 2494 personae
505 2429 777 2478 conditione
810 2447 866 2478 ac
907 2429 1241 2495 dispositione,
1282 2434 1423 2479 etiam
1454 2441 1613 2480 aetate

0 2501 223 2567 *petatio
253 2500 663 2565 baptismiutilior
692 2510 786 2560 est,
832 2503 1087 2566 praecipue
1133 2511 1290 2550 tamen
1331 2504 1460 2550 circa
1504 2519 1614 2567 par—

0 2570 130 2638 rglps.
192 2571 314 2631 Quid
345 2573 467 2620 enim
498 2588 695 2620 necesse
728 2581 822 2629 est,
856 2588 1110 2635 sponsores
1135 2574 1277 2620 etiam
1299 2574 1515 2637 periculo
1542 2575 1613 2620 in-

0 2643 115 2716 ΜΓ,
158 2643 235 2707 qui
279 2650 328 2690 et
363 2643 454 2708 ipsi
490 2659 578 2707 per
621 2643 955 2690 mortalitatem
987 2642 1245 2691 destituere
1276 2645 1612 2708 promissiones

24 2715 42 2781 J
70 2729 92 2760 5
119 2722 316 2778 possunt
345 2722 394 2762 et
421 2722 653 2778 proventu
683 2714 835 2761 malae
879 2713 1052 2760 indolis
1095 2715 1227 2780 falli?
1297 2714 1381 2762 Ait
1426 2715 1610 2780 quidm

0 2725 222 2866 &minum
267 2783 430 2849 Nolite
469 2785 577 2833 illos
606 2784 860 2848 prohibere
893 2784 953 2833 ad
984 2801 1056 2832 me
1085 2786 1330 2848 veniress).
1404 2785 1611 2836 Veniant

101 2927 146 2977 1)
177 2928 242 2965 Ita
254 2925 337 2965 h.l.
348 2927 603 2982 auctoritate
621 2927 711 2965 cod.
724 2927 869 2966 Ursini
884 2928 1298 2979 emendavitRigalt.‘;
1318 2930 1506 2970 WouW.:
1525 2943 1549 2969 a
1561 2932 1608 2968 d-

0 2942 188 3222 ssipta
228 2985 368 3034 sunt,
398 2979 676 3032 ‘scriptum
719 2985 908 3023 Teclae
949 2985 1010 3023 ad
1045 2986 1130 3024 lic.
1198 2987 1357 3026 Ceteri:
1405 2988 1609 3037 scripta

0 3042 7 3076 l
41 3043 190 3091 gunt,
223 3036 517 3088 exemplum
547 3042 740 3080 Teclae
772 3042 830 3081 ad
860 3043 944 3081 lic.
1020 3043 1287 3093 2)1Cor.14,
1309 3046 1374 3083 34.
1452 3045 1607 3093 3)Luc.

74 3100 113 3138 0.
228 3095 276 3151 4)
306 3098 457 3136 Matth.
476 3100 514 3145 7,
534 3099 570 3139 6..
631 3100 770 3138 1Tim.
793 3102 830 3149 5,
849 3101 914 3139 22.
1032 3099 1077 3152 5)
1096 3101 1226 3139 Rhen.
1249 3104 1291 3139 et
1307 3102 1397 3152 Rig.
1417 3103 1605 3153 Simon,

66 3146 191 3194 Fran.
208 3151 383 3206 ludas,
415 3155 552 3194 Latin.
569 3156 811 3196 Ananias.
943 3158 988 3207 6)
1017 3158 1167 3198 Matth.
1186 3160 1252 3209 19,
1272 3160 1337 3196 14.
