1942 3554
566 202 647 240 DE
678 185 918 239 monor
928 203 1133 241 Arma
1591 193 1683 254 29*

31 319 185 398 -amlim
214 340 282 391 ad
307 357 395 391 eos
426 342 581 406 potius
612 350 915 405 conspectum
949 342 1261 390 insatiabilem
1298 344 1546 402 conferre,
1588 346 1669 409 qui

42 411 94 463 ἐ
117 413 354 462 dominum
394 411 740 461 desaevierunt.
819 412 907 460 Hic
948 421 1020 460 est
1058 408 1161 471 ille,
1211 412 1387 471 dicam,
1435 414 1557 462 fabri
1590 425 1672 463 aut

26 485 363 550 :quaestuariae
393 483 531 540 filius,
564 481 746 530 sabbati
779 481 1068 541 destructor,
1104 481 1364 531 Samarites
1397 493 1446 532 et
1477 483 1670 533 daemo-

28 556 158 603 viium
197 553 391 603 habens.
478 553 565 601 Hic
606 562 701 610 est,
751 568 887 616 quem
927 570 954 600 a
987 552 1099 601 luda
1139 553 1431 612 redemistis,
1479 555 1556 603 hic
1598 565 1672 604 est

44 626 114 676 tte
159 623 387 672 arundine
433 631 482 672 et
521 623 733 687 colaphis
772 622 1124 681 diverberatus,
1174 627 1482 687 sputamentis
1522 625 1670 674 dede-

49 697 243 753 :oratuffi
274 694 385 743 felle
417 702 465 741 et
494 702 633 742 aceto
665 702 869 758 potatus.
922 693 1008 741 Hic
1043 703 1129 752 est,
1165 710 1301 759 quem
1335 696 1454 743 clam
1479 695 1670 744 discen-

49 765 501 830 .es'subripuerunt,
556 773 608 813 ut
644 766 968 813 resurrexisse
1017 763 1223 824 dicatur,
1278 765 1355 813 vel
1394 766 1670 814 hortulanus

26 835 263 895 ²detraxit,
318 851 377 884 ne
424 836 639 883 lactucae
685 852 799 883 suae
845 836 1113 899 frequentia
1160 837 1520 884 commeantium
1570 838 1671 885 lae-

24 906 275 962 amatur.
350 905 412 954 Ut
448 906 559 954 talia
598 915 810 970 spectes,
860 915 910 953 ut
940 906 1110 954 talibus
1150 907 1382 965 exsulteS‚
1432 908 1534 971 quis
1568 908 1668 966 tibi,

41 985 230 1027 metor
257 986 337 1024 aut
368 969 560 1033 consul,
606 986 687 1024 aut
717 986 963 1042 quaestor,
1005 986 1084 1025 aut
1116 977 1366 1036 sacerdos,
1408 977 1467 1025 de
1498 996 1583 1027 sua
1615 979 1671 1026 li-

38 1047 285 1104 unalitate
317 1048 606 1112 praestabit?
657 1048 717 1094 Et
748 1057 901 1095 tamen
934 1048 1053 1095 haec
1086 1048 1176 1095 iam
1208 1048 1554 1112 quodammodo
1587 1050 1671 1098 ha-

24 1132 198 1169 «mus
229 1133 317 1182 per
345 1118 483 1166 fidem
516 1119 681 1183 spiritu
716 1120 1002 1182 imaginante
1029 1128 1404 1182 repraesentata.
1446 1119 1671 1168 Ceterum

27 1188 192 1253 qualia
223 1189 303 1236 illa
333 1198 462 1247 sunt,
517 1205 635 1253 quae
670 1205 757 1236 nec
791 1190 955 1242 oculus
986 1188 1128 1247 vidit,
1187 1206 1276 1238 nec
1316 1192 1443 1238 auris
1475 1191 1670 1249 audivit,

27 1274 128 1308 aec
157 1261 206 1307 in
238 1276 324 1308 cor
353 1260 551 1307 hominis
582 1259 928 1307 ascenderunt?
992 1259 1175 1318 Credo,
1227 1261 1356 1308 circo
1392 1270 1441 1308 et
1471 1270 1671 1326 utraque

51 1345 192 1379 :avea
223 1339 271 1379 et
302 1332 426 1378 omni
458 1329 610 1378 stadio
643 1331 871 1395 gratiora.

796 1636 911 1689 DE

223 1770 1488 1839 IDOLOLA'PRIA.

187 2041 234 2087 1.
289 2035 554 2100 Principale
594 2038 771 2083 crimen
811 2037 1005 2099 generis
1038 2037 1246 2095 humani,
1281 2054 1484 2086 summus
1524 2040 1675 2087 seculi

41 2115 235 2165 reatus,
271 2115 372 2154 tota
403 2122 568 2154 caussa
598 2105 761 2154 iudicii
793 2106 1079 2154 idololatria.
1126 2106 1246 2155 Nam
1279 2109 1371 2156 etsi
1402 2125 1532 2156 suam
1564 2125 1675 2174 spc-

0 2207 3 2216 =
44 2177 166 2227 ›ei-m
195 2185 326 2225 tenet
356 2176 715 2242 unumquodque
749 2176 996 2236 delictum,
1030 2178 1120 2225 etsi
1152 2194 1238 2225 suo
1271 2177 1552 2262 quodque¹)
1588 2196 1674 2228 no-

3 2248 168 2299 mrnffie
197 2247 374 2296 iudicio
408 2247 692 2306 destinatur,
740 2249 786 2294 in
824 2247 1126 2296 idololatriae
1165 2257 1320 2296 tamen
1362 2252 1558 2298 crimine
1591 2267 1675 2299 ex-

45 2320 281 2391 fimatur.
357 2317 530 2366 Omitte
568 2319 751 2376 tituloS,
808 2335 979 2382 operas
1018 2335 1345 2383 recognosce,
1394 2320 1674 2369 idololatres

30 2386 191 2472 ὁὶ
205 2388 441 2438 homicida
480 2398 571 2438 est.
652 2388 852 2449 Quaeris
891 2406 1028 2454 quem
1068 2389 1334 2447 occiderit?
1379 2392 1419 2438 si
1459 2390 1570 2454 quid
1616 2390 1678 2438 ad

8 2498 9 2504 ,
175 2459 523 2510 'ambitionem
555 2460 686 2517 facit,
718 2477 811 2507 non
844 2470 1138 2519 extraneum,
1173 2477 1262 2508 nec
1294 2462 1554 2518 inimicum,
1589 2460 1677 2509 sed

35 2573 37 2575 .
256 2564 270 2577 .
341 2530 517 2590 Quibus
549 2529 764 2578 insidiis?
803 2532 982 2578 erroris
1013 2532 1103 2578 sui.
1186 2531 1288 2590 Quo
1322 2531 1451 2578 telo?
1497 2531 1677 2580 offensa

147 2600 334 2660 Quot
362 2601 544 2666 plagis?
587 2609 818 2666 quotquot
848 2601 1151 2649 idololatriis.
1225 2601 1313 2660 Qui
1345 2611 1490 2666 negat
1522 2601 1677 2651 idolo-

204 2672 449 2736 perisse,
496 2673 536 2719 is
574 2671 769 2736 negabit
807 2671 1092 2719 idololatren
1136 2670 1442 2720 homicidium
1481 2674 1674 2722 fecisse.

102 2802 107 2803 ⁷
193 2738 253 2790 de
282 2741 562 2791 adulterium
595 2752 644 2791 et
674 2751 880 2807 stuprum
913 2743 958 2789 in
993 2741 1161 2790 eodem
1186 2758 1533 2807 recognoscas3
1571 2761 1675 2792 nam

4 2834 9 2846 ·
35 2729 287 2877 [khlsis
317 2811 420 2861 dcis
450 2815 617 2872 servit,
660 2814 763 2861 sine
797 2812 938 2860 dubio
971 2812 1158 2860 adulter
1188 2822 1260 2861 est
1291 2815 1525 2873 veritatis,
1567 2816 1676 2879 quia

87 2875 135 2955 *a
171 2915 176 2922 -
230 2882 397 2930 falsum
442 2882 722 2932 adulterium
763 2893 850 2931 est.
928 2881 1008 2930 Sic
1057 2892 1105 2930 et
1143 2884 1187 2930 in
1228 2893 1389 2948 stupro
1430 2887 1676 2950 mergitur.

5 2982 14 2994 ι
68 2953 356 3017 [¹22cn1m,
410 2953 654 3002 immundis
699 2954 942 3018 spiritibus
990 2963 1234 3017 operatus,
1304 2972 1394 3002 non
1445 2972 1677 3020 conspur-

8 3027 15 3039 '
68 3032 86 3084 s
118 3017 180 3093 ,ζ
234 3031 284 3071 et
336 3031 663 3087 constupratus
716 3023 925 3073 incedit?
1010 3022 1167 3087 Atque
1228 3024 1349 3073 adeo
1411 3027 1674 3090 scripturae

78 3188 86 3226 ζ
233 3177 336 3216 Edd.
353 3181 536 3228 excepta
554 3181 642 3217 lun.
658 3181 722 3218 ed.
738 3192 884 3219 omnes
917 3192 940 3227 q
954 3192 979 3217 u
992 3191 1016 3217 ο
1028 3192 1051 3227 q
1065 3192 1089 3217 u
1101 3191 1136 3217 e.
