1942 3554
494 118 583 156 AD
617 116 993 156 NATIONES
1031 117 1160 155 LIB.
1193 118 1224 155 1.
1573 120 1684 170 155

0 249 2 262 ἱ
36 259 224 312 *ueritas
257 258 316 308 de
347 275 434 307 suo
467 261 706 323 suggerit,
740 259 962 323 quotiens
989 260 1314 322 comprimitur
1338 268 1388 307 et
1411 270 1687 310 coarctatur

46 331 342 383 conscientia
365 339 542 388 vestra,
574 330 748 377 tacitae
773 329 1072 392 ignorantiae
1100 346 1215 378 suae
1239 331 1392 390 testis,
1428 333 1687 397 confugitis

45 410 325 451 aestuantes
353 399 413 448 ad
443 400 620 449 arulam
645 398 899 464 quandam,
933 399 982 447 id
1014 411 1110 459 est,
1145 401 1300 466 legum
1334 404 1685 463 auctoritatem,

47 471 176 538 quod
222 473 382 536 utique
421 487 515 518 non
552 471 823 534 plecterent
863 479 1040 519 sectam
1073 473 1234 531 istam,
1276 474 1366 520 nisi
1407 472 1465 521 de
1506 476 1686 523 meritis

45 541 175 608 apud
213 541 488 591 conditores
526 541 683 605 legum
725 542 1035 589 constitisset.
1123 542 1243 601 Quid
1284 560 1403 608 ergo
1443 545 1688 608 prohibuit

47 611 174 678 apud
203 621 517 661 exsecutores
553 627 740 676 quoque
774 612 930 675 legum
963 613 1166 676 proinde
1199 623 1444 673 constare,
1488 632 1591 663 cum
1626 616 1686 666 de

47 684 226 732 veteris
259 682 552 741 criminibus,
587 698 706 747 quae
732 683 950 730 similiter
980 683 1169 747 legibus
1201 693 1428 732 arcentur
1458 702 1514 733 ac
1546 689 1685 750 puni-

44 761 208 812 untur,
239 755 328 800 nisi
353 754 481 817 prius
507 754 798 818 requiratur,
830 768 986 817 poena
1019 757 1206 802 cessat?
1229 755 1362 803 verbi
1388 758 1563 819 gratia,
1598 758 1686 805 ho-

24 822 279 882 ..ieidam,
302 823 566 872 adulterum
593 824 717 888 lege,
745 823 997 873 discutitur
1013 834 1168 874 tamen
1188 825 1247 874 de
1273 825 1442 874 ordine
1467 826 1684 889 admissi3

46 904 98 945 et
109 903 277 942 tamen
301 897 544 959 cognitum
564 904 637 943 est
662 896 874 944 omnibus
893 911 1042 960 genus
1070 897 1206 944 facti.
1261 898 1574 946 Christianum
1598 917 1685 964 pu-

24 967 176 1015 ÷niunt
201 966 350 1030 leges.
394 965 446 1014 Si
470 965 596 1031 quod
623 976 697 1014 est
721 967 895 1015 factum
923 967 1207 1027 Christiani,
1238 971 1340 1017 erui
1367 969 1527 1030 debet3
1559 972 1686 1020 nulla

25 1036 124 1086 ‘lex
153 1035 377 1100 prohibet
406 1038 664 1101 inquirere.
725 1037 900 1103 Atquin
935 1055 1022 1102 pro
1054 1039 1241 1102 legibus
1272 1041 1386 1088 facit
1418 1043 1680 1104 inquisitio.

24 1106 293 1168 *Quomodo
326 1109 449 1156 enim
482 1108 639 1172 legem
679 1109 953 1158 observabis
988 1110 1200 1158 cavendo
1228 1111 1354 1175 quod
1385 1113 1495 1175 lege
1522 1114 1685 1177 prohi-

24 1178 205 1236 matur,
237 1178 455 1243 adempta
482 1177 728 1243 diligentia
761 1179 962 1228 cavendi
999 1196 1086 1244 per
1118 1180 1355 1230 defectum
1388 1183 1682 1246 agnoscendi

46 1247 158 1313 quid
189 1248 434 1299 observes„
494 1249 636 1297 Nulla
676 1251 764 1298 sibi
798 1251 877 1299 lex
916 1251 1058 1300 debet
1098 1254 1438 1300 conscientiam
1471 1256 1683 1303 iustitiae

26 1333 183 1377 suae,
213 1319 298 1368 sed
320 1322 400 1368 eis
418 1337 446 1368 a
470 1320 635 1386 quibus
662 1330 819 1386 captat
850 1322 1145 1386 obsequium.
1212 1323 1435 1372 Ceterum
1461 1335 1682 1390 suspecta

23 1389 124 1438 filex
148 1399 244 1449 est,
273 1392 311 1438 si
327 1391 521 1455 probari
554 1407 606 1439 se
639 1409 730 1439 non
764 1392 879 1440 vult.
943 1393 1117 1440 Merito
1143 1395 1290 1457 igitur
1320 1395 1495 1443 tamdiu
1528 1398 1682 1445 iustae

22 1461 90 1515 ata
110 1460 406 1509 Christianos
425 1471 472 1509 et
496 1462 790 1510 reverendae
810 1472 859 1510 et
885 1463 1209 1512 observandae
1230 1475 1500 1525 censentur,
1521 1484 1683 1532 quam-

23 1529 124 1581 adiu
141 1533 389 1597 ignoratur
404 1532 530 1598 quod
545 1542 910 1598 persequuntnr;
933 1536 1119 1593 merito,
1146 1545 1255 1599 post
1272 1538 1565 1600 agnitionem
1591 1539 1680 1586 ini—

22 1603 295 1668 :gqfissimae
325 1612 564 1668 repertae,
600 1621 704 1652 cum
723 1606 821 1652 suis
838 1606 1102 1654 machaeris
1129 1616 1177 1655 et
1199 1608 1423 1670 patibulis
1449 1618 1496 1656 et
1524 1610 1680 1657 leoni-

21 1673 134 1726 *lm
161 1672 474 1738 despuuntur3
507 1676 630 1740 legis
662 1677 864 1724 iniustae
899 1677 1052 1724 honor
1083 1678 1234 1726 nullus
1268 1687 1355 1726 est.
1418 1679 1479 1727 Ut
1511 1681 1683 1744 opinor

20 1751 226 1804 «tautam,
258 1744 497 1800 dubitatur
528 1745 586 1794 de
619 1747 866 1811 iniquitate
893 1748 1047 1811 legum
1081 1747 1391 1811 quarundam,
1426 1766 1529 1798 cum
1563 1768 1675 1815 quo·

43 1813 160 1863 tidie
207 1817 342 1864 novis
387 1817 616 1864 consultis
676 1819 1040 1882 constitutisque
1098 1819 1292 1866 duritias
1346 1822 1678 1886 nequitiasque

31 1901 204 1935 ’earum
235 1889 526 1951 temperetis.

189 1961 237 2008 7.
291 1955 427 2005 Unde
458 1959 847 2023 ergoninquitis,
881 1969 1056 2007 tantum
1089 1961 1149 2008 de
1181 1961 1316 2008 vobis
1342 1962 1495 2010 famae
1529 1964 1678 2023 licuit,

32 2029 182 2076 cuiun
225 2029 543 2076 testimonium
590 2029 836 2078 suffecerit
872 2031 1069 2079 forsitan
1117 2032 1445 2080 conditoribus
1492 2034 1682 2098 legum?

26 2098 165 2159 Quia
192 2114 302 2158 oro,
351 2116 554 2164 sponsor
591 2109 670 2148 aut
708 2101 800 2148 illis
832 2110 943 2149 tunc
975 2111 1055 2150 aut
1086 2102 1259 2151 exinde
1291 2104 1427 2151 vobis
1462 2103 1519 2153 de
1552 2105 1679 2155 fide?

34 2168 185 2220 ‘Fama
214 2179 303 2220 est.
370 2170 542 2219 Nonne
573 2171 695 2219 baec
730 2181 827 2219 est:
885 2173 1008 2221 fama
1046 2175 1236 2234 malum,
1284 2191 1375 2238 quo
1417 2192 1511 2223 non
1550 2177 1681 2226 aliud

46 2241 260 2291 vdocius
302 2241 474 2290 ullum?
513 2244 557 2302 1)
601 2241 697 2290 Cur
733 2243 923 2303 malum,
973 2245 1013 2291 si
1058 2261 1172 2292 vcra
1218 2262 1406 2311 semper
1452 2248 1534 2306 sit,
1583 2266 1678 2295 non

31 2311 292 2365 *nn-dacio
315 2313 363 2371 2)
396 2314 675 2377 plurimum?
716 2331 834 2379 quae
867 2332 926 2364 ne
959 2324 1055 2363 tum
1088 2316 1275 2380 quidem
1309 2333 1411 2365 cum
1446 2335 1559 2366 vera
1593 2318 1679 2366 de-

35 2381 172 2443 ·foet,
194 2401 222 2432 a
251 2381 446 2432 libidine
478 2384 713 2433 mendacii
748 2395 925 2446 cessat,
974 2396 1024 2434 ut
1055 2404 1147 2434 non
1182 2388 1300 2436 falsa
1332 2390 1460 2436 veris
1492 2389 1678 2437 intexat

31 2451 300 2513 adficiens,
333 2453 612 2515 detrahens,
644 2458 877 2505 varietate
913 2457 1220 2506 confundens.
1287 2458 1424 2518 Quid,
1461 2460 1582 2524 quod
1618 2477 1679 2509 ea

47 2522 255 2579 cenditio
286 2525 378 2584 illi,
427 2534 478 2574 ut
516 2528 701 2575 nonnisi
742 2543 845 2575 cum
885 2530 1110 2577 mentitur
1147 2539 1445 2593 perseveret3
1498 2531 1675 2579 tamdiu

34 2595 172 2646 eni-
197 2598 336 2655 vivit,
370 2597 587 2661 quamdiu
618 2615 711 2646 non
742 2598 912 2663 probat
943 2601 1207 2664 quicquam3
1245 2599 1473 2665 siquidem
1499 2619 1674 2668 appro-

46 2664 153 2722 ltus
182 2666 332 2726 eadit,
367 2676 417 2715 et
445 2670 575 2733 quasi
609 2670 770 2717 officio
795 2671 1038 2719 nuntiandi
1063 2672 1224 2718 functa
1252 2670 1466 2732 decedit3
1500 2674 1672 2722 exinde

40 2731 124 2784 fes
153 2746 365 2796 tenetur,
397 2754 476 2786 res
508 2742 797 2800 nominatum
831 2757 919 2789 nec
954 2744 1192 2807 quisquam
1227 2742 1364 2802 dicit,
1397 2745 1529 2792 verbi
1564 2763 1674 2810 gra-

38 2807 137 2855 tia:
182 2808 275 2855 hoc
312 2808 488 2857 Romae
527 2813 658 2858 aiunt
696 2813 896 2870 factum3
940 2822 1040 2860 aut:
1096 2814 1217 2861 fama
1259 2823 1352 2873 est,
1393 2816 1519 2864 illum
1559 2835 1674 2881 pro-

151 3031 344 3084 ··1)vtrg.
381 3038 482 3074 Aen.
520 3038 594 3085 lv,
634 3040 727 3076 174.
803 3042 847 3087 2)
880 3041 968 3089 Rig.
996 3043 1256 3082 assentiente
1291 3045 1470 3082 flavere.
1508 3045 1673 3082 emend.

42 3090 355 3154 -mtegducion

77 3264 107 3278 ›-

86 3306 145 3357 fg:
158 3334 172 3345 a
