<?xml version="1.0" encoding="UTF-8"?>
<!DOCTYPE html PUBLIC "-//W3C//DTD XHTML 1.0 Transitional//EN"
    "http://www.w3.org/TR/xhtml1/DTD/xhtml1-transitional.dtd">
<html xmlns="http://www.w3.org/1999/xhtml" xml:lang="en" lang="en">
 <head>
  <title>
</title>
<meta http-equiv="Content-Type" content="text/html;charset=utf-8" />
  <meta name='ocr-system' content='tesseract 3.04.00' />
  <meta name='ocr-capabilities' content='ocr_page ocr_carea ocr_par ocr_line ocrx_word'/>
</head>
<body>
  <div class='ocr_page' id='page_1' title='image "./operatert12tertuoft_0261.png"; bbox 0 0 1942 3554; ppageno 0'>
   <div class='ocr_carea' id='block_1_1' title="bbox 84 0 139 47">
    <p class='ocr_par' dir='ltr' id='par_1_1' title="bbox 84 0 139 47">
     <span class='ocr_line' id='line_1_1' title="bbox 84 0 139 47; baseline 0.018 -1"><span class='ocrx_word' id='word_1_1' title='bbox 84 0 139 47; x_wconf 38' lang='lat'><strong>{¹5</strong></span> 
     </span>
    </p>
   </div>
   <div class='ocr_carea' id='block_1_2' title="bbox 569 189 1682 246">
    <p class='ocr_par' dir='ltr' id='par_1_2' title="bbox 569 189 1682 246">
     <span class='ocr_line' id='line_1_2' title="bbox 569 189 1682 246; baseline 0 -18"><span class='ocrx_word' id='word_1_2' title='bbox 569 189 658 228; x_wconf 81' lang='lat' dir='ltr'><strong>AD</strong></span> <span class='ocrx_word' id='word_1_3' title='bbox 702 189 1102 246; x_wconf 39' lang='lat' dir='ltr'><strong>SCAP-ULAM.</strong></span> <span class='ocrx_word' id='word_1_4' title='bbox 1561 192 1682 242; x_wconf 72' lang='lat'><strong>249</strong></span> 
     </span>
    </p>
   </div>
   <div class='ocr_carea' id='block_1_3' title="bbox 0 330 1678 2495">
    <p class='ocr_par' dir='ltr' id='par_1_3' title="bbox 0 330 1678 2495">
     <span class='ocr_line' id='line_1_3' title="bbox 44 330 1678 397; baseline 0 -17"><span class='ocrx_word' id='word_1_5' title='bbox 44 339 211 381; x_wconf 57' lang='lat' dir='ltr'><strong>v{mem</strong></span> <span class='ocrx_word' id='word_1_6' title='bbox 243 343 335 379; x_wconf 89' lang='lat' dir='ltr'><strong>non</strong></span> <span class='ocrx_word' id='word_1_7' title='bbox 367 338 541 377; x_wconf 87' lang='lat' dir='ltr'><strong>tantum</strong></span> <span class='ocrx_word' id='word_1_8' title='bbox 572 331 855 393; x_wconf 79' lang='lat' dir='ltr'>respuimus,</span> <span class='ocrx_word' id='word_1_9' title='bbox 894 345 1058 378; x_wconf 88' lang='lat' dir='ltr'><strong>verum</strong></span> <span class='ocrx_word' id='word_1_10' title='bbox 1089 338 1140 377; x_wconf 90' lang='lat' dir='ltr'><strong>et</strong></span> <span class='ocrx_word' id='word_1_11' title='bbox 1170 330 1450 378; x_wconf 83' lang='lat' dir='ltr'><strong>revincimus</strong></span> <span class='ocrx_word' id='word_1_12' title='bbox 1482 339 1531 379; x_wconf 89' lang='lat' dir='ltr'><strong>et</strong></span> <span class='ocrx_word' id='word_1_13' title='bbox 1562 334 1678 397; x_wconf 47' lang='lat' dir='ltr'><strong>quoss</strong></span> 
     </span>
     <span class='ocr_line' id='line_1_4' title="bbox 34 399 1676 465; baseline 0.001 -16"><span class='ocrx_word' id='word_1_14' title='bbox 34 400 171 450; x_wconf 65' lang='lat' dir='ltr'><strong>&#39;tidie</strong></span> <span class='ocrx_word' id='word_1_15' title='bbox 201 399 485 448; x_wconf 74' lang='lat' dir='ltr'><strong>traducimus</strong></span> <span class='ocrx_word' id='word_1_16' title='bbox 517 409 564 447; x_wconf 88' lang='lat' dir='ltr'><strong>et</strong></span> <span class='ocrx_word' id='word_1_17' title='bbox 595 399 654 448; x_wconf 88' lang='lat' dir='ltr'><strong>de</strong></span> <span class='ocrx_word' id='word_1_18' title='bbox 686 399 950 447; x_wconf 89' lang='lat' dir='ltr'><strong>hominibus</strong></span> <span class='ocrx_word' id='word_1_19' title='bbox 981 401 1274 464; x_wconf 80' lang='lat' dir='ltr'><strong>expellimus,</strong></span> <span class='ocrx_word' id='word_1_20' title='bbox 1314 402 1438 448; x_wconf 83' lang='lat' dir='ltr'><strong>sicut</strong></span> <span class='ocrx_word' id='word_1_21' title='bbox 1467 401 1676 465; x_wconf 81' lang='lat' dir='ltr'><strong>plurimis</strong></span> 
     </span>
     <span class='ocr_line' id='line_1_5' title="bbox 54 471 1674 535; baseline 0 -16"><span class='ocrx_word' id='word_1_22' title='bbox 54 479 213 520; x_wconf 81' lang='lat' dir='ltr'><strong>notum</strong></span> <span class='ocrx_word' id='word_1_23' title='bbox 252 479 340 518; x_wconf 88' lang='lat' dir='ltr'><strong>est.</strong></span> <span class='ocrx_word' id='word_1_24' title='bbox 402 471 470 518; x_wconf 88' lang='lat' dir='ltr'><strong>lta</strong></span> <span class='ocrx_word' id='word_1_25' title='bbox 508 487 592 518; x_wconf 91' lang='lat' dir='ltr'><strong>nos</strong></span> <span class='ocrx_word' id='word_1_26' title='bbox 631 471 779 534; x_wconf 88' lang='lat' dir='ltr'><strong>magis</strong></span> <span class='ocrx_word' id='word_1_27' title='bbox 819 487 1003 518; x_wconf 91' lang='lat' dir='ltr'><strong>oramus</strong></span> <span class='ocrx_word' id='word_1_28' title='bbox 1041 487 1127 533; x_wconf 90' lang='lat' dir='ltr'><strong>pro</strong></span> <span class='ocrx_word' id='word_1_29' title='bbox 1167 472 1317 519; x_wconf 88' lang='lat' dir='ltr'><strong>salute</strong></span> <span class='ocrx_word' id='word_1_30' title='bbox 1356 472 1674 535; x_wconf 88' lang='lat' dir='ltr'><strong>imperatoris,</strong></span> 
     </span>
     <span class='ocr_line' id='line_1_6' title="bbox 38 540 1677 606; baseline 0.002 -18"><span class='ocrx_word' id='word_1_31' title='bbox 38 540 111 589; x_wconf 79' lang='lat' dir='ltr'><strong>ab</strong></span> <span class='ocrx_word' id='word_1_32' title='bbox 142 555 202 588; x_wconf 85' lang='lat' dir='ltr'><strong>eo</strong></span> <span class='ocrx_word' id='word_1_33' title='bbox 235 556 336 588; x_wconf 90' lang='lat' dir='ltr'><strong>eam</strong></span> <span class='ocrx_word' id='word_1_34' title='bbox 366 541 673 604; x_wconf 81' lang='lat' dir='ltr'><strong>postulantes,</strong></span> <span class='ocrx_word' id='word_1_35' title='bbox 707 542 782 604; x_wconf 91' lang='lat' dir='ltr'><strong>qui</strong></span> <span class='ocrx_word' id='word_1_36' title='bbox 815 550 1058 604; x_wconf 88' lang='lat' dir='ltr'><strong>praestare</strong></span> <span class='ocrx_word' id='word_1_37' title='bbox 1088 549 1261 604; x_wconf 88' lang='lat' dir='ltr'><strong>potest.</strong></span> <span class='ocrx_word' id='word_1_38' title='bbox 1323 541 1384 588; x_wconf 90' lang='lat' dir='ltr'><strong>Et</strong></span> <span class='ocrx_word' id='word_1_39' title='bbox 1414 544 1574 606; x_wconf 89' lang='lat' dir='ltr'><strong>utique</strong></span> <span class='ocrx_word' id='word_1_40' title='bbox 1615 560 1677 591; x_wconf 83' lang='lat' dir='ltr'><strong>ex</strong></span> 
     </span>
     <span class='ocr_line' id='line_1_7' title="bbox 30 609 1675 676; baseline 0.002 -18"><span class='ocrx_word' id='word_1_41' title='bbox 30 609 299 676; x_wconf 61' lang='lat' dir='ltr'><strong>disciplina</strong></span> <span class='ocrx_word' id='word_1_42' title='bbox 343 611 599 674; x_wconf 90' lang='lat' dir='ltr'><strong>patientiae</strong></span> <span class='ocrx_word' id='word_1_43' title='bbox 648 610 833 658; x_wconf 90' lang='lat' dir='ltr'><strong>divinae</strong></span> <span class='ocrx_word' id='word_1_44' title='bbox 879 627 1024 674; x_wconf 86' lang='lat' dir='ltr'><strong>agere</strong></span> <span class='ocrx_word' id='word_1_45' title='bbox 1074 628 1180 669; x_wconf 92' lang='lat' dir='ltr'><strong>nos,</strong></span> <span class='ocrx_word' id='word_1_46' title='bbox 1227 612 1341 659; x_wconf 87' lang='lat' dir='ltr'><strong>satis</strong></span> <span class='ocrx_word' id='word_1_47' title='bbox 1380 613 1675 661; x_wconf 87' lang='lat' dir='ltr'><strong>manifestum</strong></span> 
     </span>
     <span class='ocr_line' id='line_1_8' title="bbox 29 680 1673 747; baseline 0.001 -18"><span class='ocrx_word' id='word_1_48' title='bbox 29 695 159 730; x_wconf 59' lang='lat' dir='ltr'><strong>iesse</strong></span> <span class='ocrx_word' id='word_1_49' title='bbox 189 680 323 728; x_wconf 88' lang='lat' dir='ltr'><strong>vobis</strong></span> <span class='ocrx_word' id='word_1_50' title='bbox 353 689 537 744; x_wconf 82' lang='lat' dir='ltr'><strong>potest3</strong></span> <span class='ocrx_word' id='word_1_51' title='bbox 575 697 677 728; x_wconf 90' lang='lat' dir='ltr'><strong>cum</strong></span> <span class='ocrx_word' id='word_1_52' title='bbox 711 689 838 728; x_wconf 84' lang='lat' dir='ltr'><strong>tanta</strong></span> <span class='ocrx_word' id='word_1_53' title='bbox 869 680 1104 727; x_wconf 89' lang='lat' dir='ltr'><strong>hominum</strong></span> <span class='ocrx_word' id='word_1_54' title='bbox 1122 680 1384 738; x_wconf 83' lang='lat' dir='ltr'><strong>multitudo,</strong></span> <span class='ocrx_word' id='word_1_55' title='bbox 1417 699 1528 745; x_wconf 89' lang='lat' dir='ltr'><strong>pars</strong></span> <span class='ocrx_word' id='word_1_56' title='bbox 1560 700 1673 747; x_wconf 89' lang='lat' dir='ltr'><strong>pae-</strong></span> 
     </span>
     <span class='ocr_line' id='line_1_9' title="bbox 28 750 1670 816; baseline 0 -16"><span class='ocrx_word' id='word_1_57' title='bbox 28 758 111 809; x_wconf 69' lang='lat' dir='ltr'><strong>·t=o</strong></span> <span class='ocrx_word' id='word_1_58' title='bbox 139 751 293 798; x_wconf 87' lang='lat' dir='ltr'><strong>maior</strong></span> <span class='ocrx_word' id='word_1_59' title='bbox 323 751 526 798; x_wconf 87' lang='lat' dir='ltr'><strong>civitatis</strong></span> <span class='ocrx_word' id='word_1_60' title='bbox 558 751 799 814; x_wconf 90' lang='lat' dir='ltr'><strong>cuiusque,</strong></span> <span class='ocrx_word' id='word_1_61' title='bbox 832 751 877 797; x_wconf 93' lang='lat' dir='ltr'><strong>in</strong></span> <span class='ocrx_word' id='word_1_62' title='bbox 911 751 1101 798; x_wconf 90' lang='lat' dir='ltr'><strong>silentio</strong></span> <span class='ocrx_word' id='word_1_63' title='bbox 1134 759 1183 798; x_wconf 88' lang='lat' dir='ltr'><strong>et</strong></span> <span class='ocrx_word' id='word_1_64' title='bbox 1212 750 1443 798; x_wconf 90' lang='lat' dir='ltr'><strong>modestia</strong></span> <span class='ocrx_word' id='word_1_65' title='bbox 1474 755 1670 816; x_wconf 81' lang='lat' dir='ltr'><strong>agimus,</strong></span> 
     </span>
     <span class='ocr_line' id='line_1_10' title="bbox 25 813 1673 886; baseline 0.001 -18"><span class='ocrx_word' id='word_1_66' title='bbox 25 813 220 886; x_wconf 58' lang='lat' dir='ltr'><strong>asinguli</strong></span> <span class='ocrx_word' id='word_1_67' title='bbox 251 821 377 868; x_wconf 80' lang='lat' dir='ltr'><strong>forte</strong></span> <span class='ocrx_word' id='word_1_68' title='bbox 409 821 507 867; x_wconf 92' lang='lat' dir='ltr'><strong>noti</strong></span> <span class='ocrx_word' id='word_1_69' title='bbox 538 823 701 884; x_wconf 91' lang='lat' dir='ltr'><strong>magis,</strong></span> <span class='ocrx_word' id='word_1_70' title='bbox 745 837 877 884; x_wconf 90' lang='lat' dir='ltr'><strong>quam</strong></span> <span class='ocrx_word' id='word_1_71' title='bbox 911 837 1087 878; x_wconf 85' lang='lat' dir='ltr'><strong>omnes,</strong></span> <span class='ocrx_word' id='word_1_72' title='bbox 1121 837 1210 868; x_wconf 93' lang='lat' dir='ltr'><strong>nec</strong></span> <span class='ocrx_word' id='word_1_73' title='bbox 1242 821 1431 869; x_wconf 83' lang='lat' dir='ltr'><strong>aliunde</strong></span> <span class='ocrx_word' id='word_1_74' title='bbox 1464 824 1673 869; x_wconf 90' lang='lat' dir='ltr'><strong>noscibi-</strong></span> 
     </span>
     <span class='ocr_line' id='line_1_11' title="bbox 24 890 1673 956; baseline -0.001 -15"><span class='ocrx_word' id='word_1_75' title='bbox 24 890 139 955; x_wconf 51' lang='lat'><strong>³¹5⁶,</strong></span> <span class='ocrx_word' id='word_1_76' title='bbox 199 906 334 956; x_wconf 86' lang='lat' dir='ltr'><strong>quam</strong></span> <span class='ocrx_word' id='word_1_77' title='bbox 388 890 446 938; x_wconf 88' lang='lat' dir='ltr'><strong>de</strong></span> <span class='ocrx_word' id='word_1_78' title='bbox 494 890 820 938; x_wconf 82' lang='lat' dir='ltr'><strong>emendatione</strong></span> <span class='ocrx_word' id='word_1_79' title='bbox 873 891 1092 938; x_wconf 92' lang='lat' dir='ltr'><strong>vitiorum</strong></span> <span class='ocrx_word' id='word_1_80' title='bbox 1136 891 1456 955; x_wconf 87' lang='lat' dir='ltr'><strong>pristinorum.</strong></span> <span class='ocrx_word' id='word_1_81' title='bbox 1531 892 1673 940; x_wconf 90' lang='lat' dir='ltr'><strong>Absit</strong></span> 
     </span>
     <span class='ocr_line' id='line_1_12' title="bbox 23 955 1672 1026; baseline 0.001 -17"><span class='ocrx_word' id='word_1_82' title='bbox 23 955 194 1020; x_wconf 44' lang='lat' dir='ltr'><strong>essfnim,</strong></span> <span class='ocrx_word' id='word_1_83' title='bbox 238 969 290 1008; x_wconf 81' lang='lat' dir='ltr'><strong>u&#39;t</strong></span> <span class='ocrx_word' id='word_1_84' title='bbox 319 959 512 1024; x_wconf 87' lang='lat' dir='ltr'><strong>indigne</strong></span> <span class='ocrx_word' id='word_1_85' title='bbox 543 961 748 1008; x_wconf 86' lang='lat' dir='ltr'><strong>feramus</strong></span> <span class='ocrx_word' id='word_1_86' title='bbox 781 977 837 1008; x_wconf 87' lang='lat' dir='ltr'><strong>ea</strong></span> <span class='ocrx_word' id='word_1_87' title='bbox 867 977 953 1008; x_wconf 93' lang='lat' dir='ltr'><strong>nos</strong></span> <span class='ocrx_word' id='word_1_88' title='bbox 982 962 1103 1025; x_wconf 85' lang='lat' dir='ltr'><strong>pati,</strong></span> <span class='ocrx_word' id='word_1_89' title='bbox 1151 978 1269 1026; x_wconf 89' lang='lat' dir='ltr'><strong>quae</strong></span> <span class='ocrx_word' id='word_1_90' title='bbox 1310 970 1543 1025; x_wconf 90' lang='lat' dir='ltr'><strong>optamus,</strong></span> <span class='ocrx_word' id='word_1_91' title='bbox 1592 971 1672 1010; x_wconf 90' lang='lat' dir='ltr'><strong>aut</strong></span> 
     </span>
     <span class='ocr_line' id='line_1_13' title="bbox 0 1030 1669 1097; baseline 0 -16"><span class='ocrx_word' id='word_1_92' title='bbox 0 1030 270 1082; x_wconf 47' lang='lat' dir='ltr'><strong>cultionem</strong></span> <span class='ocrx_word' id='word_1_93' title='bbox 300 1046 328 1078; x_wconf 88' lang='lat' dir='ltr'><strong>a</strong></span> <span class='ocrx_word' id='word_1_94' title='bbox 358 1030 492 1078; x_wconf 91' lang='lat' dir='ltr'><strong>nobis</strong></span> <span class='ocrx_word' id='word_1_95' title='bbox 524 1031 723 1094; x_wconf 84' lang='lat' dir='ltr'><strong>aliquam</strong></span> <span class='ocrx_word' id='word_1_96' title='bbox 755 1031 1099 1090; x_wconf 80' lang='lat' dir='ltr'><strong>machinemur,</strong></span> <span class='ocrx_word' id='word_1_97' title='bbox 1150 1048 1284 1096; x_wconf 88' lang='lat' dir='ltr'><strong>quam</strong></span> <span class='ocrx_word' id='word_1_98' title='bbox 1316 1049 1342 1079; x_wconf 92' lang='lat' dir='ltr'><strong>a</strong></span> <span class='ocrx_word' id='word_1_99' title='bbox 1375 1030 1465 1080; x_wconf 91' lang='lat' dir='ltr'><strong>deo</strong></span> <span class='ocrx_word' id='word_1_100' title='bbox 1498 1048 1669 1097; x_wconf 90' lang='lat' dir='ltr'><strong>exspe-</strong></span> 
     </span>
     <span class='ocr_line' id='line_1_14' title="bbox 24 1108 239 1149; baseline -0.009 0"><span class='ocrx_word' id='word_1_101' title='bbox 24 1108 239 1149; x_wconf 59' lang='lat' dir='ltr'><strong>»ctamusu</strong></span> 
     </span>
     <span class='ocr_line' id='line_1_15' title="bbox 163 1169 1666 1236; baseline 0 -16"><span class='ocrx_word' id='word_1_102' title='bbox 163 1175 212 1222; x_wconf 88' lang='grc'><strong>3.</strong></span> <span class='ocrx_word' id='word_1_103' title='bbox 257 1171 432 1219; x_wconf 85' lang='lat' dir='ltr'><strong>Tamen</strong></span> <span class='ocrx_word' id='word_1_104' title='bbox 467 1172 610 1232; x_wconf 89' lang='lat' dir='ltr'><strong>[sicut</strong></span> <span class='ocrx_word' id='word_1_105' title='bbox 641 1187 780 1235; x_wconf 91' lang='lat' dir='ltr'><strong>supra</strong></span> <span class='ocrx_word' id='word_1_106' title='bbox 819 1169 1036 1236; x_wconf 86' lang='lat' dir='ltr'><strong>diximus]</strong></span> <span class='ocrx_word' id='word_1_107' title='bbox 1067 1170 1307 1220; x_wconf 89' lang='lat' dir='ltr'><strong>doleamus</strong></span> <span class='ocrx_word' id='word_1_108' title='bbox 1346 1189 1546 1222; x_wconf 88' lang='lat' dir='ltr'><strong>necesse</strong></span> <span class='ocrx_word' id='word_1_109' title='bbox 1579 1182 1666 1231; x_wconf 89' lang='lat' dir='ltr'><strong>est,</strong></span> 
     </span>
     <span class='ocr_line' id='line_1_16' title="bbox 45 1240 1667 1306; baseline 0.001 -18"><span class='ocrx_word' id='word_1_110' title='bbox 45 1240 171 1306; x_wconf 84' lang='lat' dir='ltr'><strong>quod</strong></span> <span class='ocrx_word' id='word_1_111' title='bbox 200 1241 327 1288; x_wconf 85' lang='lat' dir='ltr'><strong>nulla</strong></span> <span class='ocrx_word' id='word_1_112' title='bbox 358 1242 523 1288; x_wconf 90' lang='lat' dir='ltr'><strong>civitas</strong></span> <span class='ocrx_word' id='word_1_113' title='bbox 553 1242 739 1304; x_wconf 89' lang='lat' dir='ltr'><strong>impune</strong></span> <span class='ocrx_word' id='word_1_114' title='bbox 772 1242 922 1288; x_wconf 89' lang='lat' dir='ltr'><strong>latura</strong></span> <span class='ocrx_word' id='word_1_115' title='bbox 954 1242 1015 1288; x_wconf 85' lang='lat' dir='ltr'><strong>sit</strong></span> <span class='ocrx_word' id='word_1_116' title='bbox 1046 1242 1285 1305; x_wconf 86' lang='lat' dir='ltr'><strong>sanguinis</strong></span> <span class='ocrx_word' id='word_1_117' title='bbox 1326 1245 1474 1290; x_wconf 84' lang='lat' dir='ltr'><strong>nostri</strong></span> <span class='ocrx_word' id='word_1_118' title='bbox 1506 1243 1667 1290; x_wconf 83' lang='lat' dir='ltr'><strong>effusi-</strong></span> 
     </span>
     <span class='ocr_line' id='line_1_17' title="bbox 43 1310 1667 1377; baseline 0.002 -19"><span class='ocrx_word' id='word_1_119' title='bbox 43 1326 209 1370; x_wconf 82' lang='lat' dir='ltr'><strong>onem3</strong></span> <span class='ocrx_word' id='word_1_120' title='bbox 244 1312 367 1358; x_wconf 88' lang='lat' dir='ltr'><strong>sicut</strong></span> <span class='ocrx_word' id='word_1_121' title='bbox 396 1319 445 1358; x_wconf 91' lang='lat' dir='ltr'><strong>et</strong></span> <span class='ocrx_word' id='word_1_122' title='bbox 474 1311 557 1358; x_wconf 91' lang='lat' dir='ltr'><strong>sub</strong></span> <span class='ocrx_word' id='word_1_123' title='bbox 585 1311 825 1358; x_wconf 86' lang='lat' dir='ltr'><strong>Hilariano</strong></span> <span class='ocrx_word' id='word_1_124' title='bbox 858 1310 1092 1373; x_wconf 80' lang='lat' dir='ltr'><strong>praeside,</strong></span> <span class='ocrx_word' id='word_1_125' title='bbox 1127 1327 1230 1359; x_wconf 92' lang='lat' dir='ltr'><strong>cum</strong></span> <span class='ocrx_word' id='word_1_126' title='bbox 1263 1311 1320 1360; x_wconf 92' lang='lat' dir='ltr'><strong>de</strong></span> <span class='ocrx_word' id='word_1_127' title='bbox 1353 1314 1478 1361; x_wconf 90' lang='lat' dir='ltr'><strong>areis</strong></span> <span class='ocrx_word' id='word_1_128' title='bbox 1509 1314 1667 1377; x_wconf 91' lang='lat' dir='ltr'><strong>sepul-</strong></span> 
     </span>
     <span class='ocr_line' id='line_1_18' title="bbox 41 1382 1667 1448; baseline 0.002 -20"><span class='ocrx_word' id='word_1_129' title='bbox 41 1388 252 1441; x_wconf 82' lang='lat' dir='ltr'><strong>turarum</strong></span> <span class='ocrx_word' id='word_1_130' title='bbox 283 1389 545 1428; x_wconf 89' lang='lat' dir='ltr'><strong>nostrarum</strong></span> <span class='ocrx_word' id='word_1_131' title='bbox 577 1382 939 1428; x_wconf 85' lang='lat' dir='ltr'><strong>acclamassent:</strong></span> <span class='ocrx_word' id='word_1_132' title='bbox 979 1398 1122 1429; x_wconf 89' lang='lat' dir='ltr'><strong>areae</strong></span> <span class='ocrx_word' id='word_1_133' title='bbox 1155 1399 1248 1428; x_wconf 91' lang='lat' dir='ltr'><strong>non</strong></span> <span class='ocrx_word' id='word_1_134' title='bbox 1280 1384 1388 1441; x_wconf 88' lang='lat' dir='ltr'><strong>sint,</strong></span> <span class='ocrx_word' id='word_1_135' title='bbox 1420 1399 1563 1431; x_wconf 88' lang='lat' dir='ltr'><strong>areae</strong></span> <span class='ocrx_word' id='word_1_136' title='bbox 1596 1385 1667 1448; x_wconf 90' lang='lat' dir='ltr'><strong>ip-</strong></span> 
     </span>
     <span class='ocr_line' id='line_1_19' title="bbox 16 1451 1665 1516; baseline 0.001 -17"><span class='ocrx_word' id='word_1_137' title='bbox 16 1466 197 1499; x_wconf 75' lang='lat' dir='ltr'><strong>¹sorum</strong></span> <span class='ocrx_word' id='word_1_138' title='bbox 228 1467 323 1498; x_wconf 93' lang='lat' dir='ltr'><strong>non</strong></span> <span class='ocrx_word' id='word_1_139' title='bbox 353 1451 563 1508; x_wconf 87' lang='lat' dir='ltr'><strong>fuerunt,</strong></span> <span class='ocrx_word' id='word_1_140' title='bbox 603 1466 780 1498; x_wconf 91' lang='lat' dir='ltr'><strong>messes</strong></span> <span class='ocrx_word' id='word_1_141' title='bbox 812 1451 935 1498; x_wconf 89' lang='lat' dir='ltr'><strong>enim</strong></span> <span class='ocrx_word' id='word_1_142' title='bbox 974 1469 1080 1499; x_wconf 88' lang='lat' dir='ltr'><strong>suas</strong></span> <span class='ocrx_word' id='word_1_143' title='bbox 1111 1469 1204 1498; x_wconf 92' lang='lat' dir='ltr'><strong>non</strong></span> <span class='ocrx_word' id='word_1_144' title='bbox 1237 1462 1455 1516; x_wconf 89' lang='lat' dir='ltr'><strong>egerunt.</strong></span> <span class='ocrx_word' id='word_1_145' title='bbox 1522 1453 1665 1502; x_wconf 84' lang='lat' dir='ltr'><strong>Cete-</strong></span> 
     </span>
     <span class='ocr_line' id='line_1_20' title="bbox 35 1520 1661 1587; baseline 0.001 -18"><span class='ocrx_word' id='word_1_146' title='bbox 35 1536 141 1569; x_wconf 81' lang='lat' dir='ltr'><strong>rum</strong></span> <span class='ocrx_word' id='word_1_147' title='bbox 171 1529 222 1568; x_wconf 91' lang='lat' dir='ltr'><strong>et</strong></span> <span class='ocrx_word' id='word_1_148' title='bbox 249 1520 398 1568; x_wconf 86' lang='lat' dir='ltr'><strong>imbre</strong></span> <span class='ocrx_word' id='word_1_149' title='bbox 430 1522 538 1568; x_wconf 90' lang='lat' dir='ltr'><strong>anni</strong></span> <span class='ocrx_word' id='word_1_150' title='bbox 567 1522 839 1584; x_wconf 89' lang='lat' dir='ltr'><strong>praeteriti,</strong></span> <span class='ocrx_word' id='word_1_151' title='bbox 889 1521 999 1585; x_wconf 90' lang='lat' dir='ltr'><strong>quid</strong></span> <span class='ocrx_word' id='word_1_152' title='bbox 1032 1525 1367 1570; x_wconf 82' lang='lat' dir='ltr'><strong>commeruerit</strong></span> <span class='ocrx_word' id='word_1_153' title='bbox 1398 1540 1548 1587; x_wconf 88' lang='lat' dir='ltr'><strong>genus</strong></span> <span class='ocrx_word' id='word_1_154' title='bbox 1580 1524 1661 1570; x_wconf 88' lang='lat' dir='ltr'><strong>hu-</strong></span> 
     </span>
     <span class='ocr_line' id='line_1_21' title="bbox 39 1590 1665 1657; baseline 0.002 -19"><span class='ocrx_word' id='word_1_155' title='bbox 39 1606 240 1649; x_wconf 80' lang='lat' dir='ltr'><strong>manum,</strong></span> <span class='ocrx_word' id='word_1_156' title='bbox 281 1591 495 1655; x_wconf 86' lang='lat' dir='ltr'><strong>apparuit</strong></span> <span class='ocrx_word' id='word_1_157' title='bbox 529 1590 882 1656; x_wconf 88' lang='lat' dir='ltr'><strong>(cataclysmum</strong></span> <span class='ocrx_word' id='word_1_158' title='bbox 914 1592 1103 1639; x_wconf 84' lang='lat' dir='ltr'><strong>seilicet</strong></span> <span class='ocrx_word' id='word_1_159' title='bbox 1133 1601 1182 1640; x_wconf 88' lang='lat' dir='ltr'><strong>et</strong></span> <span class='ocrx_word' id='word_1_160' title='bbox 1211 1601 1341 1640; x_wconf 90' lang='lat' dir='ltr'><strong>retro</strong></span> <span class='ocrx_word' id='word_1_161' title='bbox 1372 1594 1519 1641; x_wconf 87' lang='lat' dir='ltr'><strong>fuisse</strong></span> <span class='ocrx_word' id='word_1_162' title='bbox 1551 1610 1665 1657; x_wconf 91' lang='lat' dir='ltr'><strong>pro-</strong></span> 
     </span>
     <span class='ocr_line' id='line_1_22' title="bbox 37 1661 1665 1727; baseline 0.002 -19"><span class='ocrx_word' id='word_1_163' title='bbox 37 1668 147 1726; x_wconf 78' lang='lat' dir='ltr'><strong>pter</strong></span> <span class='ocrx_word' id='word_1_164' title='bbox 174 1661 531 1708; x_wconf 86' lang='lat' dir='ltr'><strong>incredulitates</strong></span> <span class='ocrx_word' id='word_1_165' title='bbox 564 1670 613 1708; x_wconf 90' lang='lat' dir='ltr'><strong>et</strong></span> <span class='ocrx_word' id='word_1_166' title='bbox 652 1662 923 1725; x_wconf 89' lang='lat' dir='ltr'><strong>iniquitates</strong></span> <span class='ocrx_word' id='word_1_167' title='bbox 962 1662 1242 1720; x_wconf 89' lang='lat' dir='ltr'><strong>hominum),</strong></span> <span class='ocrx_word' id='word_1_168' title='bbox 1291 1672 1341 1710; x_wconf 91' lang='lat' dir='ltr'><strong>et</strong></span> <span class='ocrx_word' id='word_1_169' title='bbox 1379 1665 1537 1727; x_wconf 87' lang='lat' dir='ltr'><strong>ignes,</strong></span> <span class='ocrx_word' id='word_1_170' title='bbox 1586 1664 1665 1727; x_wconf 87' lang='lat' dir='ltr'><strong>qui</strong></span> 
     </span>
     <span class='ocr_line' id='line_1_23' title="bbox 31 1731 1662 1795; baseline 0 -14"><span class='ocrx_word' id='word_1_171' title='bbox 31 1743 181 1795; x_wconf 67' lang='lat' dir='ltr'><strong>super</strong></span> <span class='ocrx_word' id='word_1_172' title='bbox 210 1732 396 1779; x_wconf 89' lang='lat' dir='ltr'><strong>moenia</strong></span> <span class='ocrx_word' id='word_1_173' title='bbox 415 1731 713 1793; x_wconf 87' lang='lat' dir='ltr'><strong>Carthaginis</strong></span> <span class='ocrx_word' id='word_1_174' title='bbox 742 1732 954 1794; x_wconf 85' lang='lat' dir='ltr'><strong>proxime</strong></span> <span class='ocrx_word' id='word_1_175' title='bbox 986 1732 1313 1795; x_wconf 87' lang='lat' dir='ltr'><strong>pependerunt</strong></span> <span class='ocrx_word' id='word_1_176' title='bbox 1342 1749 1428 1795; x_wconf 87' lang='lat' dir='ltr'><strong>per</strong></span> <span class='ocrx_word' id='word_1_177' title='bbox 1457 1742 1662 1793; x_wconf 87' lang='lat' dir='ltr'><strong>noctem,</strong></span> 
     </span>
     <span class='ocr_line' id='line_1_24' title="bbox 37 1799 1664 1865; baseline 0.001 -17"><span class='ocrx_word' id='word_1_178' title='bbox 37 1799 150 1865; x_wconf 80' lang='lat' dir='ltr'><strong>quid</strong></span> <span class='ocrx_word' id='word_1_179' title='bbox 188 1802 347 1848; x_wconf 88' lang='lat' dir='ltr'><strong>minati</strong></span> <span class='ocrx_word' id='word_1_180' title='bbox 386 1803 496 1858; x_wconf 86' lang='lat' dir='ltr'><strong>sint,</strong></span> <span class='ocrx_word' id='word_1_181' title='bbox 545 1803 699 1847; x_wconf 80' lang='lat' dir='ltr'><strong>sciunt</strong></span> <span class='ocrx_word' id='word_1_182' title='bbox 738 1802 812 1864; x_wconf 90' lang='lat' dir='ltr'><strong>qui</strong></span> <span class='ocrx_word' id='word_1_183' title='bbox 852 1800 1093 1859; x_wconf 87' lang='lat' dir='ltr'><strong>viderunt,</strong></span> <span class='ocrx_word' id='word_1_184' title='bbox 1142 1810 1191 1848; x_wconf 86' lang='lat' dir='ltr'><strong>et</strong></span> <span class='ocrx_word' id='word_1_185' title='bbox 1227 1803 1426 1865; x_wconf 90' lang='lat' dir='ltr'><strong>pristina</strong></span> <span class='ocrx_word' id='word_1_186' title='bbox 1456 1805 1664 1850; x_wconf 87' lang='lat' dir='ltr'><strong>tonitrua</strong></span> 
     </span>
     <span class='ocr_line' id='line_1_25' title="bbox 27 1869 1664 1937; baseline 0.001 -19"><span class='ocrx_word' id='word_1_187' title='bbox 27 1869 150 1935; x_wconf 38' lang='lat' dir='ltr'><strong>‚quid</strong></span> <span class='ocrx_word' id='word_1_188' title='bbox 179 1872 467 1928; x_wconf 88' lang='lat' dir='ltr'><strong>sonaverint,</strong></span> <span class='ocrx_word' id='word_1_189' title='bbox 500 1871 656 1917; x_wconf 88' lang='lat' dir='ltr'><strong>sciunt</strong></span> <span class='ocrx_word' id='word_1_190' title='bbox 686 1871 764 1933; x_wconf 92' lang='lat' dir='ltr'><strong>qui</strong></span> <span class='ocrx_word' id='word_1_191' title='bbox 796 1869 1134 1918; x_wconf 86' lang='lat' dir='ltr'><strong>obduruerunt.</strong></span> <span class='ocrx_word' id='word_1_192' title='bbox 1184 1871 1348 1919; x_wconf 87' lang='lat' dir='ltr'><strong>Omnia</strong></span> <span class='ocrx_word' id='word_1_193' title='bbox 1379 1873 1496 1919; x_wconf 90' lang='lat' dir='ltr'><strong>haec</strong></span> <span class='ocrx_word' id='word_1_194' title='bbox 1528 1874 1664 1937; x_wconf 89' lang='lat' dir='ltr'><strong>signa</strong></span> 
     </span>
     <span class='ocr_line' id='line_1_26' title="bbox 38 1939 1660 2006; baseline 0.001 -18"><span class='ocrx_word' id='word_1_195' title='bbox 38 1949 146 1988; x_wconf 78' lang='lat' dir='ltr'><strong>sunt</strong></span> <span class='ocrx_word' id='word_1_196' title='bbox 177 1942 460 1988; x_wconf 88' lang='lat' dir='ltr'><strong>imminentis</strong></span> <span class='ocrx_word' id='word_1_197' title='bbox 491 1941 592 1988; x_wconf 88' lang='lat' dir='ltr'><strong>irae</strong></span> <span class='ocrx_word' id='word_1_198' title='bbox 623 1939 723 1997; x_wconf 90' lang='lat' dir='ltr'><strong>dei,</strong></span> <span class='ocrx_word' id='word_1_199' title='bbox 771 1957 904 2003; x_wconf 90' lang='lat' dir='ltr'><strong>quam</strong></span> <span class='ocrx_word' id='word_1_200' title='bbox 946 1956 1146 1988; x_wconf 91' lang='lat' dir='ltr'><strong>necesse</strong></span> <span class='ocrx_word' id='word_1_201' title='bbox 1188 1951 1282 1999; x_wconf 82' lang='lat' dir='ltr'><strong>est,</strong></span> <span class='ocrx_word' id='word_1_202' title='bbox 1331 1942 1660 2006; x_wconf 89' lang='lat' dir='ltr'><strong>quoquomodo</strong></span> 
     </span>
     <span class='ocr_line' id='line_1_27' title="bbox 35 2011 1661 2076; baseline 0.002 -19"><span class='ocrx_word' id='word_1_203' title='bbox 35 2026 309 2074; x_wconf 86' lang='lat' dir='ltr'><strong>possumus,</strong></span> <span class='ocrx_word' id='word_1_204' title='bbox 355 2019 405 2057; x_wconf 88' lang='lat' dir='ltr'><strong>ut</strong></span> <span class='ocrx_word' id='word_1_205' title='bbox 443 2018 493 2058; x_wconf 89' lang='lat' dir='ltr'><strong>et</strong></span> <span class='ocrx_word' id='word_1_206' title='bbox 529 2011 852 2057; x_wconf 91' lang='lat' dir='ltr'><strong>annuntiemus</strong></span> <span class='ocrx_word' id='word_1_207' title='bbox 891 2019 939 2057; x_wconf 90' lang='lat' dir='ltr'><strong>et</strong></span> <span class='ocrx_word' id='word_1_208' title='bbox 974 2011 1301 2074; x_wconf 89' lang='lat' dir='ltr'><strong>praedicemus</strong></span> <span class='ocrx_word' id='word_1_209' title='bbox 1341 2021 1389 2059; x_wconf 90' lang='lat' dir='ltr'><strong>et</strong></span> <span class='ocrx_word' id='word_1_210' title='bbox 1429 2012 1661 2076; x_wconf 91' lang='lat' dir='ltr'><strong>deprece-</strong></span> 
     </span>
     <span class='ocr_line' id='line_1_28' title="bbox 35 2080 1661 2146; baseline 0.002 -19"><span class='ocrx_word' id='word_1_211' title='bbox 35 2095 141 2127; x_wconf 85' lang='lat' dir='ltr'><strong>mur</strong></span> <span class='ocrx_word' id='word_1_212' title='bbox 184 2081 369 2128; x_wconf 89' lang='lat' dir='ltr'><strong>interim</strong></span> <span class='ocrx_word' id='word_1_213' title='bbox 416 2080 614 2128; x_wconf 90' lang='lat' dir='ltr'><strong>localem</strong></span> <span class='ocrx_word' id='word_1_214' title='bbox 660 2095 787 2128; x_wconf 91' lang='lat' dir='ltr'><strong>esse.</strong></span> <span class='ocrx_word' id='word_1_215' title='bbox 860 2080 1181 2129; x_wconf 87' lang='lat' dir='ltr'><strong>Universalem</strong></span> <span class='ocrx_word' id='word_1_216' title='bbox 1228 2083 1350 2129; x_wconf 92' lang='lat' dir='ltr'><strong>enim</strong></span> <span class='ocrx_word' id='word_1_217' title='bbox 1398 2091 1446 2130; x_wconf 89' lang='lat' dir='ltr'><strong>et</strong></span> <span class='ocrx_word' id='word_1_218' title='bbox 1491 2100 1661 2146; x_wconf 86' lang='lat' dir='ltr'><strong>supre-</strong></span> 
     </span>
     <span class='ocr_line' id='line_1_29' title="bbox 35 2151 1660 2215; baseline 0.002 -18"><span class='ocrx_word' id='word_1_219' title='bbox 35 2165 154 2197; x_wconf 82' lang='lat' dir='ltr'><strong>mam</strong></span> <span class='ocrx_word' id='word_1_220' title='bbox 184 2167 271 2197; x_wconf 93' lang='lat' dir='ltr'><strong>suo</strong></span> <span class='ocrx_word' id='word_1_221' title='bbox 302 2159 516 2214; x_wconf 89' lang='lat' dir='ltr'><strong>tempore</strong></span> <span class='ocrx_word' id='word_1_222' title='bbox 556 2152 784 2208; x_wconf 87' lang='lat' dir='ltr'><strong>sentient,</strong></span> <span class='ocrx_word' id='word_1_223' title='bbox 833 2152 908 2214; x_wconf 91' lang='lat' dir='ltr'><strong>qui</strong></span> <span class='ocrx_word' id='word_1_224' title='bbox 947 2151 1160 2215; x_wconf 88' lang='lat' dir='ltr'><strong>exempla</strong></span> <span class='ocrx_word' id='word_1_225' title='bbox 1200 2153 1302 2200; x_wconf 92' lang='lat' dir='ltr'><strong>eius</strong></span> <span class='ocrx_word' id='word_1_226' title='bbox 1341 2153 1482 2200; x_wconf 89' lang='lat' dir='ltr'><strong>aliter</strong></span> <span class='ocrx_word' id='word_1_227' title='bbox 1511 2154 1660 2200; x_wconf 89' lang='lat' dir='ltr'><strong>inter-</strong></span> 
     </span>
     <span class='ocr_line' id='line_1_30' title="bbox 33 2221 1657 2285; baseline 0.002 -18"><span class='ocrx_word' id='word_1_228' title='bbox 33 2223 296 2285; x_wconf 63' lang='lat' dir='ltr'><strong>pretantur.</strong></span> <span class='ocrx_word' id='word_1_229' title='bbox 359 2221 479 2268; x_wconf 87' lang='lat' dir='ltr'><strong>Nam</strong></span> <span class='ocrx_word' id='word_1_230' title='bbox 510 2229 559 2268; x_wconf 93' lang='lat' dir='ltr'><strong>et</strong></span> <span class='ocrx_word' id='word_1_231' title='bbox 589 2221 659 2268; x_wconf 95' lang='lat' dir='ltr'><strong>sol</strong></span> <span class='ocrx_word' id='word_1_232' title='bbox 690 2221 770 2267; x_wconf 89' lang='lat' dir='ltr'><strong>ille</strong></span> <span class='ocrx_word' id='word_1_233' title='bbox 808 2221 853 2267; x_wconf 92' lang='lat' dir='ltr'><strong>in</strong></span> <span class='ocrx_word' id='word_1_234' title='bbox 895 2231 1129 2269; x_wconf 89' lang='lat' dir='ltr'><strong>conventu</strong></span> <span class='ocrx_word' id='word_1_235' title='bbox 1161 2221 1396 2280; x_wconf 87' lang='lat' dir='ltr'><strong>Uticensi,</strong></span> <span class='ocrx_word' id='word_1_236' title='bbox 1446 2225 1657 2270; x_wconf 88' lang='lat' dir='ltr'><strong>extincto</strong></span> 
     </span>
     <span class='ocr_line' id='line_1_31' title="bbox 26 2287 1658 2356; baseline 0.002 -20"><span class='ocrx_word' id='word_1_237' title='bbox 26 2287 186 2354; x_wconf 72' lang='lat' dir='ltr'><strong>&#39;paene</strong></span> <span class='ocrx_word' id='word_1_238' title='bbox 225 2291 412 2349; x_wconf 90' lang='lat' dir='ltr'><strong>lumine,</strong></span> <span class='ocrx_word' id='word_1_239' title='bbox 445 2289 566 2338; x_wconf 87' lang='lat' dir='ltr'><strong>adeo</strong></span> <span class='ocrx_word' id='word_1_240' title='bbox 599 2299 866 2355; x_wconf 91' lang='lat' dir='ltr'><strong>portentum</strong></span> <span class='ocrx_word' id='word_1_241' title='bbox 898 2291 1000 2348; x_wconf 88' lang='lat' dir='ltr'><strong>fuit,</strong></span> <span class='ocrx_word' id='word_1_242' title='bbox 1041 2300 1091 2338; x_wconf 87' lang='lat' dir='ltr'><strong>ut</strong></span> <span class='ocrx_word' id='word_1_243' title='bbox 1122 2310 1213 2339; x_wconf 92' lang='lat' dir='ltr'><strong>non</strong></span> <span class='ocrx_word' id='word_1_244' title='bbox 1246 2293 1455 2356; x_wconf 90' lang='lat' dir='ltr'><strong>potuerit</strong></span> <span class='ocrx_word' id='word_1_245' title='bbox 1487 2309 1547 2340; x_wconf 88' lang='lat' dir='ltr'><strong>ex</strong></span> <span class='ocrx_word' id='word_1_246' title='bbox 1579 2309 1658 2340; x_wconf 93' lang='lat' dir='ltr'><strong>or-</strong></span> 
     </span>
     <span class='ocr_line' id='line_1_32' title="bbox 24 2357 1658 2426; baseline 0.001 -19"><span class='ocrx_word' id='word_1_247' title='bbox 24 2357 219 2408; x_wconf 79' lang='lat' dir='ltr'><strong>dinario</strong></span> <span class='ocrx_word' id='word_1_248' title='bbox 250 2359 458 2425; x_wconf 88' lang='lat' dir='ltr'><strong>deliquio</strong></span> <span class='ocrx_word' id='word_1_249' title='bbox 497 2362 588 2408; x_wconf 91' lang='lat' dir='ltr'><strong>hoc</strong></span> <span class='ocrx_word' id='word_1_250' title='bbox 626 2361 738 2425; x_wconf 88' lang='lat' dir='ltr'><strong>pati,</strong></span> <span class='ocrx_word' id='word_1_251' title='bbox 772 2362 953 2425; x_wconf 90' lang='lat' dir='ltr'><strong>positus</strong></span> <span class='ocrx_word' id='word_1_252' title='bbox 984 2363 1030 2407; x_wconf 89' lang='lat' dir='ltr'><strong>iu</strong></span> <span class='ocrx_word' id='word_1_253' title='bbox 1063 2379 1147 2409; x_wconf 93' lang='lat' dir='ltr'><strong>suo</strong></span> <span class='ocrx_word' id='word_1_254' title='bbox 1180 2363 1458 2426; x_wconf 84' lang='lat' dir='ltr'><strong>hypsomate</strong></span> <span class='ocrx_word' id='word_1_255' title='bbox 1492 2372 1541 2410; x_wconf 88' lang='lat' dir='ltr'><strong>et</strong></span> <span class='ocrx_word' id='word_1_256' title='bbox 1571 2362 1658 2409; x_wconf 90' lang='lat' dir='ltr'><strong>do-</strong></span> 
     </span>
     <span class='ocr_line' id='line_1_33' title="bbox 34 2430 1657 2495; baseline 0.001 -18"><span class='ocrx_word' id='word_1_257' title='bbox 34 2430 227 2478; x_wconf 72' lang='lat' dir='ltr'><strong>micilio.</strong></span> <span class='ocrx_word' id='word_1_258' title='bbox 295 2431 490 2478; x_wconf 88' lang='lat' dir='ltr'><strong>Habetis</strong></span> <span class='ocrx_word' id='word_1_259' title='bbox 542 2432 832 2494; x_wconf 83' lang='lat' dir='ltr'><strong>astrologos.</strong></span> <span class='ocrx_word' id='word_1_260' title='bbox 910 2430 1159 2479; x_wconf 89' lang='lat' dir='ltr'><strong>Possumus</strong></span> <span class='ocrx_word' id='word_1_261' title='bbox 1204 2447 1356 2495; x_wconf 90' lang='lat' dir='ltr'><strong>aeque</strong></span> <span class='ocrx_word' id='word_1_262' title='bbox 1403 2440 1454 2478; x_wconf 89' lang='lat' dir='ltr'><strong>et</strong></span> <span class='ocrx_word' id='word_1_263' title='bbox 1504 2433 1657 2479; x_wconf 87' lang='lat' dir='ltr'><strong>exitus</strong></span> 
     </span>
    </p>
   </div>
   <div class='ocr_carea' id='block_1_4' title="bbox 0 0 32 997">
    <p class='ocr_par' dir='ltr' id='par_1_4' title="bbox 0 0 32 997">
     <span class='ocr_line' id='line_1_34' title="bbox 0 0 32 997; baseline 0 0"><span class='ocrx_word' id='word_1_264' title='bbox 0 0 32 997; x_wconf 95' lang='lat' dir='ltr'><strong> </strong></span> 
     </span>
    </p>
   </div>
   <div class='ocr_carea' id='block_1_5' title="bbox 32 2499 1658 2775">
    <p class='ocr_par' dir='ltr' id='par_1_5' title="bbox 32 2499 1658 2775">
     <span class='ocr_line' id='line_1_35' title="bbox 35 2499 1656 2564; baseline 0.001 -17"><span class='ocrx_word' id='word_1_265' title='bbox 35 2499 323 2563; x_wconf 79' lang='lat' dir='ltr'><strong>quorundam</strong></span> <span class='ocrx_word' id='word_1_266' title='bbox 353 2500 617 2564; x_wconf 89' lang='lat' dir='ltr'><strong>praesidum</strong></span> <span class='ocrx_word' id='word_1_267' title='bbox 650 2500 735 2546; x_wconf 88' lang='lat' dir='ltr'><strong>tibi</strong></span> <span class='ocrx_word' id='word_1_268' title='bbox 766 2516 1050 2564; x_wconf 90' lang='lat' dir='ltr'><strong>proponere,</strong></span> <span class='ocrx_word' id='word_1_269' title='bbox 1084 2502 1160 2564; x_wconf 91' lang='lat' dir='ltr'><strong>qui</strong></span> <span class='ocrx_word' id='word_1_270' title='bbox 1192 2502 1237 2547; x_wconf 91' lang='lat' dir='ltr'><strong>in</strong></span> <span class='ocrx_word' id='word_1_271' title='bbox 1271 2503 1362 2547; x_wconf 86' lang='lat' dir='ltr'><strong>fine</strong></span> <span class='ocrx_word' id='word_1_272' title='bbox 1386 2502 1512 2548; x_wconf 87' lang='lat' dir='ltr'><strong>vitae</strong></span> <span class='ocrx_word' id='word_1_273' title='bbox 1544 2518 1656 2550; x_wconf 88' lang='lat' dir='ltr'><strong>suae</strong></span> 
     </span>
     <span class='ocr_line' id='line_1_36' title="bbox 32 2569 1658 2635; baseline 0 -17"><span class='ocrx_word' id='word_1_274' title='bbox 32 2569 273 2618; x_wconf 78' lang='lat' dir='ltr'><strong>recordati</strong></span> <span class='ocrx_word' id='word_1_275' title='bbox 305 2579 411 2618; x_wconf 90' lang='lat' dir='ltr'><strong>sunt</strong></span> <span class='ocrx_word' id='word_1_276' title='bbox 441 2570 714 2635; x_wconf 85' lang='lat' dir='ltr'><strong>deliquisse,</strong></span> <span class='ocrx_word' id='word_1_277' title='bbox 763 2570 888 2633; x_wconf 93' lang='lat' dir='ltr'><strong>quod</strong></span> <span class='ocrx_word' id='word_1_278' title='bbox 917 2579 1168 2616; x_wconf 86' lang='lat' dir='ltr'><strong>vexassent</strong></span> <span class='ocrx_word' id='word_1_279' title='bbox 1199 2570 1508 2618; x_wconf 86' lang='lat' dir='ltr'><strong>Christianos.</strong></span> <span class='ocrx_word' id='word_1_280' title='bbox 1571 2571 1658 2618; x_wconf 87' lang='lat' dir='ltr'><strong>Vi-</strong></span> 
     </span>
     <span class='ocr_line' id='line_1_37' title="bbox 34 2638 1656 2704; baseline 0.001 -18"><span class='ocrx_word' id='word_1_281' title='bbox 34 2640 203 2703; x_wconf 84' lang='lat' dir='ltr'><strong>gellius</strong></span> <span class='ocrx_word' id='word_1_282' title='bbox 243 2638 518 2688; x_wconf 90' lang='lat' dir='ltr'><strong>Saturninus</strong></span> <span class='ocrx_word' id='word_1_283' title='bbox 535 2643 579 2699; x_wconf 89' lang='lat'><strong>1)</strong></span> <span class='ocrx_word' id='word_1_284' title='bbox 622 2641 698 2703; x_wconf 93' lang='lat' dir='ltr'><strong>qui</strong></span> <span class='ocrx_word' id='word_1_285' title='bbox 743 2640 919 2702; x_wconf 89' lang='lat' dir='ltr'><strong>primus</strong></span> <span class='ocrx_word' id='word_1_286' title='bbox 965 2640 1039 2685; x_wconf 90' lang='lat' dir='ltr'><strong>hic</strong></span> <span class='ocrx_word' id='word_1_287' title='bbox 1086 2639 1289 2703; x_wconf 90' lang='lat' dir='ltr'><strong>gladium</strong></span> <span class='ocrx_word' id='word_1_288' title='bbox 1337 2642 1383 2686; x_wconf 89' lang='lat' dir='ltr'><strong>in</strong></span> <span class='ocrx_word' id='word_1_289' title='bbox 1422 2657 1507 2687; x_wconf 92' lang='lat' dir='ltr'><strong>nos</strong></span> <span class='ocrx_word' id='word_1_290' title='bbox 1555 2642 1656 2704; x_wconf 89' lang='lat' dir='ltr'><strong>egit</strong></span> 
     </span>
     <span class='ocr_line' id='line_1_38' title="bbox 34 2708 1656 2775; baseline 0.002 -20"><span class='ocrx_word' id='word_1_291' title='bbox 34 2708 207 2756; x_wconf 86' lang='lat' dir='ltr'><strong>lumina</strong></span> <span class='ocrx_word' id='word_1_292' title='bbox 251 2712 418 2757; x_wconf 85' lang='lat' dir='ltr'><strong>amisit.</strong></span> <span class='ocrx_word' id='word_1_293' title='bbox 483 2709 703 2757; x_wconf 91' lang='lat' dir='ltr'><strong>Claudius</strong></span> <span class='ocrx_word' id='word_1_294' title='bbox 741 2709 915 2756; x_wconf 91' lang='lat' dir='ltr'><strong>Lucius</strong></span> <span class='ocrx_word' id='word_1_295' title='bbox 956 2708 1344 2769; x_wconf 83' lang='lat' dir='ltr'><strong>Herminianus2)</strong></span> <span class='ocrx_word' id='word_1_296' title='bbox 1387 2711 1432 2756; x_wconf 91' lang='lat' dir='ltr'><strong>in</strong></span> <span class='ocrx_word' id='word_1_297' title='bbox 1474 2710 1656 2775; x_wconf 89' lang='lat' dir='ltr'><strong>Cappa-</strong></span> 
     </span>
    </p>
   </div>
   <div class='ocr_carea' id='block_1_6' title="bbox 19 2918 1655 3190">
    <p class='ocr_par' dir='ltr' id='par_1_6' title="bbox 19 2918 1655 3190">
     <span class='ocr_line' id='line_1_39' title="bbox 150 2918 1655 2969; baseline 0.002 -13"><span class='ocrx_word' id='word_1_298' title='bbox 150 2918 195 2966; x_wconf 83' lang='lat'><strong>1)</strong></span> <span class='ocrx_word' id='word_1_299' title='bbox 225 2918 355 2956; x_wconf 80' lang='lat' dir='ltr'><strong>Rhen.</strong></span> <span class='ocrx_word' id='word_1_300' title='bbox 387 2921 428 2955; x_wconf 86' lang='lat' dir='ltr'><strong>et</strong></span> <span class='ocrx_word' id='word_1_301' title='bbox 458 2919 566 2967; x_wconf 82' lang='lat' dir='ltr'><strong>Rig.:</strong></span> <span class='ocrx_word' id='word_1_302' title='bbox 613 2918 879 2966; x_wconf 81' lang='lat' dir='ltr'><strong>Vigellius</strong></span> <span class='ocrx_word' id='word_1_303' title='bbox 911 2919 1263 2968; x_wconf 80' lang='lat' dir='ltr'><strong>Saturninus,</strong></span> <span class='ocrx_word' id='word_1_304' title='bbox 1311 2932 1434 2967; x_wconf 89' lang='lat' dir='ltr'><strong>quam</strong></span> <span class='ocrx_word' id='word_1_305' title='bbox 1466 2922 1655 2969; x_wconf 81' lang='lat' dir='ltr'><strong>scriptu-</strong></span> 
     </span>
     <span class='ocr_line' id='line_1_40' title="bbox 20 2974 1654 3023; baseline 0.001 -10"><span class='ocrx_word' id='word_1_306' title='bbox 20 2985 124 3018; x_wconf 44' lang='lat' dir='ltr'><strong>,nm</strong></span> <span class='ocrx_word' id='word_1_307' title='bbox 157 2974 350 3023; x_wconf 86' lang='lat' dir='ltr'><strong>probavit</strong></span> <span class='ocrx_word' id='word_1_308' title='bbox 378 2975 504 3012; x_wconf 83' lang='lat' dir='ltr'><strong>etiam</strong></span> <span class='ocrx_word' id='word_1_309' title='bbox 536 2975 708 3012; x_wconf 87' lang='lat' dir='ltr'><strong>Semler.</strong></span> <span class='ocrx_word' id='word_1_310' title='bbox 766 2975 833 3012; x_wconf 86' lang='lat' dir='ltr'><strong>Fr.</strong></span> <span class='ocrx_word' id='word_1_311' title='bbox 866 2975 1009 3018; x_wconf 81' lang='lat' dir='ltr'><strong>Iunius</strong></span> <span class='ocrx_word' id='word_1_312' title='bbox 1042 2975 1191 3013; x_wconf 83' lang='lat' dir='ltr'><strong>maluit</strong></span> <span class='ocrx_word' id='word_1_313' title='bbox 1219 2976 1426 3017; x_wconf 81' lang='lat' dir='ltr'><strong>seribere:</strong></span> <span class='ocrx_word' id='word_1_314' title='bbox 1483 2979 1654 3015; x_wconf 88' lang='lat' dir='ltr'><strong>Vitel-</strong></span> 
     </span>
     <span class='ocr_line' id='line_1_41' title="bbox 20 3028 1650 3082; baseline 0.002 -14"><span class='ocrx_word' id='word_1_315' title='bbox 20 3028 141 3068; x_wconf 62' lang='lat' dir='ltr'><strong>&amp;lius</strong></span> <span class='ocrx_word' id='word_1_316' title='bbox 182 3031 542 3077; x_wconf 75' lang='lat' dir='ltr'><strong>Saturninus,</strong></span> <span class='ocrx_word' id='word_1_317' title='bbox 590 3031 684 3069; x_wconf 72' lang='lat' dir='ltr'><strong>aliix</strong></span> <span class='ocrx_word' id='word_1_318' title='bbox 728 3032 784 3066; x_wconf 91' lang='lat' dir='ltr'><strong>M.</strong></span> <span class='ocrx_word' id='word_1_319' title='bbox 826 3030 1033 3068; x_wconf 85' lang='lat' dir='ltr'><strong>Gellius</strong></span> <span class='ocrx_word' id='word_1_320' title='bbox 1071 3033 1419 3082; x_wconf 80' lang='lat' dir='ltr'><strong>saturninus,</strong></span> <span class='ocrx_word' id='word_1_321' title='bbox 1466 3035 1650 3071; x_wconf 86' lang='lat' dir='ltr'><strong>Pamel.:</strong></span> 
     </span>
     <span class='ocr_line' id='line_1_42' title="bbox 19 3085 1655 3136; baseline 0.001 -12"><span class='ocrx_word' id='word_1_322' title='bbox 19 3085 261 3135; x_wconf 74' lang='lat' dir='ltr'><strong>·Valgius</strong></span> <span class='ocrx_word' id='word_1_323' title='bbox 293 3087 393 3123; x_wconf 83' lang='lat' dir='ltr'><strong>Sat.</strong></span> <span class='ocrx_word' id='word_1_324' title='bbox 510 3086 556 3134; x_wconf 88' lang='lat'><strong>2)</strong></span> <span class='ocrx_word' id='word_1_325' title='bbox 588 3086 766 3124; x_wconf 75' lang='lat' dir='ltr'><strong>PameL2</strong></span> <span class='ocrx_word' id='word_1_326' title='bbox 796 3087 1000 3136; x_wconf 81' lang='lat' dir='ltr'><strong>„Veteres</strong></span> <span class='ocrx_word' id='word_1_327' title='bbox 1033 3088 1201 3126; x_wconf 85' lang='lat' dir='ltr'><strong>excusi:</strong></span> <span class='ocrx_word' id='word_1_328' title='bbox 1238 3089 1438 3127; x_wconf 81' lang='lat' dir='ltr'><strong>Lucius</strong></span> <span class='ocrx_word' id='word_1_329' title='bbox 1470 3090 1655 3126; x_wconf 85' lang='lat' dir='ltr'><strong>Hiero-</strong></span> 
     </span>
     <span class='ocr_line' id='line_1_43' title="bbox 34 3136 1653 3190; baseline 0 -11"><span class='ocrx_word' id='word_1_330' title='bbox 34 3136 344 3190; x_wconf 59' lang='lat' dir='ltr'><strong>nymianus,</strong></span> <span class='ocrx_word' id='word_1_331' title='bbox 375 3143 609 3180; x_wconf 84' lang='lat' dir='ltr'><strong>Vaticanus</strong></span> <span class='ocrx_word' id='word_1_332' title='bbox 643 3143 688 3179; x_wconf 87' lang='lat'><strong>3:</strong></span> <span class='ocrx_word' id='word_1_333' title='bbox 727 3143 926 3179; x_wconf 83' lang='lat' dir='ltr'><strong>Lucius</strong></span> <span class='ocrx_word' id='word_1_334' title='bbox 958 3143 1426 3182; x_wconf 82' lang='lat' dir='ltr'><strong>Gerominiamus.“</strong></span> <span class='ocrx_word' id='word_1_335' title='bbox 1486 3145 1653 3182; x_wconf 85' lang='lat' dir='ltr'><strong>Iunius:</strong></span> 
     </span>
    </p>
   </div>
  </div>
 </body>
</html>
