1942 3554
51 0 158 76 aa

53 124 87 151 ὦ,
128 126 134 132 “

57 166 93 189 b&

565 195 647 233 DE
685 193 1134 232 ercTAcums
1599 191 1671 246 17

38 340 273 407 profanis,
305 338 365 388 de
396 334 767 388 sacerdotalibus
798 334 1121 400 praesidibus,
1164 334 1222 384 de
1256 335 1550 400 collegiariis
1581 337 1668 383 mi-

39 411 221 469 nistris,
260 410 320 460 de
351 412 454 475 ipso
483 416 724 471 postremo
755 405 895 453 boum
927 408 1187 470 sanguine?
1233 406 1294 454 Ut
1325 406 1383 454 dc
1416 407 1524 455 loco
1557 424 1667 472 sup-

38 482 218 547 pleam,
252 491 301 531 et
331 480 390 530 de
421 480 529 527 loco
563 478 795 526 communi
826 493 911 541 pro
946 478 1153 541 collegio
1186 479 1353 525 artium
1378 477 1666 525 Musicarum

38 563 90 603 et
138 552 462 604 Minervalium
517 557 566 597 et
615 548 990 612 Apollinarium,
1061 550 1201 596 etiam
1247 548 1532 597 Martialium
1578 565 1667 613 per

41 625 267 684 duellum,
319 638 406 688 per
436 620 591 668 tubam
629 620 675 666 in
708 617 860 666 stadio
895 620 1073 666 circum
1111 619 1490 679 aemulanturl),
1539 618 1666 684 quod

37 699 199 762 utique
230 693 447 759 templum
479 700 553 739 est
583 700 631 739 et
661 691 811 755 ipsum
844 690 944 738 eius
977 689 1114 748 idoli,
1156 691 1288 737 cuius
1321 691 1665 739 sollemnitates

39 767 157 833 agit.
233 764 331 813 Sed
377 772 426 812 et
469 762 713 828 gymnicas
759 770 887 808 artes
935 759 1179 808 Castorum
1228 770 1277 809 et
1315 761 1569 809 Herculum
1617 771 1667 810 et

16 837 383 889 ‘Mercuriorum
415 833 693 898 disciplinae
725 831 1050 896 prodiderunt.

179 912 260 959 12.
314 905 545 970 Superest
582 904 706 950 illius
745 903 1046 966 insignissimi
1093 903 1357 967 spectaculi
1395 912 1535 967 atque
1583 919 1663 951 ac-

37 978 294 1044 ceptissimi
338 976 609 1039 recognitio
626 976 696 1034 2).
786 973 956 1021 Munus
1018 973 1192 1022 dictum
1248 983 1320 1022 est
1371 973 1428 1021 ab
1485 973 1663 1034 officio,

37 1051 254 1117 qnoniam
287 1047 493 1095 officium
527 1047 667 1093 etiam
698 1046 903 1092 muneris
928 1061 1096 1092 nomen
1124 1053 1213 1094 est.
1267 1044 1482 1092 Officium
1508 1055 1663 1093 autem

33 1121 229 1169 mortuis
275 1119 366 1166 hoc
414 1116 688 1181 spectaculo
735 1117 897 1163 facere
953 1131 1004 1162 se
1059 1125 1250 1164 veteres
1295 1115 1662 1175 arbitrabantur,

33 1201 341 1256 posteaquam
372 1188 488 1236 illud
519 1188 791 1236 humaniore
818 1188 1070 1243 atrocitate
1096 1196 1498 1251 temperaverunt.
1542 1187 1664 1235 Nam

35 1263 143 1310 olim
183 1261 399 1328 quoniam
444 1260 620 1306 animas
667 1257 995 1305 defunctorum
1035 1258 1235 1304 humano
1284 1260 1513 1321 sanguine
1552 1275 1663 1321 pro-

34 1334 192 1397 pitiari
238 1329 468 1380 creditum
515 1338 639 1386 erat,
713 1329 924 1391 captivos
970 1328 1045 1375 vel
1091 1328 1211 1375 malo
1259 1329 1450 1392 ingenio
1498 1345 1663 1377 servos

0 1432 2 1434 ·
32 1405 229 1452 mercati
253 1405 300 1450 in
325 1401 563 1464 exsequiis
577 1396 903 1446 immolabant.
965 1397 1139 1446 Postea
1170 1399 1350 1462 placuit
1374 1400 1663 1463 impietatem

4 1502 6 1505 >
32 1474 271 1538 voluptate
302 1470 600 1520 adumbrare.
680 1469 842 1533 Itaque
881 1485 1000 1532 quos
1031 1478 1316 1532 paraverant
1347 1470 1511 1528 armis,
1560 1471 1663 1534 qui-

0 1544 118 1592 -bns
159 1553 269 1592 tnnc
316 1551 364 1591 et
409 1541 612 1606 qualiter
656 1549 876 1604 poterant
916 1539 1150 1597 eruditos,
1199 1549 1375 1587 tantum
1415 1549 1468 1587 ut
1504 1540 1662 1588 occidi

30 1614 295 1672 discerent,
342 1629 451 1660 mox
483 1611 642 1660 edicto
676 1610 751 1657 die
786 1611 1057 1658 inferiarum
1097 1610 1220 1675 apud
1253 1611 1455 1658 tumulos
1488 1627 1662 1677 eroga-

0 1723 2 1727 .
29 1685 155 1734 hant.
216 1685 286 1733 Ita
317 1693 514 1731 mortem
546 1681 815 1729 homicidiis
848 1681 1236 1729 consolabantur.
1289 1681 1418 1729 Haec
1452 1685 1659 1731 muneris

29 1759 194 1820 origo,
227 1754 312 1804 sed
335 1755 556 1819 paulatim
581 1755 796 1817 provecti
821 1751 880 1799 ad
906 1760 1078 1799 tantam
1104 1753 1320 1817 gratiam,
1357 1753 1416 1799 ad
1441 1763 1659 1817 quantam

29 1835 79 1876 et
108 1826 458 1882 crudelitatem,
492 1825 600 1888 quia
630 1824 807 1871 ferrum
838 1823 1066 1886 voluptati
1098 1824 1212 1870 satis
1245 1840 1338 1870 non
1371 1824 1656 1888 faciebam),

29 1899 116 1946 nisi
163 1906 212 1945 et
255 1897 374 1944 feris
420 1895 618 1941 humana
663 1909 868 1956 corpora
913 1892 1270 1956 dissiparentur.
1356 1893 1492 1952 Quod
1539 1910 1658 1959 ergo

28 1968 223 2015 mortuis
270 1965 513 2022 litabatur,
568 1965 727 2027 utique
767 1964 1082 2027 parentationi
1121 1962 1448 2027 deputabatur.
1527 1964 1656 2023 Quae

28 2039 217 2101 species
247 2034 446 2101 proinde
486 2034 754 2082 idololatria
795 2043 889 2091 est,
937 2035 1154 2097 quoniam
1194 2043 1242 2081 et
1273 2033 1543 2082 idololatria
1575 2053 1657 2100 pa-

26 2105 307 2156 rentationis
347 2114 420 2154 est
457 2106 664 2168 species.
741 2104 853 2151 Tam
892 2104 1011 2151 haec
1052 2121 1186 2168 quam
1226 2104 1303 2151 illa
1343 2106 1539 2153 mortuis
1571 2107 1656 2153 mi·-

26 2179 207 2228 nislrat.
282 2177 334 2224 In
373 2184 662 2223 mortuorum
701 2183 856 2222 autem
895 2173 1036 2221 idolis
1078 2174 1324 2222 daemonia
1365 2177 1649 2235 consistunt,

27 2255 79 2296 ut'
106 2257 155 2296 et
178 2248 337 2295 titulos
363 2246 740 2304 consideremus3
779 2246 894 2293 licet
917 2246 1162 2293 transierit
1187 2246 1277 2293 hoc
1305 2261 1454 2309 genus
1481 2246 1654 2294 editio-

26 2318 97 2374 nis
127 2318 184 2367 ab
223 2316 479 2366 honoribus
518 2325 807 2364 mortuorum
846 2315 903 2363 ad
937 2316 1144 2364 honores
1182 2318 1460 2376 viventium,
1509 2335 1654 2382 quae·-

28 2388 180 2439 sn'lras
211 2388 318 2436 dico
351 2397 400 2436 et
430 2388 757 2451 magistratus,
798 2395 846 2434 et
878 2387 1080 2434 flaminia
1113 2396 1160 2435 et
1192 2386 1488 2435 sacerdotia:
1548 2404 1652 2436 cum

55 2551 83 2603 ”-
141 2559 184 2607 1)
215 2559 354 2596 Locus
371 2560 613 2606 corruptus,
639 2557 709 2595 cui
724 2557 970 2596 coniectura
986 2557 1237 2594 medendum
1262 2559 1376 2604 erat3
1400 2557 1652 2600 Rhenanunt

27 2609 299 2667 sanguine,
331 2618 386 2653 ut
415 2615 618 2652 deloco
650 2614 932 2662 suppleam.
977 2614 1042 2650 Ut
1074 2614 1130 2650 de
1156 2613 1344 2650 loco—
1375 2616 1566 2663 tubam,
1595 2619 1652 2654 ut

27 2668 197 2710 stadio
221 2672 418 2710 circum
441 2671 786 2709 aemulentur.
816 2670 1045 2719 Rigaltius:
1073 2669 1343 2719 sanguine.
1375 2671 1439 2708 Ut
1465 2672 1520 2709 de
1543 2672 1572 2709 l.
1595 2683 1647 2721 s.,

28 2736 85 2770 ae
110 2727 168 2765 de
194 2727 592 2776 loco—tubam,
618 2726 789 2764 stadio
815 2727 1006 2763 circum
1031 2727 1375 2764 aemulantur.
1405 2727 1650 2768 lvi-,Iunium

27 2782 295 2832 sanguine.
354 2785 419 2822 Ut
454 2784 511 2821 de
552 2784 690 2832 loco,
739 2786 788 2820 et
825 2783 941 2821 loco
976 2784 1234 2821 communi
1275 2803 1333 2811 --
1377 2787 1427 2822 et
1470 2787 1648 2824 stadio

26 2835 222 2891 circum
252 2840 593 2878 aemulantur.
653 2839 836 2879 Semler:
876 2838 1161 2888 sanguine,
1197 2842 1250 2877 ut
1281 2840 1490 2880 deloco
1521 2854 1648 2891 sup-

27 2892 221 2945 pleam,
285 2899 339 2934 ut
378 2896 438 2935 de
476 2897 593 2935 loco
638 2915 688 2924 -·
737 2900 793 2934 ut
841 2895 1013 2932 stadio
1061 2896 1254 2934 circum
1300 2898 1648 2937 aemulentur.

23 2948 79 3001 25)
122 2954 167 2990 ln
207 2951 326 2990 codd.
370 2952 748 3002 insignissimis
800 2952 1102 2999 spectaculi
1145 2954 1516 3002 acceptissimi
1560 2967 1647 2993 re-

8 3003 276 3060 tqunitio.
334 3010 377 3045 ln
417 3009 629 3056 plerisque
665 3009 758 3046 edd.
793 3008 1146 3056 insignissimi
1182 3021 1251 3059 sp.
1284 3011 1645 3060 acceptissimi

19 3053 122 3165 ἒξ
169 3063 378 3112 Rigaltius
406 3066 610 3117 coniecit:
643 3077 699 3102 ac
733 3064 1035 3112 septissimi.
1087 3065 1155 3103 Fr.
1173 3067 1338 3104 Iunius:
1373 3067 1637 3116 indignis-

12 3120 40 3164 “,
66 3127 96 3169 -’
126 3119 140 3157 i
169 3131 252 3168 up„
288 3122 374 3157 sed
403 3121 762 3168 acceptissimi
795 3133 894 3158 rec.
1011 3118 1055 3170 3)
1087 3124 1134 3159 ln
1162 3124 1251 3160 cod.
1288 3125 1518 3171 Agobardi:
1567 3126 1642 3160 se-

11 3166 195 3238 ...fitam
226 3177 488 3224 voluptati
519 3179 653 3214 satis
685 3190 786 3215 non
819 3178 997 3214 fiebat.

11 3222 81 3284 ’γε
92 3242 220 3283 'satvr
229 3255 252 3283 ι’
261 3254 327 3282 ιι.
360 3248 389 3283 1.
1263 3267 1294 3313 2
