1942 3554
56 101 138 204 53(
289 125 380 165 DE
424 125 612 164 rues
653 125 726 163 m
772 123 1361 164 rssnssseurioitn.
1536 123 1650 177 219

19 265 244 325 'Ques
294 265 530 316 acervabo
578 267 721 329 super
745 273 936 328 caput,
997 265 1037 312 si
1089 280 1163 311 me
1218 281 1311 311 non
1364 263 1651 313 redemero?

31 334 220 391 &nvindo
262 336 509 401 inquit1):
562 335 651 396 Qui
693 335 778 382 tibi
816 335 1024 382 tunicam
1068 335 1336 392 sustulerit,
1391 335 1467 382 vel
1508 337 1651 383 etiam

24 405 198 461 *sillium
234 404 480 466 eonced03
521 405 579 454 ad
614 422 716 453 eum
749 406 976 469 pertinet,
1007 405 1085 469 qui
1114 420 1239 462 rem,
1274 422 1369 452 non
1401 407 1480 470 qui
1509 405 1651 453 fidem

42 493 164 526 neam
207 477 400 540 eripere
448 477 724 540 quaesiexit.
800 475 1070 522 Concedam
1111 483 1159 522 et
1197 476 1389 538 pallium
1426 492 1520 522 non
1567 477 1654 523 mi-

28 547 143 596 ·anti
177 546 496 595 traditionem.
567 545 618 593 si
652 547 853 593 minatus
884 546 1050 603 fuerit,
1101 546 1242 592 etiam
1274 548 1477 593 tunicam
1510 563 1654 610 repo·-

41 629 163 668 enm.
243 615 454 663 Omnium
494 617 582 663 iam
615 631 737 662 nunc
779 615 1119 662 dominicarum
1151 618 1587 678 pronuntiationum
1606 619 1651 678 2)

70 687 223 738 ’inunt
253 695 304 735 et
333 702 531 734 caussae
563 694 611 732 et
639 686 836 749 regulae
863 686 1076 743 termini,
1111 702 1202 731 non
1235 687 1280 732 in
1307 686 1537 733 infinitum
1562 703 1652 734 nec

27 754 258 812 adomnia
289 765 526 821 spectant.
569 754 729 820 Atque
763 755 884 803 adeo
913 757 991 819 qui
1017 756 1142 801 omni
1167 757 1350 819 petenti
1377 754 1479 804 dari
1504 757 1650 814 iubet,

40 828 330 892 ffl‘sigoum
360 825 630 890 petentibus
661 843 754 873 non
788 824 894 884 dat,
936 825 1146 888 alioquin
1168 827 1206 872 si
1234 826 1448 874 omnibus
1479 828 1652 890 passim

27 898 281 954 militis
309 895 508 945 dandum
543 905 699 960 putas,
750 905 797 942 tu
819 896 941 943 mihi
973 895 1174 954 videris,
1226 913 1319 944 non
1353 896 1462 944 dico
1494 899 1652 944 vinum

97 969 328 1027 fluitanti,
385 966 472 1016 sed
511 968 654 1015 etiam
691 982 922 1014 venenum
962 975 1044 1013 aut
1082 966 1288 1030 gladium
1326 977 1527 1015 mortem
1570 967 1654 1014 de-

24 1036 241 1089 dictami
286 1038 492 1087 daturus.
582 1038 747 1086 Facite
791 1046 947 1084 autem
991 1037 1128 1085 vobis
1174 1039 1353 1085 amicos
1401 1037 1458 1085 de
1510 1055 1654 1085 mam-

25 1111 252 1169 ·mna3);
303 1108 536 1173 quomodo
577 1107 934 1171 intelligendum
976 1109 1059 1165 sit,
1120 1108 1347 1172 parabola
1393 1109 1654 1172 praemissa

21 1197 73 1230 *ff
95 1179 295 1238 doceat,
324 1179 382 1228 ad
413 1179 634 1243 populum
666 1177 902 1225 Iudaicum
937 1178 1087 1236 dicta,
1122 1180 1198 1242 qui
1232 1180 1532 1226 commissam
1564 1179 1654 1226 sibi

27 1252 251 1300 ,ationem
296 1248 470 1297 domini
531 1266 636 1296 cum
690 1249 810 1296 male
865 1247 1276 1307 administrasset,
1346 1248 1548 1297 deberet
1594 1248 1654 1295 de

42 1334 306 1371 ammonae
340 1320 620 1378 bominibuS,
657 1318 781 1383 quod
811 1335 901 1366 nos
931 1335 1131 1378 eramus,
1164 1321 1343 1367 amicos
1375 1320 1465 1366 sibi
1496 1321 1655 1383 potius

33 1393 321 1457 cumspicere,
369 1407 504 1455 quam
535 1391 780 1447 inimicos,
828 1399 877 1436 et
908 1390 1127 1438 relevare
1158 1407 1246 1437 nos
1275 1407 1302 1437 a
1337 1389 1510 1438 debitis
1541 1406 1656 1454 pec-

30 1470 255 1524 ntorum,
289 1463 457 1526 quibus
487 1460 578 1509 deo
613 1460 956 1517 detinebamur,
988 1460 1029 1507 si
1061 1461 1198 1507 nobis
1227 1460 1275 1507 id
1309 1460 1548 1508 dominica
1580 1477 1656 1507 ra-

37 1536 149 1584 iene
195 1534 493 1590 conferrent,
526 1540 580 1579 ut.
607 1548 711 1579 cum
744 1532 985 1594 coepisset
1021 1530 1077 1577 ab
1118 1532 1189 1577 his
1231 1528 1446 1578 deficere
1484 1533 1652 1594 gratia,

78 1684 234 1740 'herum
273 1675 491 1736 Quamvis
510 1690 632 1722 nunc
650 1683 757 1738 puta
775 1673 911 1720 aliam
932 1674 1375 1735 interpretationem
1395 1672 1657 1736 parabolae

32 1747 367 1800 summatim
398 1746 557 1803 istius,
591 1743 696 1792 dum
730 1745 852 1791 scias
879 1743 1137 1791 verisimile
1173 1760 1266 1789 non
1301 1759 1424 1801 esse,
1458 1753 1508 1790 ut
1541 1759 1658 1790 con-

34 1833 243 1866 ·tussores
273 1817 447 1874 nostri,
479 1817 528 1863 in
558 1815 808 1862 amicitiam
841 1812 1024 1861 redacti
1057 1829 1144 1876 per
1167 1830 1496 1871 mammonam,
1531 1815 1660 1860 reci-

34 1889 151 1938 niant
174 1897 284 1935 tunc
310 1904 395 1934 nos
420 1887 468 1932 in
486 1885 792 1932 tabernacula
816 1893 1027 1932 aeterna.
1069 1882 1165 1930 Sed
1185 1883 1291 1948 quid
1321 1901 1412 1931 non
1433 1884 1658 1930 timiditas

36 1958 359 2008 oet-suadebit?
390 1957 520 2021 quasi
547 1965 594 2003 et
618 1955 785 2019 fugere
811 1956 1045 2018 scriptura
1071 1955 1313 2018 permittat
1338 1963 1387 2002 et
1419 1954 1658 2002 redimere

24 2030 303 2093 ,wraecipiah
358 2027 526 2075 Parum
551 2025 753 2090 denique
781 2025 866 2083 es‘t,
901 2026 940 2071 si
967 2042 1082 2071 unus
1107 2034 1188 2071 aut
1219 2026 1340 2072 alius
1372 2026 1438 2071 ita
1462 2026 1658 2072 eruitur.

24 2099 293 2161 ,Ulassaliter
313 2106 445 2145 totae
470 2097 707 2144 ecclesiae
739 2096 961 2143 tributum
988 2095 1074 2142 sibi
1095 2097 1442 2158 irrogaverunt.
1476 2095 1659 2142 Nescio

36 2169 280 2219 {olendum
312 2185 371 2217 an
406 2166 782 2217 erubescendum
815 2168 898 2224 sit,
947 2181 1052 2213 cum
1091 2168 1138 2212 in
1171 2166 1446 2214 matricibus
1478 2166 1662 2214 benefi-

28 2241 281 2301 ciariorum
313 2248 362 2287 et
393 2239 709 2295 curiosorum,
759 2239 884 2284 inter
916 2236 1212 2284 tabernarios
1246 2246 1293 2283 et
1324 2237 1475 2283 lanios
1509 2245 1558 2284 et
1590 2237 1663 2282 fu-

36 2308 109 2369 θέε
153 2310 424 2358 balnearum
471 2317 519 2357 et
563 2309 758 2356 aleones
798 2317 845 2354 et
891 2308 1111 2364 lenones,
1169 2307 1425 2354 Christiani
1475 2322 1661 2369 quoque

38 2381 292 2445 vectigales
324 2383 644 2427 continentur.
720 2378 848 2426 Hanc
882 2378 1177 2441 episcopatui
1212 2379 1409 2423 formam
1440 2375 1662 2439 Apostoli

112 2511 115 2513 ,
147 2451 350 2499 idonius
384 2449 718 2506 condiderunt,
754 2458 801 2495 ut
831 2464 983 2510 regno
1019 2464 1102 2494 suo
1137 2448 1294 2493 securi
1327 2447 1418 2492 frui
1450 2455 1663 2509 possent,

34 2519 335 2578 *issi-‘obtentu
358 2518 675 2584 procurandi?
689 2520 734 2580 4)
785 2518 983 2566 Scilicet
1017 2519 1137 2564 enim
1164 2518 1496 2579 talem’paccm
1526 2517 1663 2563 Chri-

38 2596 132 2640 stus
161 2591 219 2640 ad
251 2601 428 2654 patrem
462 2589 745 2654 regrediens
787 2587 1024 2635 mandavit
1060 2604 1084 2634 a
1118 2587 1342 2633 militibus
1381 2602 1468 2650 per
1501 2585 1667 2634 Satur-

41 2659 194 2719 &litia
232 2659 576 2709 redimendam!

63 2733 105 2781 ‘⁷1
167 2735 258 2782 ’14.
323 2730 420 2778 Sed
459 2729 692 2795 quomodo
735 2729 1037 2792 colligemUS,
1085 2727 1259 2790 InquiS,
1303 2725 1568 2790 quomodo
1578 2726 1663 2774 do-

31 2799 208 2852 miinica
232 2801 476 2848 sollemnia
502 2799 867 2848 celebrabimus!
903 2798 1073 2860 Utique
1101 2796 1334 2860 quomodo
1361 2806 1408 2844 et
1423 2795 1665 2861 Apostoli,

79 2899 100 2913 5

66 3009 117 3031 ,-
155 2983 201 3033 1)
231 2984 334 3021 Luc.
352 2985 392 3028 6,
416 2984 481 3020 29.
585 2982 638 3028 2)
677 2983 726 3018 V.
760 2980 1257 3028 pronuntiationum
1297 2981 1476 3018 inseruit
1511 2981 1666 3028 Rigalt.

34 3039 172 3088 men.
197 3039 424 3088 cogitando
454 3038 638 3086 suppleri
666 3038 800 3075 iubet:
845 3037 1166 3074 sententiamm.
1313 3037 1358 3084 3)
1390 3039 1491 3075 Luc.
1513 3039 1586 3083 16,
1626 3039 1666 3072 9.

31 3094 368 3146 *ramea-ule·-
392 3095 500 3133 coni.
524 3106 561 3134 v.
588 3105 759 3142 pacem
788 3094 855 3131 hie
875 3093 1087 3131 excidisse
1113 3105 1161 3131 ac
1184 3094 1491 3131 restituendum
1513 3104 1622 3130 esse.
1657 3092 1669 3102 ⁶

50 1604 94 1656 ἆ
122 1613 329 1654 nostram
367 1602 507 1652 fidem
545 1603 841 1667 refugientes
880 1603 1216 1665 reciperentur
1253 1603 1299 1648 in
1349 1601 1658 1649 tabernacula
1728 1602 1735 1607 ’
