1942 3554
563 223 646 263 DE
674 221 1080 263 MONOGAMIA.
1156 241 1164 250 ·
1508 217 1626 263 11?

50 349 55 352 “
120 348 196 398 ἐς
230 345 368 386 erunt
397 335 456 386 de
488 338 763 389 animalibus
792 338 1062 386 volatilibus
1092 334 1347 385 secundum
1377 352 1546 401 genus,
1572 345 1621 385 et

35 448 38 449 γ
87 409 316 457 ·omnibus
361 410 656 474 serpentibus
702 403 860 457 terrae
907 407 1160 458 secundum
1199 424 1345 471 genus
1383 410 1616 473 ipsorum,

32 483 189 533 ἀΨΧ
232 479 445 528 omnibus
490 481 751 528 introibunt
794 479 854 528 ad
891 490 960 539 te,
1008 480 1238 528 masculus
1276 488 1324 527 et
1360 480 1536 534 femina
1552 480 1615 538 1).

40 552 83 616 ,Ῐ
113 566 174 598 ιιι
204 550 357 598 forma
387 559 437 598 et
466 560 663 615 septena
694 568 754 599 ex
782 551 905 599 binis
936 552 1079 614 allegi
1109 549 1300 598 mandat
1330 566 1390 598 ex
1407 549 1615 596 masculo

66 622 259 685 Ὶὲιιιίιιιι,
291 638 383 669 uno
416 627 473 669 et¹
495 639 601 669 una.
644 622 763 681 Quid
794 623 987 686 amplius
1019 622 1202 669 dicam?
1230 619 1475 668 immundis
1501 636 1615 683 quo-

58 707 90 753 ἢ,
114 692 302 741 alitibus
334 709 437 740 cum
466 692 590 740 binis
621 694 805 741 feminis
834 694 1033 740 introire
1064 709 1157 739 non
1188 691 1336 741 licuit.

79 757 93 789 ²·
133 767 182 815 5.
257 762 387 811 Haec
434 773 651 828 quantum
697 763 756 811 ad
799 761 1161 828 primordiorum
1206 763 1520 810 testimonium
1552 773 1601 811 et

221 843 411 882 nostrae
443 836 753 898 patrocinium
785 843 833 882 et
865 833 1049 881 divinae
1082 834 1386 881 institutionis
1424 833 1613 896 praeiu-

28 931 33 944 ·-
64 899 73 908 ”
123 921 180 964 m,
215 921 332 970 quae
364 906 523 970 utique
555 906 634 953 lex
663 915 749 964 est,
772 921 877 951 ·non
914 906 1267 963 monimentum,
1317 904 1532 967 quoniam
1571 904 1612 950 si

42 1000 45 1002 ·
71 975 260 1042 „factum
281 985 364 1024 ·est
394 993 422 1024 a
451 968 727 1041 primordio,
761 977 1017 1025 invenimus
1049 992 1134 1023 nos
1165 974 1224 1022 ad
1255 976 1435 1022 initium
1469 973 1610 1036 dirigi

48 1045 254 1107 bristo,
287 1049 410 1096 sicut
439 1048 487 1094 in
519 1049 792 1111 quaestione
824 1046 1024 1111 repudii,
1059 1046 1237 1104 dicens,
1270 1044 1385 1093 illud
1415 1054 1612 1112 propter

50 1149 54 1152 -
98 1119 206 1166 tiam
238 1119 443 1182 ipsorum
476 1134 504 1165 a
532 1118 698 1183 Moyse
731 1134 835 1166 esse
865 1119 1163 1182 permissum,
1196 1118 1253 1165 ab
1286 1118 1421 1164 initio
1453 1125 1609 1164 autem

20 1188 83 1252 t*
121 1190 188 1236 ita
225 1189 392 1247 fuisse,
440 1190 540 1237 siue
572 1188 712 1237 dubio
759 1188 818 1236 ad
863 1190 1042 1236 initium
1087 1198 1284 1236 revocat
1327 1188 1610 1235 matrimonii

33 1254 375 1308 ividuitatem.
445 1259 651 1324 Ideoque
693 1276 807 1324 quos
845 1259 959 1307 deus
1005 1260 1061 1307 ab
1108 1261 1242 1307 initio
1283 1260 1526 1307 coniunxit
1563 1259 1610 1304 in

19 1346 126 1378 iam
158 1347 348 1379 carnem
380 1329 512 1388 duos,
546 1330 687 1379 hodie
717 1331 857 1379 homo
888 1347 982 1377 nen
1013 1330 1254 1395 separabit
1269 1332 1333 1391 2).
1403 1329 1532 1377 Dicit
1562 1338 1611 1376 et

16 1431 20 1443 =
53 1402 226 1449 tolus
252 1402 468 1450 scribens
499 1401 559 1448 ad
589 1401 822 1466 Ephesios
838 1403 903 1462 3),
937 1401 1072 1449 deum
1103 1403 1406 1465 proposuisse
1446 1402 1493 1446 in
1533 1416 1608 1447 se-

15 1471 182 1536 ..'‘'pso
213 1471 274 1519 ad
312 1471 711 1536 dispensationem
741 1470 1087 1536 adimpletionis
1118 1477 1402 1536 temporum',
1437 1470 1496 1518 ad
1529 1487 1607 1518 ca-

15 1554 18 1556 ’
45 1539 70 1607 J
97 1541 146 1590 id
163 1551 234 1590 est
249 1542 310 1591 ad
325 1544 504 1590 initium
522 1545 826 1607 reciprocare
844 1544 1063 1593 universa
1079 1544 1126 1589 in
1138 1541 1342 1601 Christo,
1364 1559 1481 1607 quae
1502 1551 1609 1588 sunt

6 1635 25 1673 g
142 1615 304 1662 coelos
321 1623 370 1663 et
381 1630 534 1683 'super
549 1623 700 1673 terras
717 1615 764 1661 in
781 1615 899 1678 ipso.
950 1612 1030 1662 Sic
1050 1623 1097 1661 et
1115 1613 1228 1662 duas
1249 1613 1481 1662 Graeciae
1500 1613 1607 1660 lite-

51 1681 63 1733 ]
107 1702 327 1733 summam
358 1695 407 1734 et
436 1686 664 1744 ultimam,
697 1686 785 1735 sibi
815 1684 966 1732 induit
997 1685 1223 1744 dominus,
1256 1687 1377 1733 initii
1416 1694 1464 1733 et
1501 1684 1606 1730 finis

43 1758 362 1805 'currentium
392 1758 440 1804 in
471 1768 534 1804 se·
554 1757 743 1819 figuras,
773 1757 857 1814 uti,
892 1755 1276 1820 quemadmodum
1308 1775 1339 1804 α
1371 1755 1430 1803 ad
1461 1777 1498 1805 ω
1528 1772 1605 1802 us-

49 1851 75 1895 s
99 1828 303 1877 volvitur
339 1837 389 1876 et
425 1844 584 1876 rursus
622 1847 659 1875 ω
689 1825 749 1874 ad
780 1846 812 1876 α
842 1828 1102 1890 replicatur
1118 1828 1189 1887 4),
1230 1829 1296 1874 ita
1330 1826 1606 1874 ostenderet

39 1895 104 1942 ῗῖει
140 1915 245 1947 esse
277 1907 328 1946 et
355 1899 483 1946 initii
509 1897 753 1945 decursum
785 1897 844 1944 ad
876 1898 1030 1956 finem,
1064 1906 1114 1945 et
1143 1898 1246 1944 finis
1277 1914 1518 1945 recursum
1543 1895 1604 1944 ad

0 1969 183 2029 ιδ’·ἰιιιις
221 1979 275 2016 ut
318 1970 465 2016 omnis
510 1967 763 2033 dispositio,
802 1970 850 2015 in
882 1986 990 2022 (eum
1037 1968 1286 2026 desinens,
1334 1985 1422 2032 per
1467 1985 1603 2032 quem

70 2050 152 2106 pta
183 2048 269 2098 est,
301 2052 679 2104 per'sermonem
711 2040 898 2087 scillcet
927 2039 1026 2099 dei,
1068 2041 1144 2103 qui
1185 2056 1296 2087 caro
1329 2042 1481 2087 factus
1514 2049 1599 2097 cst,

0 2107 178 2163 “binde
231 2109 436 2169 desinat,
483 2109 867 2175 quemadmodum
914 2120 962 2158 et
1009 2112 1180 2174 coepit.
1270 2110 1332 2158 Et
1387 2110 1507 2159 adeo
1554 2113 1601 2158 in

0 2181 170 2246 BiriSto
202 2183 357 2230 omnia
378 2190 670 2231 revocantur
699 2180 758 2230 ad
789 2183 983 2239 initium,
1016 2191 1068 2229 ut
1098 2190 1146 2229 et
1177 2181 1293 2230 fides
1316 2198 1507 2230 reversa
1541 2184 1602 2229 sit

4 2260 8 2281 ³
69 2253 396 2307 ‘rcumcisione
435 2251 494 2300 ad
524 2254 842 2317 integritatem
875 2255 1029 2301 carnis
1066 2254 1205 2310 illius,
1224 2255 1346 2301 sicut
1375 2254 1433 2301 ab
1465 2254 1599 2301 initio

99 2333 148 2372 et
164 2325 358 2372 libertas
383 2324 593 2372 ciborum
625 2333 684 2372 et
703 2325 943 2388 sanguinis
968 2325 1111 2372 solius
1143 2325 1442 2383 abstinentia,
1477 2326 1599 2372 sicut

11 2400 13 2404 ’
46 2386 186 2446 mitio
203 2396 307 2453 fuit,
326 2404 376 2443 et
389 2396 671 2443 matrimonii
694 2395 1010 2453 individuitas,
1038 2397 1160 2443 sicut
1177 2396 1235 2443 ab
1261 2396 1395 2442 initio
1421 2396 1522 2453 fuit,
1550 2404 1599 2442 et

20 2502 26 2526 3
77 2464 161 2514 dii
192 2466 436 2525 cohibitio,
469 2464 592 2531 quod
622 2465 687 2514 ab
711 2468 845 2514 initio
877 2483 970 2513 non
1001 2468 1102 2522 fuit,
1137 2475 1185 2512 et
1207 2475 1446 2529 postremo
1472 2474 1598 2512 totus

0 2587 2 2589 ,
47 2549 74 2596 j:
100 2558 107 2579 ι
149 2538 196 2584 in
226 2536 490 2601 paradisum
520 2546 788 2594 revocatur,
821 2537 899 2583 ubi
931 2537 988 2583 ab
1022 2538 1156 2583 initio
1188 2538 1290 2599 fuit.
1353 2535 1449 2583 Cur
1479 2552 1596 2599 ergo

61 2606 405 2671 {monogamum
435 2608 523 2655 illo
546 2625 640 2655 non
671 2607 843 2656 debeat
871 2605 1022 2654 Adam
1053 2608 1252 2664 referre,
1287 2606 1364 2670 qui
1394 2624 1487 2654 non
1512 2624 1597 2670 po-

15 2714 18 2716 .
58 2674 80 2723 ’τ
98 2686 194 2726 tam
224 2679 457 2742 integrum
486 2687 746 2742 praestare,
782 2693 915 2742 quam
947 2676 1056 2724 inde
1089 2679 1252 2724 missus
1285 2680 1387 2724 est?
1439 2677 1596 2737 Quan-

21 2741 309 2815 'bipertinet
345 2751 502 2812 itaque
534 2748 593 2796 ad
624 2750 747 2795 initii
784 2750 1160 2806 restitutionem,
1208 2747 1256 2795 id
1295 2765 1323 2795 a
1360 2758 1407 2795 te
1447 2750 1597 2812 exigit

0 2822 15 2882 j
62 2820 376 2903 ..ff-»positionis
407 2828 456 2866 et
485 2821 586 2883 spei
616 2828 723 2866 tuae
754 2820 894 2876 ratio,
928 2818 1051 2882 quod
1082 2819 1139 2865 ab
1173 2820 1304 2866 initio
1322 2820 1418 2866 fuit
1426 2836 1594 2868 secun-

11 2903 16 2921 ⁴
61 2882 89 2925 Ὗ·
114 2890 315 2947 initium,
349 2889 472 2954 quod
503 2890 588 2936 tibi
620 2899 669 2936 et
698 2891 745 2936 in
774 2888 926 2936 Adam
960 2898 1180 2937 censetur
1217 2898 1265 2936 et
1301 2890 1348 2936 in
1378 2889 1488 2938 Noe·
1518 2908 1594 2939 re-

106 2970 215 3008 ·tur.
290 2959 451 3022 Elige,
498 2961 545 3007 in
585 2976 674 3023 quo
714 2976 876 3008 eorum
906 2961 1085 3007 initium
1122 2970 1248 3007 tuum
1280 2959 1499 3025 depute53
1546 2964 1593 3010 in

5 3035 7 3039 ’
50 3023 200 3094 g'ruse
237 3040 284 3078 te
323 3031 410 3079 sibi
448 3032 771 3094 monogamiae
812 3047 1010 3078 censura
1048 3030 1272 3079 defendit.
1334 3031 1431 3080 Sed
1471 3036 1595 3091 etsi

58 3158 62 3194 7
90 3158 136 3208 1)
158 3160 260 3197 Gen.
285 3156 324 3206 ὅ,
352 3161 402 3196 19
425 3170 510 3206 sqq.
663 3157 704 3208 2)
726 3159 874 3197 Matth.
901 3161 967 3209 19,
993 3161 1015 3196 6
1042 3170 1129 3206 sqq.
1283 3156 1325 3208 3)
1351 3160 1459 3208 Eph.
1487 3166 1525 3210 1,
1554 3165 1592 3199 9.

0 3227 11 3249 t
71 3217 205 3264 pocal.
226 3219 264 3266 1,
283 3219 320 3255 8.
336 3217 402 3266 22,
422 3217 484 3253 13.
