1942 3554
568 235 651 273 DE
678 234 1018 272 PUDICITIA.
1472 230 1596 277 153

34 356 54 368 ·“
86 354 99 396 ‘f
128 356 324 405 eftenus
351 345 642 411 delinquant,
674 348 903 395 facientes
933 345 1121 409 dignum
1150 347 1468 411 poenitentiae
1498 347 1597 394 fru-

84 469 89 471 ,
190 416 310 478 Quid
339 418 461 465 enim
491 433 553 465 ex
579 418 869 482 poenitentia
892 418 1185 474 maturescit,
1219 433 1352 480 quam
1378 416 1598 464 emenda-

90 510 122 531 ·:
159 489 386 537 effectus?
444 485 541 535 Sed
572 489 660 535 etsi
689 489 826 535 venia
854 488 1012 551 potius
1043 496 1116 534 est
1151 489 1470 569 poenitentiae
1500 489 1600 536 fru-

111 589 114 592 «
171 559 293 607 hanc
343 573 524 622 quoque
585 559 842 605 consistere
896 574 988 606 non
1034 558 1147 604 licet
1190 559 1288 606 sine
1336 559 1600 607 cessatione

114 620 297 677 ti.-1ta
327 630 529 677 cessatio
561 627 724 676 delicti
767 627 903 675 radix
947 636 1018 675 est
1061 630 1251 685 veniae,
1297 637 1348 675 ut
1375 630 1512 676 venia
1541 631 1603 677 sit

85 699 304 752 tentiae
333 699 528 747 fructus.

96 760 211 821 11.
269 767 452 830 Exinde
485 768 608 832 quod
639 763 704 815 ad
742 769 1032 830 evangelium
1077 769 1304 831 pertinet,
1350 769 1602 832 parabola-

51 838 302 905 ’,ιῙιιίιίθιιι
332 838 542 887 discussa
570 840 660 885 iam
705 841 916 902 quaestio
956 847 1041 884 est.
1118 836 1170 884 Si
1213 855 1326 886 vero
1373 848 1421 886 et
1463 840 1605 886 factis

30 927 37 932 ·
81 908 161 966 „··‹l
190 910 285 958 tale
314 907 402 973 pro
430 909 761 972 peccatoribus
793 908 939 955 edidit
963 907 1196 966 dominus,
1228 918 1279 956 ut
1304 925 1405 955 cum
1429 925 1604 973 pecca-

14 977 81 1020 ³⁹,
123 981 324 1029 feminae
355 978 495 1027 etiam
527 980 740 1042 corporis
771 979 839 1025 sui
872 988 1138 1026 contactum
1168 980 1398 1043 permittit
1428 981 1603 1027 lavanti

90 1051 192 1103 ⁸·‚is
220 1049 367 1115 pedes
397 1050 496 1097 eius
527 1057 576 1096 et
607 1050 810 1096 crinibus
842 1048 1130 1111 detergenti,
1172 1059 1220 1096 et
1257 1059 1496 1113 unguento
1529 1066 1607 1098 se-

59 1117 61 1119 *
99 1138 216 1170 ram
235 1121 389 1203 ‘ipsius
418 1121 738 1183 inauguranti,
771 1128 822 1166 ut
853 1136 955 1167 cum
988 1118 1312 1167 Samaritanae
1344 1129 1479 1167 sexto
1511 1122 1605 1167 iam

136 1214 155 1235 ι
171 1192 304 1248 onio,
336 1206 429 1238 non
459 1190 709 1247 moechae,
741 1188 824 1237 sed
854 1192 1155 1253 prostitutae,
1196 1192 1336 1239 etiam
1369 1189 1492 1254 quod
1522 1206 1606 1238 ne-

7 1240 58 1299 ᾔ
82 1264 98 1311 ἰ
127 1262 292 1321 facile,
325 1261 425 1324 quis
456 1269 582 1308 esset
612 1259 817 1307 ostendit
833 1262 905 1321 1)
950 1258 1063 1307 nihil
1101 1277 1162 1307 ex
1198 1261 1289 1308 hoc
1320 1260 1605 1308 adversariis

7 1333 254 1389 safertur,
292 1331 382 1379 etsi
425 1329 517 1378 iam
556 1330 834 1378 Christianis
870 1332 1052 1378 veniam
1093 1329 1372 1378 delictorum
1403 1332 1604 1395 praesti-

37 1424 41 1429 *
85 1411 139 1450 t.
197 1400 336 1450 Nunc
368 1402 489 1448 enim
521 1400 738 1449 dicimus:
784 1401 874 1448 soli
913 1400 1100 1448 domino
1146 1402 1236 1448 hoc
1283 1402 1416 1459 licet,
1463 1400 1606 1449 hodie

5 1452 54 1493 ἢ·
74 1481 197 1528 ‘stas
225 1471 544 1534 indulgentiae
575 1473 674 1519 eius
706 1480 943 1535 operetur.
988 1470 1066 1518 Ad
1089 1472 1169 1518 illa
1192 1481 1347 1519 tamen
1378 1481 1606 1536 tempora,

195 1543 244 1591 in
287 1543 428 1590 terris
473 1543 593 1604 egit,
644 1542 736 1589 hoc
783 1541 1026 1589 definimus
1071 1543 1184 1589 nihil
1230 1542 1475 1589 adversum
1520 1559 1606 1590 nos

22 1651 23 1655 ,
84 1612 339 1672 iudicare,
385 1613 426 1659 si
469 1613 800 1676 peccatoribus
831 1614 971 1660 etiam
1005 1611 1190 1660 Iudaeis
1219 1614 1355 1674 venja
1390 1613 1612 1661 confere-

68 1690 106 1732 ’.
131 1699 145 1733 .·
185 1683 451 1731 Christiana
475 1682 873 1746 enimdisciplina
903 1699 931 1730 a
960 1685 1211 1730 novatione
1235 1685 1528 1741 testamenti,
1562 1692 1612 1732 et

134 1755 411 1811 emisimus,
439 1769 468 1800 a
497 1752 820 1817 redemptione
853 1755 1030 1810 carnis,
1078 1753 1126 1800 id
1172 1763 1244 1800 est
1289 1753 1464 1800 domini
1502 1770 1612 1818 pas-

6 1875 8 1878 ,
93 1847 111 1859 2
168 1833 404 1874 censetur.
476 1823 629 1871 Nemo
674 1825 914 1887 perfectus
958 1832 1066 1871 ante
1111 1833 1350 1888 repertum
1396 1823 1612 1871 ordinem

2 1901 39 1965 3ss
87 1920 111 1956 Α,
154 1911 290 1943 nemo
337 1894 627 1942 Christianus
673 1904 780 1941 ante
829 1894 1062 1941 Christum
1116 1896 1256 1942 coelo
1307 1903 1608 1957 resumptum,

2 1966 26 2019 '⁷
59 1983 127 2022 ,ιο
159 1973 346 2013 sanctus
375 1973 484 2012 ante
515 1965 725 2028 spiritum
756 1974 964 2012 sanctum
1011 1963 1068 2014 de
1109 1965 1245 2012 coelo
1277 1973 1610 2028 repraesenta-

19 2084 21 2086 ,
55 2060 73 2079 .ι
115 2037 259 2100 ipsius
289 2033 562 2114 disciplinae
595 2033 1022 2083 determinatorem.

58 2140 78 2166 ;.
134 2105 469 2169 1201taque
482 2106 559 2153 isti
604 2106 681 2169 qui
725 2106 881 2153 alium
902 2106 1190 2169 paracletum
1227 2106 1275 2152 in
1306 2106 1531 2169 apostolis
1562 2114 1613 2154 et

65 2170 67 2174 ¹
70 2176 347 2240 apostolos
375 2184 680 2257 receperunt,
714 2192 848 2240 quem
880 2192 968 2223 nec
999 2177 1046 2223 in
1076 2176 1320 2240 prophetis
1350 2177 1548 2240 propius
1561 2178 1612 2235 2)

4 2310 5 2313 Ἴ
79 2246 100 2261 ’
134 2263 220 2304 ιιι,
251 2247 342 2294 iam
370 2261 460 2299 nec
490 2247 538 2293 in
567 2248 793 2310 apostolis
823 2245 1111 2310 possident.
1136 2262 1225 2309 age
1271 2262 1392 2294 nunc
1436 2246 1513 2293 vel
1552 2245 1615 2294 de

68 2327 112 2375 J:
141 2317 253 2365 lico
283 2317 589 2365 instrumento
614 2315 819 2364 doceant
843 2317 1048 2365 maculas
1074 2318 1229 2366 carnis
1251 2326 1361 2381 post
1382 2317 1613 2380 baptisma

23 2388 26 2390 ’
68 2398 238 2456 'sn-sae
268 2388 563 2451 poenitentia
590 2385 703 2434 dilui
732 2403 887 2455 posse.
948 2387 1050 2435 Nos
1087 2389 1134 2434 in
1166 2388 1394 2451 apostolis
1426 2402 1616 2450 quoque

150 2458 318 2520 legis
343 2456 542 2505 formam
568 2458 840 2515 salutamus,
889 2459 1019 2506 circa
1063 2458 1309 2504 moechiae
1352 2465 1523 2519 quanta
1555 2457 1614 2503 sit

115 2493 461 2585 2ustrationem‚
505 2543 564 2575 ne
609 2528 733 2574 forte
780 2529 934 2574 lenior
978 2528 1272 2575 existimetur
1314 2527 1361 2572 in
1400 2527 1610 2573 novitate

89 2598 366 2655 'linai-um,
412 2613 544 2661 quam
589 2599 636 2645 in
679 2605 928 2645 vetustate.
1005 2597 1135 2643 Cum·
1162 2598 1356 2660 primum
1410 2597 1615 2643 intonuit

97 2669 287 2730 elium
317 2675 368 2715 et
387 2676 557 2729 .vetera
587 2669 846 2725 concussit,
891 2675 943 2714 ut
972 2665 1030 2714 de
1056 2668 1174 2729 legis
1198 2665 1475 2714 retinendae
1500 2683 1613 2714 nec·-

100 2754 105 2770 ⁵
147 2747 272 2790 statu
299 2736 666 2802 disceptaretur,
698 2739 891 2801 primam
921 2737 1041 2784 hanc
1071 2738 1284 2799 regulam
1316 2735 1374 2784 de
1404 2739 1613 2784 auctori-

4 2862 12 2870 „
103 2805 140 2861 gt
163 2810 317 2860 inritus
342 2809 493 2855 sancti
523 2808 724 2871 apostoli
754 2810 968 2858 emittunt
997 2806 1056 2854 ad
1088 2823 1192 2865 eos,
1226 2808 1418 2871 qui—iam
1444 2823 1505 2855 ex
1529 2824 1615 2854 na-

27 2880 28 2883 ’
243 2872 386 2941 allegi
432 2887 703 2942 coeperant.
776 2878 939 2927 Visum
989 2886 1083 2935 est„
1136 2878 1369 2942 inquiunt,
1429 2879 1616 2942 spiritui

101 3010 119 3042 2
137 3001 164 3059 )
187 3006 292 3044 Luc.
311 3006 351 3053 7,
377 3006 429 3043 37
445 3016 504 3052 aq.
562 3006 710 3043 Matth.
729 3006 795 3054 26,
815 3007 837 3042 1
857 3017 943 3052 sqq.
1001 3006 1059 3044 Io.
1077 3006 1114 3054 4,
1135 3007 1159 3042 ‘1
1184 3016 1270 3052 sqq.
1397 3002 1445 3058 2)
1468 3007 1531 3043 lta
1549 3006 1612 3043 ed.

102 3102 109 3109 ‚
144 3090 147 3095 .
175 3061 340 3108 lunius,
373 3061 521 3110 Semi„
551 3063 767 3109 Neander3
798 3061 1007 3099 Panaetius
1035 3065 1076 3099 et
1101 3062 1189 3110 Rig.
1217 3062 1465 3109 proprius
1498 3062 1543 3110 (i.
1576 3074 1614 3100 e.

114 3155 127 3166 ὲ
146 3114 360 3168 proprie);
392 3118 556 3156 Gelen.:
589 3119 837 3167 propriis.
982 3118 1026 3166 2)
1067 3129 1234 3156 necne
1262 3120 1441 3157 debetur·
1467 3115 1611 3156 emen-

103 3179 130 3225 js
144 3184 168 3212 e
182 3173 376 3224 Rigaltii;
409 3174 596 3221 reliquae
613 3175 701 3212 edd.
717 3187 822 3213 nec.
853 3176 914 3213 cf.
934 3186 1023 3222 cap.
1042 3175 1107 3211 21.
