1942 3554
327 220 441 270 188
749 215 839 258 DE
870 218 1159 256 CORONA
1197 218 1503 256 M1L1Tls.

315 364 548 424 scriptum
581 367 675 417 est,
708 367 759 406 ut
782 358 1109 406 coronemur?
1131 355 1496 421 Expostulantes
1528 356 1650 406 enim
1680 357 1942 422 scripturae

321 431 633 492 patrocinium
678 430 724 475 in
770 436 902 491 parte
950 426 1158 484 diversa,
1212 425 1541 490 praeiudicant
1590 443 1703 477 suae
1756 443 1942 492 quoque

320 501 443 563 parti
475 500 738 562 scripturae
771 498 1086 561 patrocinium
1117 495 1286 544 adesse
1319 495 1513 545 debere.
1599 497 1721 546 Nam
1760 499 1800 545 si
1830 496 1942 548 ideo

324 569 508 616 dicetur
541 569 760 615 coronari
786 568 956 625 licere,
991 568 1097 631 quia
1121 583 1213 614 non
1237 566 1487 630 prohibeat
1511 569 1757 631 scriptura,
1790 583 1942 632 aeque

323 639 677 702 retorquebitur
708 637 817 685 ideo
851 638 1072 684 coronari
1104 653 1195 683 non
1228 637 1399 695 licere,
1441 638 1547 701 quia
1585 639 1817 701 scriptura
1849 640 1942 688 no'im

323 710 497 756 iubeat.
575 707 696 767 Quid
735 708 879 755 faciet
911 707 1188 770 disciplina?
1239 715 1481 770 utrumque
1529 709 1759 772 recipiet,
1808 703 1942 771 quasi

321 788 533 826 neutrum
565 778 848 842 prohibitum
880 779 969 824 sit?
998 794 1056 824 an
1087 786 1237 824 utrum
1270 793 1358 841 que
1391 778 1601 836 reiiciet,
1647 778 1780 842 quasi
1825 793 1939 827 neu-

320 858 439 895 trum
471 858 777 911 praeceptum
809 849 897 894 sit?
935 846 1033 895 Sed
1064 846 1187 910 quod
1219 863 1311 894 non
1342 846 1641 909 prohibetur,
1679 847 1802 895 ultro
1832 862 1942 911 per·-

319 919 506 965 missum
540 927 637 976 est3
680 919 770 964 imo
806 917 1080 980 prohibetur
1111 916 1236 981 quod
1267 934 1357 964 non
1389 917 1510 964 ultro
1543 927 1617 966 est
1645 918 1940 981 permissum}

461 992 508 1038 3.
583 988 644 1034 Et
688 986 905 1051 quamdiu
950 1003 1037 1050 per
1079 987 1198 1034 hanc
1245 987 1415 1034 lineam
1461 1003 1637 1035 serram
1668 989 1942 1052 reciproca*

321 1058 493 1115 bimus,
551 1057 779 1105 habentes
827 1058 1207 1104 observationem
1253 1058 1582 1115 inveteratam,
1637 1073 1755 1121 quae
1801 1073 1942 1120 prae.—

320 1126 556 1175 veniendo
591 1137 759 1173 statum
797 1129 942 1174 fecit?
982 1127 1111 1174 Hanc
1145 1128 1185 1173 si
1224 1127 1350 1173 nulla
1386 1127 1619 1189 scriptura
1656 1126 1942 1184 determina,-

319 1199 408 1254 vit,
451 1206 582 1243 certe
631 1196 923 1243 consuetudo
972 1196 1323 1253 corroboravit,
1380 1210 1497 1259 quae
1544 1197 1644 1243 sine
1692 1195 1832 1243 dubio
1881 1194 1942 1245 de÷

315 1266 575 1314 traditione
617 1267 833 1313 manavit.
919 1265 1161 1324 Quomodo
1203 1267 1325 1312 enim
1364 1267 1575 1329 usurpari
1614 1265 1725 1330 quid
1762 1275 1942 1329 potest,

318 1338 360 1383 si
392 1335 609 1382 traditum
641 1336 767 1398 prius
800 1353 891 1382 non
925 1338 1028 1382 est?
1060 1335 1211 1382 Etiam
1244 1336 1291 1381 in
1317 1334 1583 1383 traditionis
1614 1337 1808 1383 obtentu
1839 1335 1942 1384 exi--

321 1405 476 1470 genda
508 1415 601 1463 est,
641 1407 814 1469 inquis,
855 1407 1110 1454 auctoritas
1141 1406 1332 1468 scripta.
1409 1405 1548 1470 Ergo·
1573 1410 1849 1470 quaeramus
1879 1420 1942 1467 am

323 1486 372 1524 et
405 1475 593 1522 traditio
627 1477 717 1523 nisi
749 1477 925 1538 scripta
964 1475 1009 1539 ¹)
1048 1492 1140 1522 non
1174 1475 1347 1522 debeat
1375 1477 1541 1540 recipi.
1616 1475 1762 1524 Plane
1793 1484 1936 1539 nega*-

318 1547 468 1593 bimus
523 1544 864 1608 recipiendam,
933 1546 970 1592 si
1025 1545 1150 1592 nulla
1211 1546 1426 1609 exempla
1476 1545 1803 1609 praeiudicent
1852 1541 1937 1597 alie

316 1632 450 1663 arum
498 1615 900 1673 observationum,
956 1632 1069 1679 quas
1115 1616 1216 1663 sine
1263 1616 1398 1662 ullius
1459 1617 1720 1679 scripturae
1765 1617 1936 1687 instra-4·

319 1695 476 1734 mento
510 1685 654 1732 solius
685 1684 953 1733 traditionis
987 1686 1144 1742 titulo,
1187 1684 1358 1732 exinde
1398 1685 1749 1733 consuetudinis
1779 1694 1936 1748 patro-

319 1758 444 1803 cinio
470 1754 773 1802 vindicamus.
813 1755 1028 1819 Denique
1060 1764 1110 1801 ut
1132 1771 1159 1800 a
1182 1754 1459 1817 baptismate
1483 1754 1738 1817 ingrediar,
1772 1771 1934 1819 aquam

317 1825 512 1883 adituri,
554 1824 749 1883 ibidem,
797 1825 880 1871 sed
914 1833 961 1872 et
991 1826 1230 1888 aliquanto
1261 1826 1390 1888 prius
1423 1827 1470 1871 in
1502 1825 1710 1873 ecclesia
1740 1825 1824 1872 sub
1855 1824 1936 1888 auli

317 1896 477 1942 tistitis
509 1911 644 1941 manu
677 1904 1015 1953 contestamur,
1050 1911 1134 1942 nos
1160 1896 1428 1942 renuntiare
1454 1893 1642 1942 diabolo
1669 1904 1716 1943 et
1739 1910 1933 1959 pompae

317 1974 366 2012 et
407 1965 589 2028 angelis
631 1966 749 2012 eius.
832 1965 1016 2012 Dehinc
1055 1974 1129 2012 ter
1173 1966 1476 2028 mergitamur
1519 1965 1713 2028 amplius
1759 1962 1934 2029 aliquid

317 2034 659 2098 respondentes
692 2052 824 2098 quam
858 2034 1070 2082 dominus
1094 2036 1140 2081 in
1166 2035 1413 2098 evangelio
1439 2034 1781 2083 determinavit.
1822 2033 1932 2085 Inde

314 2105 548 2167 susecpti,
590 2105 723 2151 lactis
757 2113 805 2151 et
842 2105 993 2151 mellis
1034 2104 1334 2152 concordiam
1368 2114 1743 2169 praegustamus,
1783 2119 1933 2169 exque

315 2190 376 2221 ea
422 2174 498 2220 die
545 2175 732 2220 lavacro
780 2173 1055 2237 quotidiano
1101 2191 1188 2237 per
1231 2183 1375 2222 totam
1421 2174 1760 2222 hebdomadem
1791 2175 1933 2223 absti-

316 2259 493 2290 nemus.
555 2242 883 2290 Eucharistiae
908 2253 1270 2301 sacramentum,
1306 2253 1353 2291 et
1383 2245 1428 2290 in
1462 2253 1673 2307 tempore
1703 2245 1856 2292 victus
1883 2246 1942 2298 ets

316 2313 530 2360 omnibus
570 2311 831 2359 mandatum
871 2330 897 2360 a
935 2311 1145 2370 domino,
1193 2314 1332 2359 etiam
1372 2313 1660 2361 antelucanis
1700 2309 1932 2373 coetibus,

318 2399 407 2430 nec
441 2382 498 2431 de
532 2383 727 2430 aliorum
760 2398 893 2429 manu
929 2398 1060 2446 quam
1099 2382 1462 2446 praesidentium
1502 2384 1734 2430 sumimus.
1796 2382 1938 2437 Oblaq-

318 2455 472 2500 tiones
518 2468 605 2516 pro
661 2451 917 2511 defunctis,
969 2469 1054 2515 pro
1109 2452 1354 2509 natalitiis,
1402 2468 1552 2499 annua
1597 2451 1674 2501 die
1719 2444 1930 2514 facimus}

319 2523 408 2571 Die
442 2522 675 2570 dominico
709 2523 930 2570 ieiunium
962 2523 1095 2569 nefas
1127 2521 1333 2569 ducimus
1357 2523 1430 2568 vel
1454 2522 1683 2585 geniculis
1714 2522 1930 2584 adoraret

320 2592 495 2641 Eadem
542 2594 828 2641 immunitate
875 2610 901 2640 a
948 2591 1023 2639 die
1070 2591 1277 2639 Paschae
1323 2593 1368 2638 in
1423 2592 1738 2640 Pentecosten
1786 2590 1929 2658 usque}

318 2663 595 2726 gaudemus.
667 2663 837 2710 Calicis
870 2672 950 2710 aut
980 2663 1113 2726 panis
1145 2663 1281 2709 etiam
1313 2663 1459 2709 nostri
1490 2662 1664 2726 aliquid
1695 2662 1853 2710 decuti
1885 2663 1930 2713 in‘

319 2741 491 2780 terram
531 2734 669 2780 anxie
716 2734 929 2796 patimur.
996 2731 1073 2779 Ad
1112 2748 1291 2779 omnem
1322 2747 1620 2795 progressum
1651 2741 1790 2796 atque
1821 2749 1930 2796 pro*

318 2812 513 2860 motum,
553 2802 611 2849 ad
651 2819 832 2850 omnem
871 2802 1042 2850 aditum
1076 2811 1123 2848 et
1160 2803 1357 2859 exitum,
1409 2801 1467 2849 ad
1506 2803 1722 2850 vestitum
1755 2811 1804 2850 et
1835 2799 1930 2861 cal}

318 2882 527 2929 ceatum,
568 2872 626 2919 ad
658 2874 865 2930 lavacra,
907 2872 1200 2929 admensus,
1241 2871 1298 2918 ad
1331 2872 1523 2930 lumina,
1557 2871 1614 2919 ad
1646 2872 1838 2930 cubilia,
1871 2865 1928 2919 ad

319 2941 509 2998 sedilia,
543 2957 846 3007 quaecunque
872 2959 955 2990 nos
982 2942 1277 2989 conversatio
1303 2951 1523 3000 exercet,
1552 2942 1751 2990 frontem
1777 2935 1928 2996 crucis

318 3012 560 3074 signaculo
594 3013 799 3059 terimus.

433 3152 477 3200 1)
509 3151 606 3188 Cod.
637 3152 778 3190 Gorz.:
811 3152 1026 3190 traditio
1057 3163 1155 3190 non
1187 3150 1403 3199 scripta.
