1942 3554
302 180 423 240 154
733 190 821 228 AD
860 191 1232 229 NATmNES
1271 192 1398 228 mn.
1436 193 1468 229 1.
1578 171 1581 174 ’
1896 185 1942 268 ³3

296 330 520 379 obstinati
552 337 599 375 ct
630 328 730 375 vani
765 343 869 374 cum
907 328 1192 391 aequalibus.
1275 327 1459 375 Pariter
1496 328 1687 378 deorum
1727 335 1923 389 numina}

297 401 533 456 laesimus,
567 398 746 461 pariter
770 396 1139 460 indign-ationem
1165 413 1326 445 eorum
1350 413 1674 460 provocamus.
1714 399 1917 452 Habetis*

296 479 345 517 et
375 485 458 516 vos
496 469 683 515 tertium
724 483 894 529 gen-us,
935 468 1020 513 etsi
1060 483 1151 513 non
1184 466 1241 514 de
1280 468 1425 514 tertio
1460 468 1574 526 ritu,
1613 477 1815 517 attam-en
1848 471 1923 521 dess

294 540 436 586 tertio
466 553 598 584 sexu.
654 535 774 582 Illud
795 537 944 599 aptius
976 535 1034 583 de
1066 538 1166 583 viro
1198 545 1246 582 et
1276 536 1470 594 femina,
1502 538 1615 585 viris
1647 533 1695 584 et
1724 539 1907 588 seminis

293 610 513 656 iunctum.
588 606 684 652 Aut
714 605 927 668 numiluid
959 606 1062 670 ipso
1093 622 1178 652 vos
1219 606 1422 668 collegio
1462 606 1768 655 offendimus?
1817 610 1905 657 So-

294 679 358 725 let
403 676 663 739 aequalitas
709 675 1030 722 aemulationis
1076 676 1316 721 materiam
1362 674 1726 724 subministrare.
1824 679 1941 744 Sic„

292 748 459 811 figulus
491 745 658 808 figulo,
693 744 827 791 fahe-r
857 744 990 790 fabro
1023 743 1214 791 invidet.
1297 744 1392 791 Imo
1432 745 1520 791 iam
1554 745 1612 792 de
1643 746 1732 793 {ine
1764 749 1920 796 simu-²

292 818 386 863 lata
419 816 658 863 confessio
690 813 866 876 redigit
901 815 1237 860 con-scientiam
1264 813 1321 860 ad
1345 815 1589 861 veritatem
1622 825 1670 862 et
1701 816 1761 863 ad
1791 822 1917 864 con-³

290 886 506 933 stantia-m
535 884 769 938 veritatis,
809 884 933 947 (nam
967 884 1116 929 omnia
1150 884 1238 929 ista
1268 883 1314 928 in
1346 882 1480 930 nobis
1511 883 1625 931 solis
1656 895 1813 944 erunt,
1855 896 1934 946 οη,

289 972 318 1002 a
349 955 482 1002 nobis
515 954 626 1000 solis
656 954 983 1009 revincuntur,
1019 953 1182 1015 quibus
1207 952 1334 1001 illata
1358 957 1504 1012 sunt3)
1539 954 1779 1018 agnitione
1811 951 1937 1136 sci-,³

289 1026 403 1072 licet
433 1024 651 1071 diversae
690 1023 858 1085 partis,
912 1021 1034 1068 unde
1074 1022 1273 1070 scientia
1310 1022 1538 1068 instructa
1577 1032 1625 1069 et
1656 1025 1922 1072 consilium:

226 1105 229 1107 ’
289 1096 484 1158 inspirat
509 1102 557 1140 et
582 1092 802 1138 iudicium
828 1091 1072 1153 gubernat.
1125 1091 1296 1138 Vestra
1323 1089 1523 1155 denique
1549 1094 1780 1140 sententia
1813 1103 1899 1153 est,

289 1179 346 1210 ne
374 1179 585 1210 caussam
613 1162 713 1225 quis
738 1159 935 1217 iudicet,
977 1161 1065 1205 nisi
1098 1159 1274 1206 duobus
1306 1158 1490 1206 auditis.
1536 1160 1709 1219 Quod
1696 1177 1742 1209 m
1767 1163 1922 1216 nobis&
1924 1185 1934 1209 ι

288 1234 399 1279 solis
417 1232 686 1293 negligitis,
717 1238 910 1275 naturae
926 1231 1040 1275 vitio
1060 1229 1353 1286 satisfacitiS,
1379 1237 1430 1275 ut
1447 1231 1630 1292 quaein
1647 1230 1782 1278 nohis
1808 1230 1931 1291 non-,3

288 1302 531 1357 refutetis,
558 1301 604 1345 in
629 1299 732 1345 aliis
765 1333 898 1344 ......
911 1299 993 1354 tis,
1020 1307 1097 1344 aut
1128 1314 1320 1361 quorum
1353 1306 1530 1345 reatum
1561 1299 1608 1345 in
1638 1300 1772 1349 vohis
1803 1287 1929 1371 mer-{9

288 1371 539 1427 mineritis,
573 1385 630 1416 ea
647 1369 692 1415 in
717 1369 835 1415 alios
859 1369 1044 1414 iactetis
1064 1402 1204 1414 ......
1226 1382 1370 1429 opere
1396 1370 1724 1432 occupatiores
1751 1372 1928 1430 elitis,

288 1442 334 1487 in
361 1450 613 1487 extraneos
641 1438 782 1495 casti,
819 1439 863 1483 in
888 1438 1193 1500 vosmetipsos
1218 1437 1410 1494 incesti,
1451 1440 1740 1488 exsertiores
1765 1440 1928 1488 forise?

286 1511 488 1558 subiecti
535 1508 673 1558 domi.
763 1508 891 1554 Haec
933 1516 1004 1553 est
1056 1507 1296 1570 iniquitas,
1350 1514 1400 1552 ut
1437 1509 1569 1570 gnari
1607 1508 1663 1556 ab
1702 1511 1923 1573 ignarisff.

286 1580 486 1627 absoluti
517 1595 545 1626 a
576 1579 671 1625 reis
704 1576 978 1624 iudicemur.
1067 1574 1266 1623 Auferte
1312 1576 1524 1639 stipulam
1558 1577 1615 1625 de
1648 1580 1786 1626 oculo
1817 1595 1915 1629 ven.

286 1658 406 1707 stro,
463 1657 542 1695 aut
587 1647 767 1694 trabem
816 1646 873 1694 de
914 1646 1052 1693 oculo
1091 1655 1279 1703 vestm,
1327 1655 1377 1692 ut
1408 1647 1617 1709 stipulam
1652 1647 1711 1695 de
1742 1649 1923 1698 alienot

286 1718 558 1766 extrahatis.
599 1717 645 1780 ¹)
689 1715 945 1766 Emendate
991 1716 1302 1778 vosmetipsos
1346 1717 1495 1779 prius,
1526 1726 1586 1763 ut
1609 1707 1916 1768 Christianos*

282 1788 512 1852 puniatis3
555 1788 643 1834 nisi
676 1785 796 1850 quod
832 1784 1217 1842 emendaveritis,
1251 1802 1341 1832 non
1373 1787 1599 1847 punietis,
1638 1789 1731 1835 imo
1764 1790 1909 1838 eritis·-

285 1857 560 1914 Christiani,
587 1857 679 1903 imo
707 1857 746 1903 si
771 1856 954 1902 fueritis
979 1854 1245 1912 Christiani,
1272 1855 1404 1902 eritis
1428 1855 1678 1904 emendati.
1718 1845 1916 1911 Discite?

284 1926 407 1990 quod
437 1928 483 1973 in
515 1926 651 1973 nobis
681 1926 939 1983 accusetis,
981 1934 1030 1972 et
1059 1941 1151 1978 non
1183 1925 1479 1972 accusabitis.
1546 1915 1916 2003 Recognoscite}

283 1995 393 2060 quid
423 1997 469 2042 in
508 1996 642 2044 vobis
682 2013 775 2042 non
815 1996 1073 2054 accusetis,
1123 2005 1171 2042 et
1206 1994 1503 2043 accusabitis.
1586 1995 1720 2048 Patet
1756 1992 1911 2047 etiam?

282 2066 389 2111 hine
436 2065 591 2121 vobis,
647 2074 862 2128 quantum
908 2066 1095 2127 aperire
1140 2065 1453 2128 potuerimus,
1506 2065 1552 2128 [e
1588 2068 1750 2129 paucis
1795 2069 1905 2116 istie

284 2134 555 2194 libellulis,]
592 2135 770 2180 erroris
807 2134 1046 2196 inspectio
1079 2142 1127 2180 et
1155 2136 1374 2186 veritatis
1406 2137 1688 2198 recognitio.
1756 2136 1896 2185 Dam-

281 2211 390 2250 nate
420 2203 691 2261 veritatem,
724 2202 807 2249 sed
839 2204 1096 2265 inspectam
1128 2204 1165 2250 si
1198 2204 1417 2266 potestis,
1458 2213 1506 2250 et
1534 2205 1730 2267 probate
1762 2201 1898 2255 erro-i

281 2287 404 2329 rem,
444 2271 528 2319 sed
559 2281 795 2335 repertum
827 2273 866 2318 si
898 2271 1086 2334 putatis.
1173 2272 1348 2331 Quodsi
1385 2273 1725 2336 praescribitur
1762 2277 1897 2325 vohis

283 2357 497 2389 errorem
540 2358 696 2389 amare
744 2350 792 2389 ct
837 2340 994 2388 odisse
1039 2343 1309 2400 veritatem3
1364 2357 1448 2389 cur
1485 2342 1612 2406 quod
1654 2346 1815 2392 amatis
1847 2354 1899 2394 et

282 2410 470 2468 odistis,
514 2428 603 2457 non
638 2412 896 2458 noveritis?

392 2618 436 2671 1)
469 2622 649 2661 Haverc
662 2622 714 2661 ad
728 2621 902 2669 apolog.
918 2622 982 2660 39.
998 2620 1160 2666 emend.
1187 2621 1406 2659 Aufer-te
1430 2622 1631 2660 trabem
1654 2623 1713 2660 de
1737 2623 1898 2675 oculo>

279 2678 484 2726 vestro,
515 2679 572 2715 ut
603 2677 856 2724 stipulam
892 2676 951 2717 de
978 2676 1159 2721 alieno
1190 2674 1504 2721 extrffibatifl-

1844 3508 1874 3554 -m
1852 3443 1876 3490 «Α»
1861 3275 1865 3277 >
1860 3152 1883 3223 ..w

1930 2604 1942 2775 ..ιᾸᾹΑΔ-ι.ῌ..ι.Ἰ
1939 2566 1942 2569 .
1940 2508 1942 2521 .,
1940 2480 1942 2483 .
1938 2452 1942 2464 ..
1933 2422 1942 2429 ι
1940 2406 1942 2409 .
1939 2385 1942 2388 i
