1942 3554
328 126 419 166 DE
461 127 648 167 FUGA
687 129 761 168 IN
799 127 1384 172 PERSECUTIONE.
1555 128 1670 178 205

15 599 179 666 {DE
224 599 531 670 FUGA
573 601 688 667 IN
738 598 1665 673 PERSECUTIONE.

173 885 220 930 1.
281 881 518 941 Quaesisti
549 885 789 947 proxime,
826 881 939 928 Fabi
971 882 1136 940 frater,
1171 881 1447 944 fugiendum
1481 899 1570 930 nec
1604 900 1664 931 ne

14 953 87 1001 „sit
108 952 156 998 in
182 954 540 1016 persecutione,
576 955 700 1019 quod
726 954 892 1002 nescio
920 951 1030 1018 quid
1054 954 1429 1001 annuntiaretur.
1486 953 1664 1001 Ibidem

7 1023 118 1088 nego
151 1022 402 1072 oblocutus
434 1025 633 1090 aliquid,
674 1043 760 1090 pro
794 1026 902 1073 loco
936 1041 993 1072 ac
1033 1034 1247 1088 tempore
1290 1035 1340 1072 et
1377 1026 1664 1090 quarundam

6 1110 340 1160 frpersonarum.
372 1097 747 1160 importunitate,
796 1097 1164 1144 semitractatam
1212 1098 1454 1144 materiam
1495 1097 1665 1144 abstuli

8 1181 231 1224 nmecum,
280 1167 464 1231 plenius
511 1184 612 1216 eam
660 1168 718 1216 de
766 1169 875 1217 stilo
923 1184 1047 1215 nunc
1079 1168 1456 1226 renuntiaturus,
1498 1177 1664 1232 utpote

8 1253 161 1301 aquam
207 1238 320 1285 mihi
365 1247 443 1287 tua
490 1241 774 1288 consultatio
817 1238 1171 1300 commendarat
1212 1247 1260 1286 et
1301 1238 1513 1286 conditio
1547 1249 1664 1286 tem-

7 1324 188 1372 ,porum
226 1324 311 1356 suo
351 1310 440 1356 iam
477 1313 668 1360 nomine
706 1312 989 1359 iniunxerat.
1061 1310 1243 1370 Quanto
1285 1311 1406 1358 enim
1440 1311 1664 1375 frequen-

6 1379 175 1426 ftiores
206 1380 448 1428 imminent
471 1385 858 1446 persecutiones,
893 1391 1023 1429 tanto
1051 1382 1336 1429 examinatio
1362 1382 1662 1446 procuranda

4 1459 118 1508 aest,
153 1450 387 1514 quomodo
422 1468 504 1500 eas
536 1454 762 1517 excipere
787 1452 905 1500 fides
931 1453 1120 1501 debeat.
1168 1452 1475 1500 Procuranda
1506 1462 1661 1500 autem

3 1520 307 1570 {examinatio
353 1539 503 1587 penes
547 1541 655 1583 vos,
705 1526 784 1590 qui
824 1526 863 1572 si
903 1525 1027 1572 forte
1066 1523 1360 1588 paracletum
1401 1541 1495 1571 non
1538 1526 1662 1571 reci-

4 1587 219 1657 ppiendo,
269 1592 578 1644 deductorem
620 1599 770 1644 omnis
808 1597 1050 1653 veritatis,
1100 1597 1268 1643 merito
1316 1595 1470 1644 adhuc
1521 1597 1661 1643 etiam

12 1663 126 1712 aliis
158 1666 515 1728 quaestionibus
547 1667 742 1715 obnoxii
776 1670 907 1716 estis.
986 1667 1137 1732 Igitur
1175 1669 1511 1714 consultationi
1553 1676 1660 1714 tuae

3 1733 237 1783 -ordinem
264 1752 450 1801 quoque
474 1737 732 1797 induimus,
760 1738 1193 1786 animadvertentes
1218 1747 1328 1786 ante
1356 1738 1660 1786 determinari

5 1814 247 1871 roportere
267 1806 325 1856 de
351 1817 474 1856 statu
501 1811 648 1873 ipsius
674 1810 1046 1874 persecutionis,
1079 1819 1231 1856 atrum
1249 1825 1276 1855 a
1294 1809 1386 1856 deo
1421 1810 1659 1866 obveniat,

11 1893 78 1924 ÷an
116 1894 144 1924 a
183 1875 398 1937 diabolo,
446 1897 537 1944 quo
587 1881 771 1928 facilius
818 1880 876 1929 de
925 1881 1054 1927 obitu
1096 1881 1196 1927 eius
1237 1889 1459 1927 constare
1491 1883 1658 1943 possit.

2 1948 182 1997 ¹Omnis
222 1950 347 1998 enim
385 1951 456 1998 rei
495 1953 752 2015 inspectio,
793 1961 989 1999 auctore
1031 1951 1251 2014 cognito,
1291 1952 1492 2015 planior.
1571 1951 1659 2000 Sa-

3 2020 80 2067 tis
115 2028 189 2067 est
219 2020 404 2084 quidem
443 2023 800 2086 praescribere,
850 2023 965 2069 nibil
1006 2023 1109 2070 fieri
1149 2023 1251 2068 sine
1286 2021 1363 2069 dei
1398 2023 1657 2074 voluntate.

5 2089 118 2138 -Sed
156 2107 250 2139 non
287 2094 442 2140 statim
483 2094 569 2141 hac
617 2095 853 2142 sententia
895 2096 1071 2141 ceteris
1119 2094 1455 2141 retractatibus
1503 2094 1657 2142 locum

2 2160 244 2221 dabimus,
277 2179 336 2210 ne
367 2180 395 2211 a
427 2168 666 2228 praesenti
699 2166 900 2213 articulo
933 2181 1216 2223 avocemur,
1251 2166 1290 2212 si
1323 2167 1426 2228 quis
1459 2181 1657 2230 respon-

0 2231 164 2292 ·lderit,
212 2250 330 2299 ergo
372 2245 420 2283 et
458 2237 623 2284 malum
664 2254 691 2285 a
722 2236 813 2284 deo
855 2246 903 2284 et
942 2235 1165 2285 delictum
1198 2253 1225 2283 a
1258 2236 1373 2294 deo,
1415 2238 1530 2284 nihil
1564 2238 1656 2285 iam
1707 2295 1710 2297 ‚

0 2304 65 2361 ÷in
94 2303 313 2364 diabolo,
367 2307 484 2355 nibil
531 2309 670 2356 etiam
710 2310 757 2355 in
797 2308 933 2355 nobis
979 2309 1107 2372 ipsis.
1198 2307 1269 2355 De
1315 2309 1654 2371 persecutione

0 2390 138 2433 “uano
185 2379 440 2440 quaeritur.
533 2379 675 2427 Circa
722 2381 839 2427 hanc
888 2380 1074 2427 interim
1123 2377 1345 2436 dixerim,
1389 2380 1503 2425 nibil
1553 2380 1655 2425 fieri

5 2447 118 2499 sine
173 2447 250 2496 dei
295 2449 565 2509 voluntate„
609 2452 873 2514 respiciens
914 2466 1015 2497 eam
1056 2451 1101 2496 in
1140 2450 1304 2513 primis
1338 2448 1527 2513 dignam
1562 2449 1653 2497 deo

0 2533 124 2568 μ8553
157 2528 226 2576 et,
267 2528 318 2566 ut
356 2522 421 2567 ita
463 2520 687 2578 dixerim,
727 2523 1047 2568 necessariam
1088 2519 1148 2566 ad
1185 2519 1517 2583 probationem
1560 2522 1656 2567 sci-

0 2586 131 2651 ῑΙίἐβῐ
175 2607 419 2638 servorum
467 2594 570 2639 eius
611 2594 710 2640 sive
764 2591 1168 2655 reprobationem.
1246 2591 1361 2649 Quis
1410 2600 1484 2637 est
1530 2593 1653 2639 enim

0 2661 172 2710 resitue
209 2664 589 2725 persecutionis?
641 2664 742 2728 quis
783 2664 982 2710 effectus
1029 2662 1169 2719 alius,
1218 2662 1306 2708 nisi
1348 2662 1564 2725 probatio
1606 2673 1655 2710 et

0 2732 294 2795 zreprobatio
323 2733 452 2792 fidei,
486 2751 577 2798 qua
608 2752 717 2781 suos
750 2736 909 2798 utique
943 2732 1156 2779 dominus
1190 2734 1502 2781 examinavit?
1551 2733 1651 2781 Hoc

8 2802 190 2850 *domini
224 2802 442 2852 iudicium
476 2814 548 2852 est
587 2806 881 2868 persecutio,
931 2821 1015 2868 per
1047 2820 1180 2868 quam
1223 2805 1324 2867 quis
1361 2814 1441 2851 aut
1480 2805 1652 2869 proba-

15 2883 89 2922 tus
141 2883 222 2920 aut
273 2875 552 2939 reprobatus
607 2875 856 2923 iudicatur.
955 2874 1104 2922 Porro
1153 2874 1373 2923 iudicium
1420 2877 1508 2923 soli
1558 2876 1649 2924 deo

15 2946 258 3007 competit.
381 2946 507 2993 Haec
561 2948 662 3010 pala
718 2947 825 3004 illa,
897 2963 1015 3010 quae
1077 2956 1125 2993 et
1185 2963 1305 2993 nunc
1367 2946 1649 2994 dominicam

3 3030 169 3063 {aream
212 3026 402 3079 purgat,
445 3018 695 3063 ecclesiam
735 3018 942 3073 scilicet,
992 3019 1235 3064 confusum
1278 3034 1497 3066 acervum
1533 3019 1649 3065 fide-

16 3080 123 3139 lium
155 3087 418 3135 eventilans
453 3097 499 3135 et
526 3087 802 3135 discernens
831 3089 1106 3136 frumentum
1135 3099 1389 3155 martyrum
1416 3099 1464 3137 et
1488 3090 1650 3155 paleas
