1942 3554
302 214 388 258 36
689 209 695 217 ’
877 214 961 252 DE
998 215 1330 254 BAPTISMO.

304 330 531 380 cumlatae
578 343 725 391 aquae
765 328 957 389 expiant
999 327 1192 389 passim,
1241 335 1371 374 certe
1418 325 1538 375 ludis
1574 325 1869 392 Apollinari
1918 363 1919 366 η

302 411 350 448 et
379 399 631 446 Eleusiniis
648 399 694 457 1)
727 399 1043 459 tinguuntur..
1092 395 1237 460 quue
1269 398 1398 445 sein
1428 400 1839 461 regenerationem

301 470 621 534 impunitatem
662 468 977 531 periuriorum
1016 484 1204 514 suorum
1243 483 1387 531 agere
1418 478 1733 532 praesumunt.
1809 470 1879 518 Itv
1904 496 1930 515 ι.

301 557 447 606 penes
490 548 678 587 veteres
726 539 931 602 quisquis
977 554 1027 585 se
1073 538 1328 586 homicidio
1360 540 1615 598 infecerat,
1655 542 1887 605 purgat

303 628 423 676 aqua
468 626 517 658 se
565 609 800 673 expiabat.
877 607 1027 671 Igitur
1071 610 1110 656 si
1156 608 1214 656 de
1258 609 1364 656 sola
1406 619 1573 658 natura
1610 612 1764 675 aquis,
1805 629 1835 676 q.
1870 615 1920 659 ἶ,

303 682 498 747 propria
528 681 726 727 materia
757 681 818 726 sit
848 677 1070 727 abluendi
1100 681 1148 726 in
1173 679 1384 744 auspicia
1407 680 1765 740 emundationis,
1797 683 1902 734 hl„

306 753 516 810 diuntur,
551 758 723 815 quanto
757 749 805 797 id
834 751 991 798 verius
1024 765 1172 814 aquae
1202 751 1510 814 praestabunt
1538 768 1627 818 per
1656 751 1734 800 dei
1765 769 1883 804 auc:
1914 775 1916 777 >

304 826 514 879 ritatem,
548 839 575 869 a
607 837 696 885 quo
731 822 880 868 omnis
911 830 1077 868 natura
1108 837 1267 869 earum
1299 824 1555 870 constituta
1577 825 1680 870 est?
1737 821 1790 871 Si
1819 821 1878 882 r.[

307 897 447 958 gione
480 909 645 955 aquam
691 890 918 939 medicari
955 901 1141 955 putant,
1189 908 1307 956 quae
1353 894 1512 956 potior
1555 895 1750 956 religio,

307 965 385 1012 dei
413 966 537 1011 vivi?
583 963 683 1022 Quo
718 963 894 1025 agnito,
928 962 1005 1009 hic
1032 979 1214 1026 quoque
1258 962 1458 1010 studium
1489 963 1666 1012 diaboli
1696 978 1882 1029 recog

308 1037 478 1084 scimus
509 1050 586 1081 res
618 1032 695 1080 dei
726 1033 1026 1090 aemulantis,
1076 1050 1178 1080 cum
1225 1043 1275 1080 et
1303 1035 1403 1098 ipse
1447 1034 1723 1099 baptismum
1754 1037 1801 1083 in
1839 1054 1891 1084 ss,
1918 1052 1927 1059 ³

309 1114 522 1154 exercet.
603 1101 724 1161 Quid
755 1103 937 1150 simile?
995 1102 1259 1150 Immundus
1292 1103 1534 1165 emundat,
1574 1105 1788 1170 perditor
1817 1107 1928 1169 liby-

308 1186 405 1232 rat,
441 1175 682 1225 damnatus
714 1173 938 1231 absolvit3
986 1189 1113 1220 suam
1143 1173 1371 1222 videlicet
1401 1191 1592 1239 operam
1623 1175 1836 1224 destruet
1872 1232 1883 1244 ,‚

309 1248 442 1294 luens
475 1244 672 1302 delicta,
707 1259 825 1308 quae
857 1244 1057 1307 inspirat
1085 1245 1203 1308 ipse.
1265 1243 1396 1293 Haec
1429 1245 1615 1309 quidem
1645 1247 1691 1294 in
1725 1249 1835 1295 testi
1931 1239 1942 1249 ³

310 1318 435 1364 nium
480 1316 635 1379 posita
680 1323 787 1362 sunt
830 1314 1168 1379 repellentibus
1213 1313 1375 1374 fidem,
1430 1317 1470 1364 si
1514 1318 1700 1366 minime
1741 1318 1871 1377 credj
1936 1377 1942 1384 ¹

309 1388 450 1436 rebus
483 1385 582 1444 dei,
630 1402 821 1449 quarum
868 1384 1261 1434 affectationibus·
1294 1385 1418 1452 apud
1463 1389 1692 1436 aemulum
1724 1388 1801 1437 dei
1867 1442 1884 1454 ὦ
1936 1444 1942 1454 ¹

313 1459 440 1506 dunt.
514 1455 687 1504 Annon
733 1465 783 1504 et
811 1457 927 1503 alias
958 1457 1059 1504 sine
1090 1457 1186 1504 ullo
1219 1467 1516 1506 sacramento
1548 1459 1770 1507 immundi
1801 1454 1942 1533 sffl

311 1539 385 1578 tus
411 1528 542 1592 aquis
573 1527 811 1584 incubant,
845 1526 1124 1575 affectantes
1148 1528 1274 1576 illam
1300 1529 1347 1576 in
1377 1529 1636 1593 primordio
1669 1529 1814 1579 divini
1852 1533 1873 1546 Ἀ
1926 1530 1942 1587 ‘J

311 1600 430 1648 ritus
476 1598 821 1661 gestationem?
894 1596 1063 1645 Sciunt
1108 1600 1246 1662 opaci
1292 1600 1461 1663 quique
1514 1601 1694 1659 fontes,
1754 1611 1803 1650 et
1842 1516 1942 1669 Ἠ

315 1671 483 1735 quique
515 1669 627 1726 rivi,
660 1677 709 1716 et
737 1669 785 1715 in
814 1668 995 1715 balneis
1025 1669 1235 1732 piscinae
1268 1678 1317 1717 et
1346 1672 1497 1735 euripi
1535 1672 1588 1718 in
1621 1670 1833 1721 domibus
1861 1661 1942 1736 *d

317 1742 551 1789 cisternae
583 1747 632 1786 et
661 1740 814 1802 putei,
862 1740 940 1802 qui
983 1755 1154 1803 rapere
1201 1739 1442 1799 dicuntur,
1489 1742 1676 1790 scilicet
1718 1759 1806 1807 per
1916 1729 1942 1796 d

316 1812 505 1875 spiritus
536 1810 768 1856 nocentis.
843 1808 965 1857 Nam
997 1818 1047 1858 et
1074 1819 1272 1858 enectos
1294 1812 1342 1872 2)
1390 1820 1439 1859 et
1483 1813 1745 1877 lymphatos
1777 1822 1825 1862 et
1928 1799 1942 1866 i

317 1881 588 1946 drophobos
617 1888 812 1938 vocant,
847 1896 963 1944 quos
994 1896 1146 1944 aquae
1175 1891 1486 1941 necaverunt,
1525 1892 1607 1931 aut
1635 1886 1838 1933 amentia
1907 1881 1942 1941 'd

316 1951 567 2000 formidine
599 1959 931 1999 exercuerunt.
1016 1951 1245 2010 Quorsum
1289 1954 1380 2001 ista
1423 1955 1695 2002 retulimus?
1738 1972 1796 2004 ne
1841 1945 1942 2022 «βά

319 2023 479 2071 durius
511 2021 677 2070 credat
706 2022 923 2085 angelum
954 2020 1032 2070 dei
1064 2031 1274 2071 sanctum
1305 2025 1438 2089 aquis
1482 2025 1530 2072 in
1567 2026 1763 2074 salutem
1793 2021 1942 2161 110οῇ

319 2096 391 2140 nis
421 2091 739 2157 temperandis
769 2091 961 2150 adesse,
1003 2109 1106 2140 cum
1137 2094 1332 2157 angelus
1362 2095 1511 2144 malus
1537 2097 1782 2160 profanum
1815 2114 1840 2146 c
1935 2082 1942 2106 ¹

319 2165 544 2211 mercium
575 2161 784 2210 eiusdem
816 2163 1036 2210 elementi
1067 2165 1114 2211 in
1143 2166 1404 2228 perniciem
1434 2166 1634 2214 hominis
1657 2167 1908 2232 frequen
1932 2165 1942 2172 ”

319 2232 552 2296 Angelum
597 2233 729 2296 aquis
773 2233 1084 2291 intervenire,
1131 2236 1171 2282 si
1215 2251 1383 2283 novum
1426 2235 1635 2295 videtur,
1682 2246 1848 2303 exemp
1871 2241 1881 2246 ”

321 2305 464 2352 futuri
493 2303 835 2368 praecucurrit.
909 2302 1142 2350 Piscinam
1173 2303 1475 2353 Bethsaidam
1506 2308 1700 2369 angelus
1738 2310 1834 2357 inte
1857 2359 1860 2364 ,
1885 2363 1889 2374 ‚

322 2376 456 2422 niens
488 2373 826 2422 commovebat.
904 2372 1251 2433 Observabant,
1298 2377 1376 2439 qui
1419 2376 1735 2438 valetudinem
1774 2395 1922 2444 que->

323 2445 515 2504 bantur3
562 2461 666 2491 nam
711 2445 751 2491 si
797 2445 897 2508 quis
941 2453 1255 2508 praevenerat
1299 2445 1591 2496 descendere
1628 2449 1764 2508 illuc,
1821 2454 1885 2494 ..ς’

324 2524 433 2581 post
462 2516 697 2562 lavacrum
728 2513 988 2563 desinebat.
1063 2514 1236 2579 Figura
1265 2517 1356 2565 ista
1384 2517 1648 2568 medicinae
1681 2536 1903 2585 corpor
1925 2543 1930 2561 .-

327 2587 584 2651 spiritalem
621 2584 899 2633 medicinam
933 2585 1155 2645 canebat,
1201 2602 1259 2634 ea
1288 2588 1463 2648 forma,
1503 2605 1810 2658 quabsemper
1851 2614 1932 2635 μ

326 2657 452 2704 nalia
494 2658 542 2703 in
587 2656 738 2719 figu'ra
781 2657 1056 2720 spiritalium
1095 2657 1394 2707 antecedunt.
1467 2657 1754 2709 Proficiente
1786 2664 1879 2710 ita
1923 2690 1929 2697 ·

327 2730 375 2775 in
405 2726 667 2775 hominibus
698 2728 851 2790 gratia
881 2726 980 2786 dei,
1025 2727 1128 2791 plus
1159 2730 1289 2792 aquis
1321 2738 1370 2778 et
1398 2731 1569 2799 angelo
1600 2734 1826 2780 accessit:
1879 2728 1881 2730 ¹
1908 2758 1928 2771 -·

327 2799 442 2846 vitia
481 2798 694 2861 corporis
738 2796 1083 2856 remediabant,
1130 2813 1252 2848 nunc
1296 2801 1530 2866 spiritu*
1551 2801 1819 2863 medentur3

329 2868 636 2932 temporalem
659 2868 976 2932 operabantur
998 2868 1216 2928 salutem,
1249 2887 1370 2919 nunc
1395 2880 1636 2920 aeternam
1660 2874 1850 2922 reform
1877 2874 1880 2935 j
1918 2886 1932 2914 1*

331 2939 409 3002 qui
431 2955 569 2985 unum
592 2939 736 2986 semel
760 2956 881 2986 anno
907 2939 1189 2999 liberabant,
1219 2958 1340 2990 nunc
1365 2941 1574 3007 quotidie
1598 2945 1798 3010 populos
1828 2961 1918 2996 cm

1880 3015 1893 3035 ι

445 3107 490 3155 1)
523 3107 621 3144 Cod.
651 3107 812 3147 Ursini:
841 3110 1155 3160 Eleusiniiu
1197 3112 1292 3152 alii:
1323 3112 1563 3152 Pelusiis.
1694 3114 1749 3165 2)
1771 3037 1918 3155 VVoAET

333 3164 376 3203 et
404 3163 496 3213 Rig.
528 3164 854 3213 apopnictoa.
1330 3172 1336 3178 ⁸
1862 3185 1890 3218 ‘55
