1942 3554
518 119 1106 183 APoLoGE'ricus.
1535 124 1642 172 121

0 258 319 326 disciplinam
364 259 584 308 desinunt
615 269 708 307 tum
728 259 982 308 Christiani
999 260 1163 309 haberi
1186 277 1335 343 penes
1360 279 1462 322 nos,
1495 263 1650 328 philo-

0 330 148 398 sophi
194 347 311 379 vero
351 331 418 379 illi
461 347 564 378 cum
601 330 774 377 talibus
812 331 952 378 factis
990 332 1036 378 in
1077 333 1265 379 nomine
1306 334 1431 381 etin
1464 335 1647 383 honore

21 402 280 468 sapientiae
314 409 624 466 perseverant
653 397 776 464 apud
807 417 908 448 voS.
989 401 1110 462 Quid
1140 402 1261 451 adeo
1280 406 1324 463 ¹)
1360 405 1512 453 simile
1543 406 1648 469 phi-

21 473 239 538 [osophus
271 481 323 521 et
338 471 644 529 Christianus,
681 470 913 519 Graeciae
949 471 1203 538 discipulus
1237 484 1286 523 et
1318 476 1459 534 coeli,
1492 476 1647 524 famae

7 544 289 609 -negotiator
334 551 383 590 et
426 542 590 590 salutis
606 543 678 601 2),
725 542 979 590 verborum
1026 553 1075 591 et
1121 546 1355 593 factorum
1403 556 1643 610 operator,

15 630 167 663 rernm
185 616 232 675 ³)
266 612 546 661 aedificator
578 621 627 661 et
671 611 965 671 destructor,
1020 615 1336 679 interpolator
1374 618 1556 664 erroris
1597 627 1647 666 et

9 691 278 750 *integrator
305 684 541 741 veritatis,
577 684 762 731 furator
794 685 894 731 eius
929 693 977 731 et
1009 694 1183 733 custos.
1204 688 1249 745 4)

47 759 54 762 ’
152 760 238 808 47.
299 752 470 802 Adhuc
504 754 626 802 enim
658 754 832 813 mihi5)
867 755 1056 819 prolicit
1080 758 1332 822 antiquitas
1347 765 1645 822 praestructa

5 827 196 876 divinae
242 825 559 884 litteraturae,
623 842 714 889 quo
764 826 904 873 facile
953 826 1179 875 credatur
1223 828 1493 878 thesaurum
1541 846 1643 878 eam

10 899 155 947 *inisse
197 896 457 962 posteriori
504 897 672 960 cuique
719 898 998 960 sapientiae.
1075 897 1134 945 Et
1179 900 1218 946 si
1265 916 1358 947 non
1398 915 1514 947 onus
1552 902 1643 947 iam

17 968 256 1018 voluminis
299 975 640 1032 temperarem,
689 968 828 1015 etiam
869 983 1175 1017 excurrerem
1215 971 1262 1018 in
1301 971 1421 1019 hanc
1455 986 1644 1036 quoque

3 1039 351 1103 probationem.
428 1037 541 1098 Quis
586 1040 853 1103 poe'tarum,
903 1039 1006 1103 quis
1046 1041 1381 1105 sophistarum,
1430 1041 1509 1105 qui
1549 1059 1642 1088 non

1 1109 68 1159 ude
112 1109 447 1176 prophetarum
494 1109 625 1156 fonte
672 1110 946 1173 potaverit?
1018 1110 1132 1158 Inde
1181 1113 1328 1176 igitur
1370 1113 1641 1177 philosophi

10 1181 130 1229 ‘sitim
164 1181 344 1245 ingenii
376 1180 447 1227 sui
478 1181 779 1245 rigaverunt3
829 1196 934 1227 nam
974 1183 1084 1244 quia
1116 1182 1345 1246 quaedam
1379 1183 1437 1230 de
1469 1184 1644 1230 nostris

0 1250 211 1310 ¹habent,
260 1266 316 1298 ea
356 1259 554 1314 propter
591 1267 677 1298 nos
711 1260 988 1315 comparant
1019 1253 1128 1300 illis.
1147 1252 1191 1308 6)
1271 1252 1408 1313 Inde,
1458 1255 1641 1317 opinor,

15 1332 58 1372 et
93 1339 121 1370 a
160 1319 434 1387 quibusdam
473 1322 770 1386 philosophia
810 1321 997 1386 legibus
1038 1339 1224 1388 quoque
1265 1325 1422 1372 eiecta
1462 1333 1563 1382 est,
1615 1341 1644 1372 a

0 1392 242 1442 *Thebanis
290 1392 422 1450 dieo,
468 1407 496 1440 a
537 1391 790 1457 Spartiatis
837 1401 887 1440 et
929 1391 1138 1457 Argivis.
1215 1394 1334 1442 Dum
1374 1394 1433 1442 ad
1478 1404 1644 1442 nostra

14 1472 240 1512 conantur
284 1472 333 1511 et
377 1463 592 1511 homines
633 1464 840 1527 gloriae,
888 1473 939 1511 ut
978 1462 1200 1523 diximus,
1250 1474 1300 1512 et
1338 1466 1642 1530 eloquentiae

8 1535 153 1584 solius
184 1533 439 1592 libidinosi,
474 1535 513 1581 si
547 1533 658 1599 quid
689 1534 736 1580 in
768 1535 946 1582 sanctis
979 1533 1281 1583 offenderunt
1305 1534 1522 1600 digestis,
1558 1553 1642 1584 ex-

3 1604 118 1654 «inde
149 1614 391 1670 regestum
407 1605 452 1665 ⁷)
487 1621 573 1669 pro
606 1605 820 1652 instituto
855 1606 1144 1653 curiositatis
1175 1605 1236 1654 ad
1265 1609 1459 1671 propria
1482 1616 1643 1656 verte-

8 1685 142 1736 runt,
188 1691 343 1741 neque
376 1677 488 1724 satis
521 1675 777 1724 credentes
810 1674 968 1725 divina
998 1691 1130 1736 esse,
1178 1694 1269 1742 quo
1310 1679 1463 1726 minus
1493 1679 1642 1726 inter-

0 1748 238 1811 polarent,
271 1763 425 1811 neque
458 1748 573 1794 satis
604 1747 946 1810 intelligentes,
979 1756 1031 1794 ut
1061 1746 1215 1795 adhuc
1246 1757 1359 1796 tunc
1377 1748 1639 1807 subnubila,

0 1818 147 1866 etiam
178 1819 292 1882 ipsis
323 1816 512 1865 ludaeis
544 1817 842 1876 obumbrata,
884 1833 1078 1882 quorum
1115 1821 1310 1883 propria
1340 1819 1640 1868 videbantur.

2 1887 125 1937 Nam
159 1899 208 1936 et
237 1889 277 1935 si
311 1904 403 1953 qua
433 1888 708 1952 simplicitas
741 1897 845 1935 erat
882 1889 1121 1947 veritatis,
1164 1906 1222 1937 eo
1255 1890 1408 1954 magis
1440 1906 1638 1955 scrupu-

12 1961 169 2007 lositas
200 1958 399 2006 humana
431 1957 568 2006 fldem
601 1967 851 2022 aspernata
885 1958 1093 2018 nutabat,
1126 1977 1216 2024 per
1248 1959 1373 2025 quod
1404 1961 1450 2007 in
1482 1963 1642 2009 incer-

12 2040 103 2078 tum
132 2031 426 2078 miscuerunt
457 2030 598 2076 etiam
640 2029 765 2094 quod
803 2030 1084 2078 invenerant
1117 2040 1316 2079 certum.
1397 2031 1640 2080 Inventum

11 2102 132 2149 enim
180 2097 658 2168 solummodo'deum
708 2116 800 2147 non
846 2109 897 2148 ut
940 2101 1221 2149 invenerant
1267 2101 1639 2167 disputaverunt,

123 2314 168 2364 1)
190 2313 571 2363 God.Lugd.,Ald.,
589 2314 680 2364 Rig.
697 2316 740 2352 et
754 2315 889 2352 Har-t
921 2314 1063 2353 Adeo
1087 2315 1231 2363 quid3
1265 2315 1533 2354 scribendum
1550 2316 1642 2354 for-

2 2372 147 2421 tune,
179 2368 347 2418 Atque
379 2371 509 2409 adeo
542 2371 664 2418 quid
695 2372 775 2410 etc.
908 2371 953 2418 2)
985 2372 1088 2408 Edd.
1108 2374 1208 2410 ante
1223 2372 1456 2421 Rigaltium
1472 2383 1643 2410 omnen:

11 2426 164 2476 vitae,
182 2426 408 2465 cod.Fu1d.
429 2431 482 2466 et
511 2428 717 2466 salutis
747 2428 900 2466 vitae.
969 2425 1011 2479 3)
1042 2428 1156 2465 Edit.
1172 2429 1262 2477 Rig.
1276 2431 1458 2477 excepta
1475 2439 1642 2467 omnes:

10 2480 61 2522 et
89 2490 280 2522 rerum.
325 2484 408 2522 Sed
432 2495 467 2522 ε.
498 2483 742 2533 deorum,
777 2487 823 2522 ut
851 2485 1037 2524 coniecit
1067 2487 1113 2522 A.
1140 2485 1360 2533 Neander,
1404 2496 1438 2522 s.
1476 2484 1641 2522 idolo-

10 2543 118 2586 rtnn
148 2539 372 2588 scripsisse
388 2541 746 2580 videtur'l'ertull.
864 2541 911 2589 4)
944 2541 1163 2578 Edd.ante
1178 2541 1435 2589 Rigaltium:
1469 2541 1641 2588 destr„

0 2596 217 2635 ⁸amicus
253 2599 306 2636 et
338 2597 589 2636 inimicus
622 2598 848 2645 erroris,
899 2597 1164 2635 veritatis
1197 2596 1561 2645 interpolator
1592 2602 1644 2635 et

6 2653 312 2702 >integrator
353 2658 405 2692 et
449 2666 764 2704 expressor‚
812 2655 863 2691 et
908 2655 1127 2692 furator
1173 2654 1288 2692 eius
1336 2656 1387 2692 et
1432 2656 1641 2693 custos?

13 2707 54 2758 5)
82 2710 243 2760 Vulgo:
274 2711 563 2759 Antiquior
593 2711 843 2750 omnibus
873 2710 931 2748 ni
962 2710 1153 2749 fallor?
1186 2710 1462 2749 Adhucetc.
1493 2710 1641 2759 Rhen.,

11 2766 200 2815 Gangn„
240 2768 356 2806 Her-z
395 2770 513 2806 Ant.
558 2781 685 2808 omn.
730 2768 931 2806 veritas
963 2767 1038 2817 gni
1069 2767 1262 2816 fallor)
1312 2769 1364 2806 et
1394 2767 1488 2807 hoc
1518 2768 1644 2806 mihi

11 2826 91 2860 etc.
135 2822 282 2860 Gelen.
317 2826 511 2863 custos
543 2825 826 2873 antiquior
865 2824 1107 2862 omnibus
1137 2824 1191 2862 ni
1222 2824 1415 2862 fallor?
1463 2826 1515 2862 et
1543 2824 1642 2862 hoc

11 2891 64 2917 m.
77 2881 159 2917 etc.
218 2878 300 2918 Sed
320 2883 439 2918 recte
461 2893 578 2919 voce.
598 2882 682 2920 ista
706 2884 757 2921 ab
772 2881 965 2920 hocloco
983 2881 1124 2918 aliena
1136 2880 1385 2919 deleverunt
1397 2880 1551 2929 Rigalt.
1571 2881 1642 2918 all.

14 2934 59 2982 6)
88 2937 152 2974 lta
176 2936 283 2974 haec
310 2938 460 2987 verba,
492 2949 600 2985 quae
613 2939 828 2976 deleverat
840 2938 1010 2987 Rigalt„
1043 2937 1300 2976 ecod.Fuld.
1318 2937 1508 2976 restituit
1519 2939 1641 2986 Ham,

14 2992 162 3032 σάοι-ὅτ
205 2995 262 3031 ut
304 3003 433 3039 quae
475 2994 535 3031 de
580 2995 800 3033 nostris
844 2995 1064 3043 habent,
1106 3005 1164 3032 ea
1202 3006 1295 3034 non
1339 2998 1643 3043 comparent

13 3046 141 3087 min.
261 3050 306 3099 7)
337 3051 413 3087 Vv.
446 3050 636 3088 exinde
665 3053 936 3100 regestum
960 3050 1052 3100 Rig.
1074 3049 1255 3089 inseruit
1279 3051 1535 3089 auctorit-ate
1552 3050 1640 3087 cod·

0 3117 1 3121 ¹
14 3098 132 3143 Fuld.
