1942 3554
124 141 165 159 Β

555 156 1138 198 AroLooE‘rrcvs.
1589 155 1670 207 15⁷

37 301 79 358 θ
126 298 408 350 sententiam
453 298 740 346 necessitate
795 298 1062 346 confusam!
1138 296 1299 362 Negat
1360 296 1672 362 inquirendos

32 379 89 422 ut
118 372 420 428 innocentes,
462 376 511 416 et
539 365 728 415 mandat
755 367 1018 431 puniendos
1050 377 1101 415 ut
1131 376 1380 416 nocentes.
1430 366 1592 416 Parcit
1623 377 1671 417 et

37 441 214 501 saevit,
247 438 504 489 dissimulat
535 446 585 486 et
614 437 960 487 animadvertit.
1011 437 1134 499 Quid
1168 439 1524 502 temetipsuml)
1559 455 1670 486 cen-

31 528 150 562 sura
180 509 520 560 circumvenis?
563 509 604 555 si
637 507 850 568 damnas,
908 526 994 557 cur
1024 526 1118 556 non
1151 517 1200 557 et
1230 510 1458 573 inquiris?
1505 509 1546 557 si
1577 524 1671 556 non

39 581 263 647 inquiris,
317 595 402 628 cur
436 594 530 626 non
570 587 618 626 et
655 578 889 627 absolvis?
932 579 1219 627 Latronibus
1258 577 1546 644 vestigandis
1587 595 1675 644 per

39 653 284 702 universas
313 648 580 714 provincias
613 650 824 697 militaris
857 651 997 698 statio
1030 651 1249 709 sortitur3
1308 651 1351 696 in
1386 666 1496 697 reos
1527 651 1673 698 maie-

42 723 178 771 statis
217 729 268 770 et
302 719 518 785 publicos
565 719 726 768 hostes
774 722 923 768 omnis
970 720 1110 767 homo
1157 720 1291 767 miles
1339 728 1435 777 est,
1500 720 1560 767 ad
1596 736 1675 768 so-

42 793 170 851 cios,
210 789 269 840 ad
302 791 520 839 conscios
552 807 699 854 usque
732 791 973 856 inquisitio
1007 789 1294 838 extenditur.
1342 789 1504 837 Solum
1538 790 1675 837 Chri-

41 862 241 912 stianum
279 861 453 926 inquiri
491 877 583 907 non
623 861 760 920 licet,
820 861 983 909 offerri
1023 861 1158 920 licet,
1214 862 1347 925 quasi
1385 860 1512 908 aliud
1544 868 1678 908 esset

40 940 207 983 actura
251 931 521 996 inquisitio,
573 947 713 998 quam
762 931 1063 980 oblationem.
1142 932 1384 980 Damnatis
1424 946 1542 995 ergo
1590 929 1676 978 ob-

40 1002 208 1061 latum,
261 1017 399 1066 quem
430 1017 569 1049 nemo
600 1003 750 1049 voluit
780 1004 1082 1067 requisitum,
1127 1004 1228 1067 qui,
1275 1011 1411 1067 puto,
1460 1003 1550 1049 iam
1582 1018 1677 1048 non

42 1071 156 1122 ideo
187 1073 359 1120 meruit
395 1088 619 1136 poenam,
669 1075 775 1138 quia
814 1089 993 1121 nocens
1033 1082 1129 1131 est,
1178 1072 1264 1121 sed
1296 1074 1424 1137 quia,
1474 1090 1568 1120 non
1598 1086 1677 1120 re-

46 1142 325 1209 quirendus,
372 1143 591 1190 inventus
623 1153 715 1192 est.
795 1143 958 1208 Itaque
993 1160 1083 1191 nec
1115 1144 1160 1191 in
1193 1144 1274 1191 illo
1308 1159 1369 1191 ex
1399 1144 1550 1191 forma
1581 1160 1678 1190 ma-

44 1213 198 1262 lorum
228 1211 589 1261 iudicandorum
627 1215 766 1277 agitis
808 1230 923 1278 erga
963 1231 1073 1272 nos,
1122 1213 1247 1278 quod
1288 1215 1461 1262 ceteris
1499 1230 1680 1278 negan-

47 1283 171 1331 tibus
195 1282 446 1331 adhibctis
483 1292 717 1332 tormenta
754 1284 813 1332 ad
854 1283 1193 1343 confitendum,
1245 1286 1359 1331 solis
1401 1284 1680 1332 Christianis

48 1352 430 1418 adnegandum3
481 1370 606 1412 cum,
662 1355 698 1401 si
731 1355 898 1403 malum
933 1365 1084 1414 esset,
1139 1372 1225 1402 nos
1257 1354 1443 1419 quidem
1477 1370 1681 1419 negare·

48 1439 173 1483 mus,
229 1439 316 1471 vos
362 1439 478 1472 vero
520 1425 738 1472 confiteri
776 1427 1023 1473 tormentis
1064 1426 1432 1489 compelleretis.
1509 1425 1680 1490 Neque

50 1494 173 1544 enim
210 1492 319 1541 ideo
358 1494 590 1558 putaretis
629 1512 721 1542 non
761 1495 1047 1560 requirenda
1088 1495 1442 1560 quaestionibus
1476 1495 1680 1553 scelera,

50 1564 161 1630 quia
200 1565 319 1612 certi
358 1565 530 1613 essetis
570 1564 751 1613 admitti
791 1582 848 1614 ea
888 1583 948 1614 ex
980 1567 1180 1614 nominis
1214 1567 1547 1623 confessione,
1604 1566 1683 1630 qui

49 1633 195 1684 hodie
226 1633 286 1682 de
319 1634 539 1683 confesso
571 1635 830 1695 homicida,
878 1637 1088 1685 scientes
1122 1636 1424 1684 homicidium
1459 1634 1571 1700 quid
1604 1636 1680 1695 sit,

36 1705 350 1758 ,nihilominus
370 1705 579 1753 ordinem
599 1707 894 1771 extorquetis
912 1706 1125 1754 admissi:
1154 1724 1245 1771 quo
1263 1708 1551 1771 perversius,
1579 1723 1684 1754 cum

52 1776 361 1840 praesumatis
386 1774 445 1823 de
471 1776 731 1824 sceleribus
755 1779 931 1824 nostris
957 1794 1017 1825 ex
1041 1779 1241 1824 nominis
1261 1778 1583 1835 confessione,
1603 1793 1683 1824 co-

52 1846 165 1910 gitis
187 1847 436 1894 tormentis
464 1845 522 1894 de
550 1847 851 1895 confessione
879 1846 1141 1905 decedere,
1175 1857 1224 1894 ut
1250 1856 1482 1910 negantes
1514 1863 1686 1895 nomen

54 1917 235 1980 pariter
255 1917 418 1980 utique
443 1931 669 1980 negemus
695 1926 743 1964 et
773 1917 979 1975 scelera,
1015 1916 1073 1965 de
1100 1917 1267 1981 quibus
1295 1934 1355 1964 ex
1380 1918 1685 1965 confessione

56 1986 256 2034 nominis
279 1988 711 2050 praesumpseratis.
760 1985 871 2045 Sed,
907 1990 1087 2051 opinor,
1115 2004 1205 2034 non
1231 1987 1373 2035 vultis
1398 2005 1484 2035 nos
1509 1990 1684 2052 perire,

57 2072 174 2120 quos
202 2057 432 2120 pessimos
465 2056 676 2104 creditis.
727 2055 809 2104 Sic
843 2058 964 2104 enim
996 2058 1161 2105 soletis
1194 2057 1357 2106 dicere
1390 2058 1685 2106 homicidae:

56 2141 202 2191 nega3
236 2126 398 2174 laniari
430 2126 594 2174 iubere
627 2127 927 2191 sacrilegum,
962 2129 999 2176 si
1033 2128 1250 2176 confiteri
1282 2130 1684 2192 perseveraverit.

57 2195 233 2244 Sinon
263 2197 328 2244 ita
359 2197 499 2260 agitis
532 2198 660 2245 circa
684 2214 769 2245 nos
795 2207 1047 2257 nocentes,
1085 2216 1202 2263 ergo
1239 2216 1326 2247 nos
1351 2200 1687 2247 innocentissi-

58 2283 156 2316 mos
191 2265 432 2325 iudicatis,
482 2284 584 2316 cum
618 2269 750 2333 quasi
789 2268 1205 2318 innocentissimos
1245 2286 1338 2317 non
1377 2270 1518 2318 vultis
1549 2270 1596 2317 in
1630 2285 1689 2318 ea

59 2337 360 2386 confessione
383 2353 713 2401 perseverare,
748 2355 882 2403 quam
907 2342 1215 2398 necessitate,
1251 2358 1344 2387 non
1362 2340 1542 2388 iustitia
1560 2339 1690 2387 dam-

57 2406 253 2461 nandam
276 2424 303 2455 a
328 2407 459 2456 vobis
484 2410 661 2457 sciatis·
711 2410 1023 2458 Vociferatur
1054 2412 1217 2458 homo:
1252 2410 1546 2458 Christianus
1570 2427 1686 2459 sum.

60 2477 196 2538 Quod
227 2487 299 2526 est
330 2477 468 2539 dicit3
500 2488 549 2527 tu
579 2481 651 2528 vis
681 2480 869 2538 audire,
912 2481 1038 2545 quod
1068 2498 1162 2529 non
1195 2490 1285 2528 est.
1342 2481 1572 2529 Veritatis
1604 2497 1690 2529 ex-

23 2545 26 2549 ’
58 2547 351 2612 torquendae
381 2549 649 2614 praesides,
691 2550 750 2599 de
783 2551 920 2598 nobis
952 2553 1066 2599 solis
1097 2551 1389 2599 mendacium
1431 2551 1689 2601 elaboratis

56 2617 242 2667 andire.
307 2619 410 2668 Hoc
441 2636 564 2679 sum,
596 2622 768 2686 inquit,
802 2620 926 2685 quod
959 2623 1174 2686 quaeris,
1223 2638 1281 2669 an
1314 2624 1423 2681 simz,
1471 2622 1583 2687 quid
1614 2640 1687 2672 me

60 2696 254 2752 torques
282 2689 331 2736 in
361 2694 667 2754 perversum?
712 2692 966 2749 confiteor,
1001 2701 1047 2739 et
1078 2701 1291 2756 torques3
1336 2692 1446 2758 quid
1480 2694 1685 2752 faceres,

58 2758 102 2811 si
132 2762 387 2821 negarem?
443 2760 589 2809 Plane
634 2762 740 2810 aliis
786 2763 1070 2826 negantibus
1116 2780 1209 2811 non
1247 2764 1390 2812 facile
1430 2763 1567 2812 fidem
1606 2780 1688 2812 ac-

62 2827 393 2888 commodatis3
449 2831 607 2890 nobis,
658 2834 695 2879 si
729 2834 1080 2896 negaverimus,
1129 2834 1282 2881 statim
1322 2833 1532 2883 creditis.
1597 2834 1688 2883 Su-

61 2906 226 2962 specta
256 2899 318 2945 sit
345 2899 479 2948 vobis
495 2903 539 2960 2)
575 2903 663 2949 ista
692 2904 1000 2967 perversitas,
1037 2919 1095 2951 ne
1127 2921 1216 2968 qua
1246 2906 1317 2953 vis
1349 2905 1494 2953 lateat
1524 2906 1570 2952 in
1604 2921 1687 2952 oc-

176 3010 221 3059 1)
254 3013 434 3060 VVouw„
454 3014 541 3062 Rig.
558 3020 600 3053 et
617 3017 795 3054 Haverc.
817 3017 1159 3065 temetipsam.
1275 3019 1322 3067 2)
1351 3019 1586 3058 Barraeus:
1618 3018 1689 3057 sit

61 3067 231 3115 nobis,
277 3068 433 3106 Paniel.
458 3073 499 3107 et
523 3072 702 3110 Semler:
750 3072 815 3109 fit
845 3074 1014 3122 nobis,
1063 3075 1197 3113 ceteri
1218 3084 1388 3114 omnes:
1417 3075 1488 3114 nit
1516 3074 1685 3119 vobis;

25 3121 286 3178 [legendum
304 3125 504 3163 fortasse:
540 3127 607 3165 sit
638 3129 685 3165 in
719 3129 877 3166 vobis.
