1942 3554
288 229 368 278 50
818 223 900 263 DE
931 223 1382 262 monetarum

290 376 480 416 sanctae
506 366 652 429 stupri
676 363 906 412 vocabulo
931 371 1123 410 utuntur
1146 363 1191 409 iu
1211 361 1511 408 idololatriae
1530 359 1914 428 exprobration

291 436 486 485 Fraudis
527 434 739 483 conditio
779 449 837 480 ea
868 442 941 481 est
980 434 1170 496 opinor,
1219 433 1258 478 si
1291 432 1392 495 quis
1423 430 1627 477 alienum
1657 431 1809 494 rapiat
1839 445 1866 476 a
1893 447 1932 477 ι

291 509 371 555 alii
419 506 623 553 debitum
672 504 901 567 deneget,
964 512 1012 549 et
1056 503 1216 566 utique
1272 517 1390 564 erga
1433 501 1667 548 hominem
1717 498 1921 548 admis

293 579 421 625 fraus
466 577 653 629 maximi
709 575 918 621 criminis
971 589 1140 621 nomen
1188 580 1276 622 est.
1363 570 1428 618 At
1481 572 1601 618 enim
1649 569 1938 617 idololatr’‚

294 646 504 695 fraudem
540 645 630 693 deo
665 645 802 701 facit,
835 645 1041 690 honores
1073 643 1142 689 illi
1174 659 1282 690 suos
1316 640 1555 705 denegans
1590 649 1638 688 et
1669 639 1904 688 confere

295 717 422 774 aliis,
462 725 513 763 ut
544 714 696 763 fraudi
730 716 866 762 etiam
902 713 1235 761 contumeliam
1268 713 1540 774 coniungat.
1621 709 1798 770 Quodsi
1831 719 1877 758 ta
1891 723 1931 775 j

295 789 424 836 fraus
457 802 590 850 quam
623 794 831 848 stuprum
863 793 999 847 atque
1033 782 1311 830 adulterium
1345 790 1542 830 mortem
1573 781 1790 839 afferunt,
1831 781 1899 827 ia'
1926 799 1932 819 1

296 859 345 905 in
382 857 455 903 his
494 871 642 920 aeque
683 854 952 902 idololatria
991 852 1050 900 de
1090 851 1331 899 homicidii
1369 860 1504 899 reatu
1543 868 1636 898 non
1677 851 1876 898 liberatu
1915 853 1942 875 ”

298 927 412 977 Post
448 926 562 974 talia
602 926 817 981 crimina,
868 933 957 971 tam
1000 924 1222 980 exitiosa,
1269 931 1360 968 tam
1402 921 1704 969 devoratoria
1745 918 1935 991 salutiss.

300 1006 464 1044 cetera
496 1011 681 1060 quoque
708 995 909 1058 aliquem
936 992 994 1041 ad
1019 992 1200 1040 modum
1229 1001 1277 1040 et
1302 1008 1515 1039 seorsum
1540 984 1742 1055 proinde
1770 990 1929 1054 dispo}

299 1068 406 1125 sita,
440 1067 486 1112 in
518 1065 789 1116 idololatria
820 1063 1140 1111 conditionem
1173 1079 1300 1110 suam
1332 1069 1708 1126 repraesentant.
1765 1060 1816 1108 ln
1848 1060 1937 1115 illu

301 1146 349 1185 et
374 1136 790 1200 concupiscentiae
817 1135 984 1192 seculi3
1024 1150 1142 1198 quae
1163 1134 1285 1180 enim
1312 1130 1613 1180 idololatriae
1638 1131 1938 1180 sollemnitas-2

300 1209 400 1254 sine
433 1207 686 1254 ambitione
720 1206 869 1253 cultus
903 1214 949 1252 et
982 1206 1202 1251 ornatus?
1247 1203 1297 1250 In
1330 1203 1410 1250 illa
1440 1203 1664 1253 lasciviae
1697 1210 1747 1250 et
1770 1202 1938 1265 ebrie}-

299 1286 444 1334 tates‚
494 1293 597 1323 cum
641 1277 885 1339 plurimum
931 1276 1085 1322 victus
1125 1283 1174 1321 et
1213 1274 1390 1321 ventris
1430 1281 1478 1320 et
1515 1272 1720 1320 libidinis
1759 1286 1936 1332 caussa&

301 1348 678 1411 frequententur.
756 1345 805 1392 In
852 1346 933 1391 illa
978 1345 1228 1403 iniustitia3
1280 1342 1391 1407 quid
1429 1344 1551 1390 enim
1589 1344 1808 1390 iniustius
1854 1355 1930 1409 eq,-

302 1432 420 1480 quae
452 1417 661 1464 iustitiae
696 1425 875 1480 patrem
908 1416 1092 1462 nescit?
1151 1414 1202 1461 ln
1242 1415 1321 1460 illa
1362 1415 1500 1461 etiam
1539 1414 1743 1471 vanitas,
1792 1408 1927 1479 quujy

301 1496 401 1534 tota
433 1488 533 1534 eius
565 1487 685 1533 ratio
718 1502 837 1532 vana
868 1486 941 1530 sit.
991 1485 1042 1531 In
1074 1484 1153 1530 illa
1183 1483 1493 1541 mendacium,
1527 1499 1664 1546 quum
1695 1492 1795 1530 tota
1821 1481 1942 1531 suli·-

302 1557 470 1603 stantia
504 1557 604 1603 eius
635 1554 835 1602 mendax
868 1556 943 1601 sit.
1021 1554 1089 1600 Ita
1120 1553 1194 1609 fit,
1238 1562 1287 1601 ut
1318 1555 1472 1600 omnia
1502 1555 1556 1600 in>
1582 1551 1851 1601 idololatria
1881 1562 1936 1606 m>

301 1628 348 1672 in
390 1625 601 1672 omnibus
640 1625 911 1671 idololatria
949 1622 1346 1687 deprehendatur.
1423 1622 1519 1671 Sed
1559 1631 1606 1670 et
1645 1624 1759 1671 alias
1792 1617 1938 1687 quum⁴

304 1697 522 1742 universa
554 1694 728 1742 delicta
759 1693 985 1741 adversus
1019 1692 1154 1740 deum
1188 1694 1394 1756 sapiant,
1433 1693 1547 1740 nihil
1580 1703 1759 1751 autem,
1804 1692 1935 1757 quo'gls

305 1765 526 1812 adversus
567 1764 762 1826 deum1)
809 1765 979 1827 sapiat,
1007 1780 1009 1782 ·
1036 1780 1129 1810 non
1170 1762 1429 1811 daemoniis
1469 1771 1518 1810 et
1553 1763 1798 1811 immundis
1838 1764 1919 1828 spi·

303 1835 469 1882 ritibus
518 1835 789 1898 deputetur,
839 1834 1005 1898 quibus
1051 1832 1178 1880 idola
1224 1834 1570 1896 mancipantur:
1639 1835 1740 1881 sine
1789 1829 1942 1885 dubit<-

304 1905 617 1952 idololatriam
664 1904 889 1961 admittit,
940 1905 1204 1967 quicunque
1253 1902 1503 1967 delinquit3
1550 1901 1598 1950 id
1645 1905 1768 1951 enim
1816 1901 1918 1953 facti

305 1975 429 2038 quod
461 1974 520 2022 ad
550 1974 783 2021 idolorum
815 1976 1055 2037 mancipes
1090 1975 1316 2036 pertinet.
1891 1979 1897 1985 “

447 2050 497 2095 2.
543 2044 640 2092 Sed
663 2046 887 2091 universa
908 2045 1094 2091 nomina
1121 2045 1366 2091 criminum
1390 2043 1638 2092 discedant
1661 2045 1708 2091 in
1736 2057 1942 2109 operum

304 2131 492 2162 suorum
522 2115 865 2176 proprietates,
912 2122 1153 2160 remaneat
1190 2112 1461 2160 idololatria
1498 2115 1546 2160 in
1585 2130 1643 2161 eo
1677 2114 1803 2178 quod
1834 2116 1942 2178 ipe:

305 2191 399 2230 est:
448 2183 621 2230 sufficit
666 2183 754 2230 sibi
799 2192 890 2230 tam
936 2184 1172 2230 inimicum
1219 2182 1309 2231 deo
1349 2199 1543 2242 nomen,
1590 2193 1682 2231 tam
1721 2186 1942 2249 locuples:

305 2254 563 2300 substantia
595 2254 825 2311 criminis,
859 2268 978 2317 quae
1010 2262 1082 2300 tot
1111 2269 1266 2300 ramos
1298 2255 1529 2318 porrigit,
1563 2263 1634 2302 tot
1662 2270 1808 2303 venas
1842 2254 1942 2302 difi-

303 2323 477 2381 fundit‚
524 2332 575 2370 ut
607 2322 664 2371 de
697 2324 786 2371 hoc
828 2340 931 2371 cum
962 2325 1162 2372 maxime
1204 2325 1402 2371 materia
1431 2333 1649 2388 suscepta
1690 2326 1772 2386 sit,
1821 2341 1911 2389 quo

305 2392 454 2440 modis
485 2393 622 2441 nobis
654 2393 985 2457 praecavenda
1015 2395 1076 2440 sit
1106 2393 1406 2441 idololatriae
1441 2394 1660 2453 latitudo,
1712 2397 1942 2460 quoniam.

303 2464 602 2511 multifariam
635 2481 800 2511 servos
833 2463 909 2511 dei
943 2480 1031 2511 nec
1064 2473 1239 2511 tantum
1271 2466 1508 2528 ignorata,
1545 2465 1631 2513 sed
1663 2467 1803 2513 etiam
1837 2465 1916 2514 dis-

305 2534 516 2584 simulata
547 2534 793 2582 subvertit.
858 2534 1076 2598 Plerique
1109 2533 1424 2582 idololatriam
1455 2535 1736 2598 simpliciter
1766 2537 1916 2584 existi·

303 2612 430 2649 mant
467 2604 539 2651 his
578 2605 690 2652 solis
722 2605 872 2652 modis
912 2604 1339 2668 interpretandam:
1391 2607 1430 2652 si
1462 2607 1566 2669 quis
1596 2613 1677 2652 aut
1705 2605 1915 2655 incenda'

304 2681 384 2718 aut
415 2674 620 2723 immolet
650 2683 731 2722 aut
759 2675 998 2738 polluceat
1036 2683 1115 2722 aut
1146 2676 1294 2722 sacris
1325 2674 1557 2739 aliquibus
1593 2682 1673 2722 aut
1703 2675 1915 2738 sacerdo-

304 2743 380 2788 tiis
415 2743 672 2807 obligetur3
726 2745 1112 2808 quemadmodum
1153 2747 1193 2791 si
1234 2746 1335 2808 quis
1375 2746 1611 2792 existimet
1648 2744 1918 2794 adulterium

305 2812 352 2859 in
386 2814 559 2859 osculis
598 2822 646 2860 et
684 2816 729 2860 in
770 2815 1060 2878 amplexibus
1101 2823 1148 2862 et
1178 2816 1224 2861 in
1256 2815 1366 2878 ipsa,
1397 2815 1551 2862 carnis
1585 2817 1916 2879 congressiom

305 2881 611 2939 censendum,
646 2893 725 2929 aut
755 2884 1054 2932 homicidium
1086 2886 1132 2931 in
1165 2885 1265 2931 sola
1298 2885 1538 2948 sanguinis
1569 2886 1844 2949 profusione
1878 2896 1915 2935 αἱ

304 2952 350 2998 in
382 2953 562 2999 animae
597 2954 841 3015 ereptione
874 2953 1197 3017 reputandum.
1273 2952 1338 3000 At
1376 2956 1498 3002 enim
1538 2954 1750 3004 dominus
1791 2968 1915 3020 quau

419 3116 461 3167 1)
494 3119 722 3167 Rigaltius:
758 3121 899 3157 deum
934 3123 1143 3170 sapiant
1170 3144 1220 3152 --
1254 3121 1398 3160 deum
1431 3124 1624 3174 sapiat,
1658 3125 1808 3163 ceteri:
1840 3125 1914 3164 do·

302 3174 488 3211 minum
522 3187 541 3211 e
586 3196 636 3202 ——
673 3176 928 3214 dominum
961 3179 1146 3226 sapiat.
