1942 3554
283 236 398 284 210
571 233 661 271 DE
705 232 891 270 FUGA
932 232 1003 270 IN
1039 220 1631 272 PERSECUT'Io'NJQ

284 375 368 423 das
415 372 670 430 docebat‚)
719 370 804 418 sed
850 379 1046 434 propter
1091 371 1356 433 profectum
1387 370 1794 429 annuntiationis,
1831 369 1913 426 ἰὴ

283 446 438 492 statim
473 443 716 506 oppressis
749 441 984 503 evangelii
1019 457 1204 504 quoque
1238 439 1556 488 disseminatio
1588 442 1911 504 perimeretum>

287 516 455 578 Neque
490 514 612 560 enim
647 513 778 575 quasi
818 511 976 558 tacitis
1019 511 1065 557 in
1098 512 1296 574 aliquam
1331 511 1570 558 civitatem
1600 512 1940 575 'transfugiens‘

287 585 392 632 dum
427 593 550 641 erat,
592 582 677 629 sed
710 582 840 646 quasi
875 581 1047 645 ubique
1079 582 1420 628 annuntiaturis
1452 590 1499 628 et
1530 591 1591 628 ex
1624 581 1714 628 hoc
1746 581 1929 647 ubique?

286 656 649 720 persecutiones
676 652 915 709 subituris,
951 651 1102 698 donec
1127 653 1370 715 replerent
1394 650 1609 698 doctrina
1634 667 1731 698 sua.
1777 651 1922 714 Deci-³

289 742 377 790 que
412 741 504 772 non
538 723 945 780 consummabitis,
987 723 1156 785 inquit,
1205 723 1420 769 civitates
1453 721 1721 783 Isra&lis¹).
1780 717 1935 781 Adest}-⁴

289 800 412 843 intra
472 795 699 842 terminos
747 792 953 840 Iudaeae
1014 801 1316 857 praeceptum
1377 793 1519 856 fugae
1573 783 1931 843 continebatur}

287 867 441 914 Nobis
487 874 640 912 autem
689 864 812 911 nulla
858 862 1060 910 Iudaeae
1100 863 1365 926 praefinitio
1406 863 1631 926 competit
1675 861 1934 927 praedicas}

289 938 454 993 tionis,
487 937 532 982 in
568 952 749 982 omnem
782 935 872 980 iam
905 949 1095 981 carnem
1130 933 1277 980 effuso
1313 935 1478 998 spiritu
1510 941 1690 980 sancto.
1761 932 1925 1004 ltaqub'⁸

291 1008 458 1055 Paulus
491 1015 539 1052 et
568 1004 787 1068 Apostoli
822 1005 932 1067 ipsi,
975 1019 1205 1051 memores
1238 1005 1482 1067 praecepti
1515 1002 1761 1060 dominici,
1810 1002 1930 1066 conti,

290 1087 524 1125 testantur
545 1076 589 1138 2)
637 1075 748 1122 illud
790 1073 911 1137 apud
944 1074 1116 1131 lsrae'l,
1166 1090 1301 1137 quem
1339 1075 1430 1121 iam
1470 1072 1686 1120 doctrina
1725 1089 1808 1121 sua
1839 1065 1931 1134 ini}

290 1149 557 1211 pleverant:
613 1146 764 1192 Vobis
811 1145 1022 1207 oportuit
1068 1145 1114 1190 in
1160 1145 1319 1207 primis
1360 1159 1626 1191 sermonem
1669 1142 1747 1191 dei
1785 1126 1927 1207 tradi)

293 1217 375 1264 sed
426 1217 643 1279 quoniam
689 1215 927 1278 repulistis
974 1230 1078 1260 eum
1125 1231 1213 1261 nee
1254 1213 1423 1278 dignos
1461 1230 1546 1261 vos
1591 1223 1787 1262 aeterna
1831 1210 1942 1263 νίῐᾶΤ

295 1288 621 1343 existimastis,
678 1302 795 1332 ecce
845 1285 1162 1331 convertimus
1208 1301 1294 1331 nos
1338 1283 1399 1331 ad
1443 1285 1677 1331 nationes.
1765 1279 1929 1349 Atqui

295 1357 467 1405 exinde
502 1357 718 1403 conversi
755 1364 803 1402 et
832 1356 942 1418 ipsi,
993 1355 1116 1401 sicut
1146 1364 1480 1402 antecessores
1511 1355 1832 1412 instituerant,
1878 1358 1939 1420 ᾀ

292 1431 339 1476 in
387 1429 506 1474 viam
557 1428 793 1474 nationum
839 1426 1056 1472 abierunt
1096 1434 1144 1473 et
1182 1426 1229 1472 in
1269 1426 1487 1473 civitates
1527 1424 1940 1485 Samaritanorum·

294 1500 603 1554 introierunt,
638 1506 688 1543 ut
719 1498 766 1543 in
798 1505 943 1543 totam
976 1496 1166 1542 scilicet
1195 1505 1370 1543 terram
1403 1496 1559 1543 exiret
1589 1512 1731 1544 sonus
1765 1491 1942 1552 eoruffqsss·

295 1579 344 1616 et
377 1571 420 1615 in
455 1569 683 1615 terminos
717 1566 845 1613 orbis
876 1581 1023 1613 voces
1055 1567 1298 1624 eorum.3)
1372 1565 1422 1613 Si
1455 1582 1572 1630 ergo
1605 1568 1814 1615 cessavit
1844 1560 1926 1619 exi»

297 1640 456 1702 ceptio
504 1639 606 1685 viae
656 1638 893 1684 nationum
935 1645 984 1682 et
1021 1637 1242 1683 introitus
1279 1637 1326 1683 in
1360 1637 1577 1684 civitates
1610 1635 1927 1688 Samaritanus

297 1727 422 1766 rum,
465 1725 548 1755 cur
578 1725 669 1753 non
704 1707 963 1754 cessaverit
995 1715 1044 1753 et
1073 1707 1214 1770 fugae
1246 1715 1549 1770 praeceptum
1580 1708 1761 1770 pariter
1792 1708 1927 1755 emisi·

298 1782 426 1826 sum?
475 1778 688 1841 Denique
723 1793 782 1823 cx
814 1794 904 1839 quo
937 1785 1146 1824 saturato
1181 1777 1357 1823 Israe'le
1381 1774 1601 1839 Apostoli
1632 1778 1680 1823 in
1710 1779 1929 1841 nationes

301 1850 614 1905 transierunt,
662 1863 751 1894 nec
784 1848 1008 1910 fugerunt
1040 1846 1097 1893 de
1139 1848 1330 1894 civitate
1362 1848 1408 1893 in
1442 1847 1680 1894 civitatem
1712 1863 1802 1894 nec
1833 1848 1928 1911 pati

302 1920 651 1967 dubitaverunt.
727 1917 904 1981 Atquin
952 1926 1000 1964 et
1040 1917 1231 1974 Paulus,
1279 1918 1356 1980 qui
1395 1933 1446 1964 se
1485 1932 1571 1980 per
1609 1930 1787 1964 murum
1819 1926 1928 1966 coti*

303 1999 515 2038 cesserat
548 1987 763 2052 expediri
797 1988 855 2034 de
889 1988 1248 2051 persecutione,
1284 2005 1372 2051 qua
1402 1987 1461 2035 ad
1494 1988 1584 2035 hoc
1616 1996 1798 2051 tempus
1831 1988 1927 2047 erat

302 2061 568 2125 praecepti,
604 2058 726 2106 idem
759 2061 848 2105 iam
880 2060 926 2104 in
961 2058 1168 2105 clausula
1202 2058 1342 2105 officii
1375 2067 1424 2106 et
1454 2059 1499 2104 in
1533 2060 1927 2115 consummatione

302 2131 572 2196 praecepti,
622 2128 864 2191 discipulis
898 2144 1186 2191 magnopere
1222 2128 1606 2192 deprecantibus,
1649 2145 1707 2175 ne
1739 2144 1790 2175 se
1823 2126 1925 2176 Hia-

303 2201 545 2263 rosolyma
590 2200 908 2245 committeret
947 2214 1166 2261 passurus
1206 2199 1302 2245 illic
1346 2215 1464 2263 quae
1502 2198 1696 2261 Agabus
1733 2199 1924 2264 prophes-

305 2279 503 2326 taverat,
538 2267 845 2316 sollicitudini
874 2284 1034 2314 eorum
1060 2285 1151 2314 non
1179 2268 1472 2331 subscripsit,
1506 2267 1591 2315 sed
1617 2285 1642 2315 e
1670 2271 1908 2317 contrario

307 2340 446 2399 Quid,
474 2340 624 2402 inquit
639 2340 683 2397 4)
697 2373 710 2396 ,
744 2339 900 2384 facitis
919 2338 1215 2385 lacrimantes
1234 2347 1282 2384 et
1299 2338 1636 2385 conturbantes
1655 2355 1741 2385 cor
1757 2343 1921 2403 meungzj‘

307 2411 413 2474 Ego
449 2411 572 2458 enim
604 2426 696 2455 non
729 2408 868 2454 modo
901 2408 1088 2454 vincula
1112 2409 1208 2470 pati
1235 2409 1508 2471 optaverim,
1542 2407 1627 2455 sed
1652 2410 1792 2456 etiam
1819 2419 1920 2458 mor

310 2481 655 2545 Hierosolymis
693 2496 778 2542 pro
811 2479 998 2525 nomine
1032 2477 1203 2524 domini
1245 2479 1335 2525 mei
1370 2478 1473 2525 Iesu
1508 2478 1700 2526 Christi.
1779 2477 1919 2543 Atqui

310 2553 373 2599 ita
406 2566 568 2597 omnes
600 2551 807 2597 aierunt:
854 2550 932 2595 liat
964 2548 1177 2595 voluntas
1211 2547 1400 2595 domini.
1479 2548 1608 2607 Quae
1641 2558 1742 2597 erat
1773 2547 1910 2601 volun

309 2631 380 2668 tas
413 2621 618 2667 domini?
663 2621 822 2683 utique
857 2636 948 2666 uon
979 2618 1189 2681 fugiendi
1222 2619 1310 2664 iam
1343 2620 1743 2681 persecutionem.
1799 2619 1912 2677 Ceto

311 2709 411 2739 rum
460 2699 678 2755 poterant
723 2700 771 2737 et
815 2691 1022 2753 priorem
1069 2688 1244 2735 domini
1289 2689 1574 2736 voluntatem
1614 2690 1942 2753 proposuisse.

314 2779 400 2824 qua
448 2762 615 2824 fugere
664 2759 984 2818 mandaverat,
1042 2760 1119 2822 qui
1165 2759 1293 2805 illum
1339 2761 1717 2822 persecutionem
1766 2761 1915 2810 vitass-

314 2832 588 2878 maluerant.
660 2831 808 2894 Igitur
839 2846 940 2876 cum
975 2831 1111 2876 etiam
1147 2829 1229 2875 sub
1262 2829 1505 2892 Apostolis
1539 2831 1652 2894 ipsis
1683 2828 1919 2894 temporal

314 2900 454 2947 fuerit
482 2902 625 2963 fugae
653 2909 975 2963 praeceptum,
1003 2901 1125 2946 sicut
1151 2908 1195 2946 et
1222 2901 1506 2963 reliquorum
1526 2901 1912 2964 praescriptoruu

314 2987 408 3017 non
442 2980 599 3034 potest
629 2970 750 3033 apud
782 2987 867 3016 nos
900 2985 1235 3033 perseverare,
1284 2969 1406 3032 quod
1447 2969 1570 3034 apud
1602 2969 1827 3018 doctores
1860 2985 1912 3016 no

316 3105 351 3114 -κ

437 3195 481 3242 1)
498 3195 648 3233 Matth.
666 3197 732 3238 10,
753 3197 819 3234 23.
895 3197 938 3239 2)
957 3197 1046 3232 Act.
1066 3197 1132 3242 13,
1151 3196 1216 3232 46.
1289 3197 1329 3241 3)
1352 3196 1416 3232 Ps.
1437 3197 1503 3241 18,
1522 3198 1558 3231 4.
1632 3196 1778 3243 4)Act.
1798 3198 1862 3242 2¹1,
1885 3198 1903 3234 1
1938 3200 1942 3233 l
