<?xml version="1.0" encoding="UTF-8"?>
<!DOCTYPE html PUBLIC "-//W3C//DTD XHTML 1.0 Transitional//EN"
    "http://www.w3.org/TR/xhtml1/DTD/xhtml1-transitional.dtd">
<html xmlns="http://www.w3.org/1999/xhtml" xml:lang="en" lang="en">
 <head>
  <title>
</title>
<meta http-equiv="Content-Type" content="text/html;charset=utf-8" />
  <meta name='ocr-system' content='tesseract 3.04.00' />
  <meta name='ocr-capabilities' content='ocr_page ocr_carea ocr_par ocr_line ocrx_word'/>
</head>
<body>
  <div class='ocr_page' id='page_1' title='image "./operatert12tertuoft_0094.png"; bbox 0 0 1942 3554; ppageno 0'>
   <div class='ocr_carea' id='block_1_1' title="bbox 281 239 1397 299">
    <p class='ocr_par' dir='ltr' id='par_1_1' title="bbox 281 239 1397 299">
     <span class='ocr_line' id='line_1_1' title="bbox 281 239 1397 299; baseline -0.005 -15"><span class='ocrx_word' id='word_1_1' title='bbox 281 241 354 299; x_wconf 51' lang='grc' dir='ltr'><strong>’Β</strong></span> <span class='ocrx_word' id='word_1_2' title='bbox 814 239 1397 281; x_wconf 72' lang='lat' dir='ltr'><strong>APoLoGETICUS.</strong></span> 
     </span>
    </p>
   </div>
   <div class='ocr_carea' id='block_1_2' title="bbox 1831 476 1937 3234">
    <p class='ocr_par' dir='ltr' id='par_1_2' title="bbox 1831 476 1937 3234">
     <span class='ocr_line' id='line_1_2' title="bbox 1831 476 1933 556; baseline 0 0"><span class='ocrx_word' id='word_1_3' title='bbox 1831 476 1933 556; x_wconf 95' lang='lat' dir='ltr'><strong>  </strong></span> 
     </span>
     <span class='ocr_line' id='line_1_3' title="bbox 1838 556 1937 761; baseline -0.02 -67"><span class='ocrx_word' id='word_1_4' title='bbox 1838 556 1937 761; x_wconf 95' lang='lat' dir='ltr'><strong>    </strong></span> 
     </span>
     <span class='ocr_line' id='line_1_4' title="bbox 1855 761 1934 973; baseline -0.063 -66"><span class='ocrx_word' id='word_1_5' title='bbox 1855 761 1934 973; x_wconf 95' lang='lat' dir='ltr'><strong>    </strong></span> 
     </span>
     <span class='ocr_line' id='line_1_5' title="bbox 1855 973 1933 1112; baseline -0.115 -64"><span class='ocrx_word' id='word_1_6' title='bbox 1855 973 1933 1112; x_wconf 95' lang='lat' dir='ltr'><strong>   </strong></span> 
     </span>
     <span class='ocr_line' id='line_1_6' title="bbox 1864 1112 1933 1324; baseline -0.101 -135"><span class='ocrx_word' id='word_1_7' title='bbox 1864 1112 1933 1324; x_wconf 95' lang='lat' dir='ltr'><strong>     </strong></span> 
     </span>
     <span class='ocr_line' id='line_1_7' title="bbox 1855 1324 1931 1396; baseline 0 -8"><span class='ocrx_word' id='word_1_8' title='bbox 1855 1324 1931 1396; x_wconf 95' lang='lat' dir='ltr'><strong>  </strong></span> 
     </span>
     <span class='ocr_line' id='line_1_8' title="bbox 1853 1396 1931 1599; baseline 0 -128"><span class='ocrx_word' id='word_1_9' title='bbox 1853 1396 1931 1599; x_wconf 95' lang='lat' dir='ltr'><strong>   </strong></span> 
     </span>
     <span class='ocr_line' id='line_1_9' title="bbox 1875 1611 1921 1740; baseline 0 -64"><span class='ocrx_word' id='word_1_10' title='bbox 1875 1611 1921 1740; x_wconf 95' lang='lat' dir='ltr'><strong>   </strong></span> 
     </span>
     <span class='ocr_line' id='line_1_10' title="bbox 1854 1740 1924 1951; baseline -0.014 -64"><span class='ocrx_word' id='word_1_11' title='bbox 1854 1740 1924 1951; x_wconf 95' lang='lat' dir='ltr'><strong>    </strong></span> 
     </span>
     <span class='ocr_line' id='line_1_11' title="bbox 1838 1951 1916 2130; baseline 0 0"><span class='ocrx_word' id='word_1_12' title='bbox 1838 1951 1916 2130; x_wconf 95' lang='lat' dir='ltr'><strong>   </strong></span> 
     </span>
     <span class='ocr_line' id='line_1_12' title="bbox 1847 2130 1919 2318; baseline 0 -127"><span class='ocrx_word' id='word_1_13' title='bbox 1847 2130 1919 2318; x_wconf 95' lang='lat' dir='ltr'><strong>   </strong></span> 
     </span>
     <span class='ocr_line' id='line_1_13' title="bbox 1831 2423 1914 2644; baseline 0 -140"><span class='ocrx_word' id='word_1_14' title='bbox 1831 2423 1914 2644; x_wconf 95' lang='lat' dir='ltr'><strong>   </strong></span> 
     </span>
     <span class='ocr_line' id='line_1_14' title="bbox 1844 2644 1907 2786; baseline 0 -64"><span class='ocrx_word' id='word_1_15' title='bbox 1844 2644 1907 2786; x_wconf 95' lang='lat' dir='ltr'><strong>   </strong></span> 
     </span>
     <span class='ocr_line' id='line_1_15' title="bbox 1837 2786 1911 2995; baseline -0.041 -141"><span class='ocrx_word' id='word_1_16' title='bbox 1837 2786 1911 2995; x_wconf 95' lang='lat' dir='ltr'><strong>    </strong></span> 
     </span>
     <span class='ocr_line' id='line_1_16' title="bbox 1864 3001 1906 3234; baseline 0 -97"><span class='ocrx_word' id='word_1_17' title='bbox 1864 3001 1906 3234; x_wconf 95' lang='lat' dir='ltr'><strong>  </strong></span> 
     </span>
    </p>
   </div>
   <div class='ocr_carea' id='block_1_3' title="bbox 271 374 1942 1918">
    <p class='ocr_par' dir='ltr' id='par_1_3' title="bbox 271 374 1942 1918">
     <span class='ocr_line' id='line_1_17' title="bbox 275 374 1871 447; baseline -0.002 -16"><span class='ocrx_word' id='word_1_18' title='bbox 275 383 433 435; x_wconf 79' lang='lat' dir='ltr'><strong>officio</strong></span> <span class='ocrx_word' id='word_1_19' title='bbox 463 380 711 447; x_wconf 81' lang='lat' dir='ltr'>praefandi</span> <span class='ocrx_word' id='word_1_20' title='bbox 742 393 987 435; x_wconf 84' lang='lat' dir='ltr'><strong>vocantur.</strong></span> <span class='ocrx_word' id='word_1_21' title='bbox 1062 382 1224 431; x_wconf 73' lang='lat' dir='ltr'><strong>Voces</strong></span> <span class='ocrx_word' id='word_1_22' title='bbox 1257 374 1421 428; x_wconf 67' lang='lat' dir='ltr'><strong>eorum</strong></span> <span class='ocrx_word' id='word_1_23' title='bbox 1450 381 1655 445; x_wconf 69' lang='lat' dir='ltr'><strong>itemque</strong></span> <span class='ocrx_word' id='word_1_24' title='bbox 1681 379 1830 428; x_wconf 80' lang='lat' dir='ltr'><strong>-virtut</strong></span> <span class='ocrx_word' id='word_1_25' title='bbox 1843 401 1871 420; x_wconf 83' lang='lat'><strong>·-:</strong></span> 
     </span>
     <span class='ocr_line' id='line_1_18' title="bbox 274 449 1901 518; baseline -0.006 -13"><span class='ocrx_word' id='word_1_26' title='bbox 274 469 389 518; x_wconf 89' lang='lat' dir='ltr'><strong>quas</strong></span> <span class='ocrx_word' id='word_1_27' title='bbox 423 451 484 500; x_wconf 88' lang='lat' dir='ltr'><strong>ad</strong></span> <span class='ocrx_word' id='word_1_28' title='bbox 515 451 655 501; x_wconf 80' lang='lat' dir='ltr'><strong>fidem</strong></span> <span class='ocrx_word' id='word_1_29' title='bbox 686 450 943 501; x_wconf 80' lang='lat' dir='ltr'><strong>divinitatis</strong></span> <span class='ocrx_word' id='word_1_30' title='bbox 991 453 1216 511; x_wconf 83' lang='lat' dir='ltr'><strong>edebant,</strong></span> <span class='ocrx_word' id='word_1_31' title='bbox 1271 453 1318 498; x_wconf 89' lang='lat' dir='ltr'><strong>in</strong></span> <span class='ocrx_word' id='word_1_32' title='bbox 1364 451 1599 509; x_wconf 73' lang='lat' dir='ltr'><strong>thesauris</strong></span> <span class='ocrx_word' id='word_1_33' title='bbox 1622 449 1827 496; x_wconf 51' lang='lat' dir='ltr'><strong>interae</strong></span> <span class='ocrx_word' id='word_1_34' title='bbox 1854 453 1901 506; x_wconf 49' lang='lat' dir='ltr'><strong>¹,sp</strong></span> 
     </span>
     <span class='ocr_line' id='line_1_19' title="bbox 274 518 1884 585; baseline -0.004 -13"><span class='ocrx_word' id='word_1_35' title='bbox 274 531 486 580; x_wconf 88' lang='lat' dir='ltr'><strong>manent,</strong></span> <span class='ocrx_word' id='word_1_36' title='bbox 530 537 620 570; x_wconf 87' lang='lat' dir='ltr'><strong>nec</strong></span> <span class='ocrx_word' id='word_1_37' title='bbox 660 522 782 569; x_wconf 85' lang='lat' dir='ltr'><strong>istae</strong></span> <span class='ocrx_word' id='word_1_38' title='bbox 823 540 945 578; x_wconf 88' lang='lat' dir='ltr'><strong>nunc</strong></span> <span class='ocrx_word' id='word_1_39' title='bbox 984 524 1149 572; x_wconf 88' lang='lat' dir='ltr'><strong>latent.</strong></span> <span class='ocrx_word' id='word_1_40' title='bbox 1229 522 1606 572; x_wconf 72' lang='lat' dir='ltr'><strong>Ptolemaeorum</strong></span> <span class='ocrx_word' id='word_1_41' title='bbox 1636 518 1884 585; x_wconf 51' lang='lat' dir='ltr'><strong>eruditiss?</strong></span> 
     </span>
     <span class='ocr_line' id='line_1_20' title="bbox 273 590 1882 658; baseline -0.002 -18"><span class='ocrx_word' id='word_1_42' title='bbox 273 610 395 651; x_wconf 91' lang='lat' dir='ltr'><strong>mus,</strong></span> <span class='ocrx_word' id='word_1_43' title='bbox 447 607 582 656; x_wconf 84' lang='lat' dir='ltr'><strong>quem</strong></span> <span class='ocrx_word' id='word_1_44' title='bbox 616 591 969 656; x_wconf 79' lang='lat' dir='ltr'><strong>Philadelphum</strong></span> <span class='ocrx_word' id='word_1_45' title='bbox 1001 593 1409 658; x_wconf 79' lang='lat' dir='ltr'>supernominant,</span> <span class='ocrx_word' id='word_1_46' title='bbox 1461 599 1509 639; x_wconf 88' lang='lat' dir='ltr'><strong>et</strong></span> <span class='ocrx_word' id='word_1_47' title='bbox 1543 590 1692 643; x_wconf 82' lang='lat' dir='ltr'><strong>omnis</strong></span> <span class='ocrx_word' id='word_1_48' title='bbox 1720 590 1882 637; x_wconf 71' lang='lat' dir='ltr'><strong>littera</strong></span> 
     </span>
     <span class='ocr_line' id='line_1_21' title="bbox 272 659 1901 727; baseline -0.002 -17"><span class='ocrx_word' id='word_1_49' title='bbox 272 672 405 714; x_wconf 86' lang='lat' dir='ltr'><strong>turae</strong></span> <span class='ocrx_word' id='word_1_50' title='bbox 439 663 793 727; x_wconf 86' lang='lat' dir='ltr'><strong>sagacissimus,</strong></span> <span class='ocrx_word' id='word_1_51' title='bbox 827 679 930 711; x_wconf 92' lang='lat' dir='ltr'><strong>cum</strong></span> <span class='ocrx_word' id='word_1_52' title='bbox 970 663 1124 712; x_wconf 88' lang='lat' dir='ltr'><strong>studio</strong></span> <span class='ocrx_word' id='word_1_53' title='bbox 1166 662 1560 711; x_wconf 79' lang='lat' dir='ltr'><strong>bibliothecarum</strong></span> <span class='ocrx_word' id='word_1_54' title='bbox 1594 659 1901 718; x_wconf 70' lang='lat' dir='ltr'><strong>Pisistratuev</strong></span> 
     </span>
     <span class='ocr_line' id='line_1_22' title="bbox 273 728 1883 796; baseline -0.002 -16"><span class='ocrx_word' id='word_1_55' title='bbox 273 734 462 796; x_wconf 80' lang='lat' dir='ltr'>opinor,</span> <span class='ocrx_word' id='word_1_56' title='bbox 496 733 836 792; x_wconf 77' lang='lat' dir='ltr'><strong>aemularetur,</strong></span> <span class='ocrx_word' id='word_1_57' title='bbox 871 735 996 782; x_wconf 88' lang='lat' dir='ltr'><strong>inter</strong></span> <span class='ocrx_word' id='word_1_58' title='bbox 1029 743 1192 782; x_wconf 89' lang='lat' dir='ltr'><strong>cetera</strong></span> <span class='ocrx_word' id='word_1_59' title='bbox 1224 733 1574 789; x_wconf 73' lang='lat' dir='ltr'><strong>memoriarum,</strong></span> <span class='ocrx_word' id='word_1_60' title='bbox 1627 728 1793 795; x_wconf 83' lang='lat' dir='ltr'><strong>quibus</strong></span> <span class='ocrx_word' id='word_1_61' title='bbox 1825 745 1883 787; x_wconf 81' lang='lat' dir='ltr'><strong>au</strong></span> 
     </span>
     <span class='ocr_line' id='line_1_23' title="bbox 272 800 1927 869; baseline -0.002 -18"><span class='ocrx_word' id='word_1_62' title='bbox 272 811 481 852; x_wconf 84' lang='lat' dir='ltr'><strong>vetustas</strong></span> <span class='ocrx_word' id='word_1_63' title='bbox 513 812 593 853; x_wconf 87' lang='lat' dir='ltr'><strong>aut</strong></span> <span class='ocrx_word' id='word_1_64' title='bbox 623 804 876 852; x_wconf 88' lang='lat' dir='ltr'><strong>curiositas</strong></span> <span class='ocrx_word' id='word_1_65' title='bbox 908 806 1062 869; x_wconf 86' lang='lat' dir='ltr'><strong>aliqua</strong></span> <span class='ocrx_word' id='word_1_66' title='bbox 1093 803 1152 852; x_wconf 89' lang='lat' dir='ltr'><strong>ad</strong></span> <span class='ocrx_word' id='word_1_67' title='bbox 1187 805 1353 852; x_wconf 88' lang='lat' dir='ltr'><strong>famam</strong></span> <span class='ocrx_word' id='word_1_68' title='bbox 1383 800 1797 866; x_wconf 70' lang='lat' dir='ltr'><strong>patrocinabatur,</strong></span> <span class='ocrx_word' id='word_1_69' title='bbox 1843 811 1880 848; x_wconf 76' lang='grc' dir='ltr'><strong>θ’</strong></span> <span class='ocrx_word' id='word_1_70' title='bbox 1924 862 1927 863; x_wconf 15' lang='lat'><em>⁷</em></span> 
     </span>
     <span class='ocr_line' id='line_1_24' title="bbox 271 870 1889 939; baseline -0.003 -19"><span class='ocrx_word' id='word_1_71' title='bbox 271 882 500 937; x_wconf 82' lang='lat' dir='ltr'><strong>suggestu</strong></span> <span class='ocrx_word' id='word_1_72' title='bbox 532 872 765 922; x_wconf 85' lang='lat' dir='ltr'><strong>Demetrii</strong></span> <span class='ocrx_word' id='word_1_73' title='bbox 804 873 1022 923; x_wconf 87' lang='lat' dir='ltr'><strong>Phalerei</strong></span> <span class='ocrx_word' id='word_1_74' title='bbox 1063 875 1472 939; x_wconf 88' lang='lat' dir='ltr'><strong>grammaticorum</strong></span> <span class='ocrx_word' id='word_1_75' title='bbox 1518 881 1630 919; x_wconf 90' lang='lat' dir='ltr'><strong>tunc</strong></span> <span class='ocrx_word' id='word_1_76' title='bbox 1667 870 1889 934; x_wconf 71' lang='lat' dir='ltr'><strong>probatij</strong></span> 
     </span>
     <span class='ocr_line' id='line_1_25' title="bbox 273 940 1875 1007; baseline -0.002 -16"><span class='ocrx_word' id='word_1_77' title='bbox 273 944 399 1000; x_wconf 83' lang='lat' dir='ltr'><strong>simi,</strong></span> <span class='ocrx_word' id='word_1_78' title='bbox 434 944 510 992; x_wconf 87' lang='lat' dir='ltr'><strong>cui</strong></span> <span class='ocrx_word' id='word_1_79' title='bbox 540 944 886 1007; x_wconf 81' lang='lat' dir='ltr'><strong>praefecturam</strong></span> <span class='ocrx_word' id='word_1_80' title='bbox 917 944 1242 1003; x_wconf 84' lang='lat' dir='ltr'><strong>mandaverat,</strong></span> <span class='ocrx_word' id='word_1_81' title='bbox 1278 943 1424 990; x_wconf 89' lang='lat' dir='ltr'><strong>libros</strong></span> <span class='ocrx_word' id='word_1_82' title='bbox 1455 940 1687 989; x_wconf 86' lang='lat' dir='ltr'><strong>aludaeis</strong></span> <span class='ocrx_word' id='word_1_83' title='bbox 1719 957 1875 1006; x_wconf 85' lang='lat' dir='ltr'><strong>quoqu</strong></span> 
     </span>
     <span class='ocr_line' id='line_1_26' title="bbox 271 1012 1760 1079; baseline -0.002 -19"><span class='ocrx_word' id='word_1_84' title='bbox 271 1013 544 1077; x_wconf 86' lang='lat' dir='ltr'><strong>postulavit,</strong></span> <span class='ocrx_word' id='word_1_85' title='bbox 578 1016 792 1078; x_wconf 88' lang='lat' dir='ltr'><strong>proprias</strong></span> <span class='ocrx_word' id='word_1_86' title='bbox 829 1016 1055 1076; x_wconf 85' lang='lat' dir='ltr'><strong>[scilicet]</strong></span> <span class='ocrx_word' id='word_1_87' title='bbox 1093 1024 1231 1079; x_wconf 90' lang='lat' dir='ltr'><strong>atque</strong></span> <span class='ocrx_word' id='word_1_88' title='bbox 1263 1013 1543 1065; x_wconf 88' lang='lat' dir='ltr'><strong>vernaculas</strong></span> <span class='ocrx_word' id='word_1_89' title='bbox 1563 1012 1760 1069; x_wconf 78' lang='lat' dir='ltr'><strong>litteras,</strong></span> 
     </span>
     <span class='ocr_line' id='line_1_27' title="bbox 272 1081 1942 1149; baseline -0.001 -19"><span class='ocrx_word' id='word_1_90' title='bbox 272 1084 360 1131; x_wconf 92' lang='lat' dir='ltr'><strong>soli</strong></span> <span class='ocrx_word' id='word_1_91' title='bbox 390 1083 642 1132; x_wconf 79' lang='lat' dir='ltr'><strong>habebant.</strong></span> <span class='ocrx_word' id='word_1_92' title='bbox 704 1084 821 1131; x_wconf 85' lang='lat' dir='ltr'><strong>Ex</strong></span> <span class='ocrx_word' id='word_1_93' title='bbox 808 1087 923 1148; x_wconf 80' lang='lat' dir='ltr'><strong>ipsis</strong></span> <span class='ocrx_word' id='word_1_94' title='bbox 957 1087 1079 1133; x_wconf 88' lang='lat' dir='ltr'><strong>enim</strong></span> <span class='ocrx_word' id='word_1_95' title='bbox 1113 1094 1162 1133; x_wconf 90' lang='lat' dir='ltr'><strong>et</strong></span> <span class='ocrx_word' id='word_1_96' title='bbox 1191 1084 1250 1132; x_wconf 91' lang='lat' dir='ltr'><strong>ad</strong></span> <span class='ocrx_word' id='word_1_97' title='bbox 1281 1085 1409 1149; x_wconf 86' lang='lat' dir='ltr'><strong>ipsos</strong></span> <span class='ocrx_word' id='word_1_98' title='bbox 1435 1098 1622 1146; x_wconf 88' lang='lat' dir='ltr'><strong>semper</strong></span> <span class='ocrx_word' id='word_1_99' title='bbox 1646 1081 1906 1146; x_wconf 60' lang='lat' dir='ltr'><strong>propheta⁴</strong></span> <span class='ocrx_word' id='word_1_100' title='bbox 1939 1095 1942 1097; x_wconf 81' lang='lat'>·</span> 
     </span>
     <span class='ocr_line' id='line_1_28' title="bbox 272 1153 1893 1217; baseline -0.001 -17"><span class='ocrx_word' id='word_1_101' title='bbox 272 1162 632 1216; x_wconf 80' lang='lat' dir='ltr'><strong>peroraverant,</strong></span> <span class='ocrx_word' id='word_1_102' title='bbox 668 1155 855 1202; x_wconf 89' lang='lat' dir='ltr'><strong>scilicet</strong></span> <span class='ocrx_word' id='word_1_103' title='bbox 886 1155 944 1203; x_wconf 91' lang='lat' dir='ltr'><strong>ad</strong></span> <span class='ocrx_word' id='word_1_104' title='bbox 978 1154 1283 1204; x_wconf 83' lang='lat' dir='ltr'><strong>domesticam</strong></span> <span class='ocrx_word' id='word_1_105' title='bbox 1317 1153 1393 1201; x_wconf 88' lang='lat' dir='ltr'><strong>dei</strong></span> <span class='ocrx_word' id='word_1_106' title='bbox 1426 1162 1614 1217; x_wconf 82' lang='lat' dir='ltr'><strong>gentem</strong></span> <span class='ocrx_word' id='word_1_107' title='bbox 1643 1168 1704 1200; x_wconf 85' lang='lat' dir='ltr'><strong>ex</strong></span> <span class='ocrx_word' id='word_1_108' title='bbox 1724 1154 1893 1217; x_wconf 74' lang='lat' dir='ltr'><strong>patrus</strong></span> 
     </span>
     <span class='ocr_line' id='line_1_29' title="bbox 275 1222 1938 1290; baseline -0.001 -21"><span class='ocrx_word' id='word_1_109' title='bbox 275 1225 446 1286; x_wconf 79' lang='lat' dir='ltr'><strong>gratia.</strong></span> <span class='ocrx_word' id='word_1_110' title='bbox 527 1223 732 1271; x_wconf 84' lang='lat' dir='ltr'><strong>Hebraei</strong></span> <span class='ocrx_word' id='word_1_111' title='bbox 765 1234 924 1284; x_wconf 87' lang='lat' dir='ltr'><strong>retro,</strong></span> <span class='ocrx_word' id='word_1_112' title='bbox 961 1226 1040 1290; x_wconf 90' lang='lat' dir='ltr'><strong>qui</strong></span> <span class='ocrx_word' id='word_1_113' title='bbox 1072 1241 1194 1273; x_wconf 90' lang='lat' dir='ltr'><strong>nunc</strong></span> <span class='ocrx_word' id='word_1_114' title='bbox 1227 1224 1414 1282; x_wconf 83' lang='lat' dir='ltr'><strong>Iudaei3</strong></span> <span class='ocrx_word' id='word_1_115' title='bbox 1458 1226 1604 1287; x_wconf 82' lang='lat' dir='ltr'><strong>igitur</strong></span> <span class='ocrx_word' id='word_1_116' title='bbox 1635 1231 1685 1270; x_wconf 86' lang='lat' dir='ltr'><strong>et</strong></span> <span class='ocrx_word' id='word_1_117' title='bbox 1715 1222 1895 1269; x_wconf 84' lang='lat' dir='ltr'><strong>littera</strong></span> <span class='ocrx_word' id='word_1_118' title='bbox 1930 1244 1938 1259; x_wconf 71' lang='lat' dir='ltr'><strong>r</strong></span> 
     </span>
     <span class='ocr_line' id='line_1_30' title="bbox 273 1292 1925 1358; baseline -0.001 -19"><span class='ocrx_word' id='word_1_119' title='bbox 273 1292 546 1350; x_wconf 81' lang='lat' dir='ltr'><strong>Hebraeae,</strong></span> <span class='ocrx_word' id='word_1_120' title='bbox 580 1302 628 1340; x_wconf 89' lang='lat' dir='ltr'><strong>et</strong></span> <span class='ocrx_word' id='word_1_121' title='bbox 660 1294 916 1358; x_wconf 85' lang='lat' dir='ltr'><strong>eloquium.</strong></span> <span class='ocrx_word' id='word_1_122' title='bbox 997 1294 1095 1343; x_wconf 87' lang='lat' dir='ltr'><strong>Sed</strong></span> <span class='ocrx_word' id='word_1_123' title='bbox 1125 1311 1184 1342; x_wconf 91' lang='lat' dir='ltr'><strong>ne</strong></span> <span class='ocrx_word' id='word_1_124' title='bbox 1217 1295 1384 1342; x_wconf 85' lang='lat' dir='ltr'><strong>notitia</strong></span> <span class='ocrx_word' id='word_1_125' title='bbox 1414 1301 1630 1350; x_wconf 86' lang='lat' dir='ltr'><strong>vacaret,</strong></span> <span class='ocrx_word' id='word_1_126' title='bbox 1665 1292 1756 1339; x_wconf 88' lang='lat' dir='ltr'><strong>hoc</strong></span> <span class='ocrx_word' id='word_1_127' title='bbox 1790 1307 1881 1356; x_wconf 89' lang='lat' dir='ltr'><strong>quo</strong></span> <span class='ocrx_word' id='word_1_128' title='bbox 1921 1327 1925 1354; x_wconf 55' lang='lat'><strong>5</strong></span> 
     </span>
     <span class='ocr_line' id='line_1_31' title="bbox 274 1362 1877 1429; baseline 0 -20"><span class='ocrx_word' id='word_1_129' title='bbox 274 1379 362 1426; x_wconf 89' lang='lat' dir='ltr'><strong>que</strong></span> <span class='ocrx_word' id='word_1_130' title='bbox 405 1362 676 1411; x_wconf 77' lang='lat' dir='ltr'><strong>Ptolemaeo</strong></span> <span class='ocrx_word' id='word_1_131' title='bbox 724 1381 751 1411; x_wconf 90' lang='lat' dir='ltr'><strong>a</strong></span> <span class='ocrx_word' id='word_1_132' title='bbox 781 1364 968 1413; x_wconf 88' lang='lat' dir='ltr'><strong>Iudaeis</strong></span> <span class='ocrx_word' id='word_1_133' title='bbox 1015 1366 1326 1429; x_wconf 87' lang='lat' dir='ltr'><strong>subscriptum</strong></span> <span class='ocrx_word' id='word_1_134' title='bbox 1373 1372 1467 1422; x_wconf 88' lang='lat' dir='ltr'><strong>est,</strong></span> <span class='ocrx_word' id='word_1_135' title='bbox 1515 1363 1813 1428; x_wconf 83' lang='lat' dir='ltr'><strong>septuaginta</strong></span> <span class='ocrx_word' id='word_1_136' title='bbox 1869 1382 1877 1403; x_wconf 67' lang='grc' dir='ltr'><strong>ι</strong></span> 
     </span>
     <span class='ocr_line' id='line_1_32' title="bbox 273 1431 1942 1501; baseline 0 -21"><span class='ocrx_word' id='word_1_137' title='bbox 273 1432 455 1481; x_wconf 89' lang='lat' dir='ltr'><strong>duobus</strong></span> <span class='ocrx_word' id='word_1_138' title='bbox 487 1434 826 1497; x_wconf 86' lang='lat' dir='ltr'><strong>interpretibus</strong></span> <span class='ocrx_word' id='word_1_139' title='bbox 858 1435 1065 1495; x_wconf 90' lang='lat' dir='ltr'><strong>indultis,</strong></span> <span class='ocrx_word' id='word_1_140' title='bbox 1107 1453 1222 1501; x_wconf 92' lang='lat' dir='ltr'><strong>quos</strong></span> <span class='ocrx_word' id='word_1_141' title='bbox 1247 1434 1552 1487; x_wconf 89' lang='lat' dir='ltr'><strong>Menedemus</strong></span> <span class='ocrx_word' id='word_1_142' title='bbox 1582 1449 1771 1499; x_wconf 78' lang='lat' dir='ltr'><strong>quoque</strong></span> <span class='ocrx_word' id='word_1_143' title='bbox 1803 1431 1850 1497; x_wconf 91' lang='lat' dir='ltr'><strong>pl</strong></span> <span class='ocrx_word' id='word_1_144' title='bbox 1871 1433 1883 1444; x_wconf 89' lang='grc'><strong>“</strong></span> <span class='ocrx_word' id='word_1_145' title='bbox 1916 1442 1942 1454; x_wconf 65' lang='grc'><strong>’“</strong></span> 
     </span>
     <span class='ocr_line' id='line_1_33' title="bbox 273 1503 1923 1567; baseline 0.001 -18"><span class='ocrx_word' id='word_1_146' title='bbox 273 1503 498 1567; x_wconf 80' lang='lat' dir='ltr'><strong>Iosephus</strong></span> <span class='ocrx_word' id='word_1_147' title='bbox 551 1503 880 1567; x_wconf 77' lang='lat' dir='ltr'><strong>providentiae</strong></span> <span class='ocrx_word' id='word_1_148' title='bbox 932 1505 1106 1554; x_wconf 89' lang='lat' dir='ltr'><strong>vindex</strong></span> <span class='ocrx_word' id='word_1_149' title='bbox 1161 1506 1219 1554; x_wconf 91' lang='lat' dir='ltr'><strong>de</strong></span> <span class='ocrx_word' id='word_1_150' title='bbox 1267 1507 1531 1555; x_wconf 85' lang='lat' dir='ltr'><strong>sententiae</strong></span> <span class='ocrx_word' id='word_1_151' title='bbox 1579 1505 1876 1561; x_wconf 83' lang='lat' dir='ltr'><strong>communion</strong></span> <span class='ocrx_word' id='word_1_152' title='bbox 1921 1511 1923 1514; x_wconf 57' lang='lat'><em>⁴</em></span> 
     </span>
     <span class='ocr_line' id='line_1_34' title="bbox 273 1572 1942 1638; baseline 0.001 -19"><span class='ocrx_word' id='word_1_153' title='bbox 273 1574 501 1638; x_wconf 84' lang='lat' dir='ltr'><strong>suspexit.</strong></span> <span class='ocrx_word' id='word_1_154' title='bbox 578 1572 839 1625; x_wconf 82' lang='lat' dir='ltr'><strong>Affirmavit</strong></span> <span class='ocrx_word' id='word_1_155' title='bbox 883 1577 1003 1625; x_wconf 89' lang='lat' dir='ltr'><strong>haec</strong></span> <span class='ocrx_word' id='word_1_156' title='bbox 1047 1577 1181 1624; x_wconf 90' lang='lat' dir='ltr'><strong>vobis</strong></span> <span class='ocrx_word' id='word_1_157' title='bbox 1229 1578 1369 1625; x_wconf 88' lang='lat' dir='ltr'><strong>etiam</strong></span> <span class='ocrx_word' id='word_1_158' title='bbox 1415 1573 1887 1626; x_wconf 61' lang='lat' dir='ltr'><strong>Aristaeas.³1÷ta·i</strong></span> <span class='ocrx_word' id='word_1_159' title='bbox 1930 1592 1942 1597; x_wconf 45' lang='grc'><strong>»-</strong></span> 
     </span>
     <span class='ocr_line' id='line_1_35' title="bbox 276 1642 1877 1711; baseline -0.001 -18"><span class='ocrx_word' id='word_1_160' title='bbox 276 1642 508 1693; x_wconf 73' lang='lat' dir='ltr'><strong>Graecum</strong></span> <span class='ocrx_word' id='word_1_161' title='bbox 541 1644 711 1707; x_wconf 87' lang='lat' dir='ltr'><strong>stylum</strong></span> <span class='ocrx_word' id='word_1_162' title='bbox 746 1661 806 1692; x_wconf 84' lang='lat' dir='ltr'><strong>ex</strong></span> <span class='ocrx_word' id='word_1_163' title='bbox 836 1656 1001 1711; x_wconf 89' lang='lat' dir='ltr'><strong>aperto</strong></span> <span class='ocrx_word' id='word_1_164' title='bbox 1035 1649 1319 1695; x_wconf 89' lang='lat' dir='ltr'><strong>monimenta</strong></span> <span class='ocrx_word' id='word_1_165' title='bbox 1335 1647 1544 1711; x_wconf 88' lang='lat' dir='ltr'><strong>reliquit.</strong></span> <span class='ocrx_word' id='word_1_166' title='bbox 1610 1643 1764 1693; x_wconf 81' lang='lat' dir='ltr'><strong>Hodie</strong></span> <span class='ocrx_word' id='word_1_167' title='bbox 1782 1654 1877 1708; x_wconf 72' lang='lat' dir='ltr'><strong>apu‘</strong></span> 
     </span>
     <span class='ocr_line' id='line_1_36' title="bbox 276 1711 1919 1781; baseline 0.001 -21"><span class='ocrx_word' id='word_1_168' title='bbox 276 1711 535 1777; x_wconf 85' lang='lat' dir='ltr'><strong>Serapeum</strong></span> <span class='ocrx_word' id='word_1_169' title='bbox 568 1712 828 1763; x_wconf 87' lang='lat' dir='ltr'><strong>Ptolemaei</strong></span> <span class='ocrx_word' id='word_1_170' title='bbox 858 1717 1179 1765; x_wconf 87' lang='lat' dir='ltr'><strong>bibliothecae</strong></span> <span class='ocrx_word' id='word_1_171' title='bbox 1213 1733 1315 1765; x_wconf 92' lang='lat' dir='ltr'><strong>cum</strong></span> <span class='ocrx_word' id='word_1_172' title='bbox 1347 1718 1462 1781; x_wconf 88' lang='lat' dir='ltr'><strong>ipsis</strong></span> <span class='ocrx_word' id='word_1_173' title='bbox 1496 1716 1748 1764; x_wconf 85' lang='lat' dir='ltr'><strong>Hebraicis</strong></span> <span class='ocrx_word' id='word_1_174' title='bbox 1780 1716 1880 1762; x_wconf 83' lang='lat' dir='ltr'><strong>litte</strong></span> <span class='ocrx_word' id='word_1_175' title='bbox 1918 1724 1919 1729; x_wconf 76' lang='grc'>’</span> 
     </span>
     <span class='ocr_line' id='line_1_37' title="bbox 274 1783 1887 1852; baseline 0.004 -24"><span class='ocrx_word' id='word_1_176' title='bbox 274 1784 338 1833; x_wconf 88' lang='lat' dir='ltr'><strong>r-is</strong></span> <span class='ocrx_word' id='word_1_177' title='bbox 379 1783 675 1832; x_wconf 81' lang='lat' dir='ltr'><strong>exhibentur.</strong></span> <span class='ocrx_word' id='word_1_178' title='bbox 746 1784 844 1833; x_wconf 88' lang='lat' dir='ltr'><strong>Sed</strong></span> <span class='ocrx_word' id='word_1_179' title='bbox 884 1796 931 1834; x_wconf 88' lang='lat' dir='ltr'><strong>et</strong></span> <span class='ocrx_word' id='word_1_180' title='bbox 970 1786 1133 1835; x_wconf 89' lang='lat' dir='ltr'><strong>Iudaei</strong></span> <span class='ocrx_word' id='word_1_181' title='bbox 1170 1788 1322 1852; x_wconf 88' lang='lat' dir='ltr'><strong>palam</strong></span> <span class='ocrx_word' id='word_1_182' title='bbox 1361 1788 1600 1846; x_wconf 82' lang='lat' dir='ltr'><strong>lectitant3</strong></span> <span class='ocrx_word' id='word_1_183' title='bbox 1658 1785 1887 1849; x_wconf 86' lang='lat' dir='ltr'><strong>vectigali</strong></span> 
     </span>
     <span class='ocr_line' id='line_1_38' title="bbox 275 1823 1875 1918; baseline 0.003 -20"><span class='ocrx_word' id='word_1_184' title='bbox 275 1852 469 1900; x_wconf 91' lang='lat' dir='ltr'><strong>libertas</strong></span> <span class='ocrx_word' id='word_1_185' title='bbox 500 1855 643 1918; x_wconf 87' lang='lat' dir='ltr'><strong>vulgo</strong></span> <span class='ocrx_word' id='word_1_186' title='bbox 675 1855 831 1904; x_wconf 87' lang='lat' dir='ltr'><strong>aditur</strong></span> <span class='ocrx_word' id='word_1_187' title='bbox 861 1857 1072 1905; x_wconf 89' lang='lat' dir='ltr'><strong>sabbatis</strong></span> <span class='ocrx_word' id='word_1_188' title='bbox 1105 1858 1333 1905; x_wconf 87' lang='lat' dir='ltr'><strong>omnibus.</strong></span> <span class='ocrx_word' id='word_1_189' title='bbox 1396 1857 1484 1916; x_wconf 84' lang='lat' dir='ltr'><strong>Qui</strong></span> <span class='ocrx_word' id='word_1_190' title='bbox 1516 1823 1737 1914; x_wconf 84' lang='lat' dir='ltr'><strong>audierit,</strong></span> <span class='ocrx_word' id='word_1_191' title='bbox 1773 1871 1850 1903; x_wconf 87' lang='lat' dir='ltr'><strong>mv</strong></span> <span class='ocrx_word' id='word_1_192' title='bbox 1872 1862 1875 1863; x_wconf 71' lang='grc'>’</span> 
     </span>
    </p>
   </div>
   <div class='ocr_carea' id='block_1_4' title="bbox 275 1922 1931 2042">
    <p class='ocr_par' dir='ltr' id='par_1_4' title="bbox 275 1922 1931 2042">
     <span class='ocr_line' id='line_1_39' title="bbox 275 1922 1931 2042; baseline 0.003 -73"><span class='ocrx_word' id='word_1_193' title='bbox 275 1924 389 2042; x_wconf 57' lang='lat' dir='ltr'><strong>niet¹</strong></span> <span class='ocrx_word' id='word_1_194' title='bbox 421 1922 586 1984; x_wconf 79' lang='lat' dir='ltr'><strong>deum3</strong></span> <span class='ocrx_word' id='word_1_195' title='bbox 659 1927 736 1989; x_wconf 88' lang='lat' dir='ltr'><strong>qui</strong></span> <span class='ocrx_word' id='word_1_196' title='bbox 784 1928 921 1974; x_wconf 88' lang='lat' dir='ltr'><strong>etiam</strong></span> <span class='ocrx_word' id='word_1_197' title='bbox 968 1927 1202 1976; x_wconf 86' lang='lat' dir='ltr'><strong>studuerit</strong></span> <span class='ocrx_word' id='word_1_198' title='bbox 1246 1929 1547 1992; x_wconf 86' lang='lat' dir='ltr'><strong>intelligere,</strong></span> <span class='ocrx_word' id='word_1_199' title='bbox 1610 1935 1812 1990; x_wconf 82' lang='lat' dir='ltr'><strong>cogetur</strong></span> <span class='ocrx_word' id='word_1_200' title='bbox 1858 1940 1885 1974; x_wconf 84' lang='lat' dir='ltr'><strong>e</strong></span> <span class='ocrx_word' id='word_1_201' title='bbox 1928 1940 1931 1943; x_wconf 53' lang='lat'><em>⁴</em></span> 
     </span>
     <span class='ocr_line' id='line_1_40' title="bbox 277 2008 493 2041; baseline 0.01 -2"><span class='ocrx_word' id='word_1_202' title='bbox 277 2008 356 2041; x_wconf 83' lang='lat' dir='ltr'><strong>cre</strong></span> <span class='ocrx_word' id='word_1_203' title='bbox 392 2008 493 2041; x_wconf 85' lang='lat' dir='ltr'><strong>ere.</strong></span> 
     </span>
    </p>
   </div>
   <div class='ocr_carea' id='block_1_5' title="bbox 274 2010 1942 2297">
    <p class='ocr_par' dir='ltr' id='par_1_5' title="bbox 274 2010 1942 2297">
     <span class='ocr_line' id='line_1_41' title="bbox 420 2010 1942 2164; baseline 0.007 -29"><span class='ocrx_word' id='word_1_204' title='bbox 420 2094 500 2142; x_wconf 81' lang='lat'><strong>19.</strong></span> <span class='ocrx_word' id='word_1_205' title='bbox 541 2091 740 2139; x_wconf 84' lang='lat' dir='ltr'><strong>Primam</strong></span> <span class='ocrx_word' id='word_1_206' title='bbox 774 2095 920 2158; x_wconf 83' lang='lat' dir='ltr'><strong>igitur</strong></span> <span class='ocrx_word' id='word_1_207' title='bbox 950 2098 1269 2144; x_wconf 88' lang='lat' dir='ltr'><strong>instrumentis</strong></span> <span class='ocrx_word' id='word_1_208' title='bbox 1301 2098 1404 2143; x_wconf 89' lang='lat' dir='ltr'><strong>istis</strong></span> <span class='ocrx_word' id='word_1_209' title='bbox 1429 2097 1757 2143; x_wconf 87' lang='lat' dir='ltr'><strong>auctoritatem</strong></span> <span class='ocrx_word' id='word_1_210' title='bbox 1783 2112 1835 2143; x_wconf 92' lang='lat' dir='ltr'><strong>su</strong></span> <span class='ocrx_word' id='word_1_211' title='bbox 1863 2117 1869 2137; x_wconf 84' lang='grc' dir='ltr'><strong>ι</strong></span> <span class='ocrx_word' id='word_1_212' title='bbox 1882 2010 1912 2164; x_wconf 32' lang='grc' dir='ltr'><strong> 1</strong></span> <span class='ocrx_word' id='word_1_213' title='bbox 1938 2157 1942 2159; x_wconf 7' lang='grc' dir='ltr'>μ</span> 
     </span>
     <span class='ocr_line' id='line_1_42' title="bbox 274 2162 1907 2230; baseline 0.003 -24"><span class='ocrx_word' id='word_1_214' title='bbox 274 2177 346 2207; x_wconf 88' lang='lat' dir='ltr'><strong>ma</strong></span> <span class='ocrx_word' id='word_1_215' title='bbox 378 2162 630 2225; x_wconf 86' lang='lat' dir='ltr'><strong>antiquitas</strong></span> <span class='ocrx_word' id='word_1_216' title='bbox 662 2163 884 2211; x_wconf 87' lang='lat' dir='ltr'><strong>vindicat.</strong></span> <span class='ocrx_word' id='word_1_217' title='bbox 947 2164 1087 2229; x_wconf 89' lang='lat' dir='ltr'><strong>Apud</strong></span> <span class='ocrx_word' id='word_1_218' title='bbox 1117 2183 1200 2213; x_wconf 92' lang='lat' dir='ltr'><strong>vos</strong></span> <span class='ocrx_word' id='word_1_219' title='bbox 1234 2182 1419 2230; x_wconf 88' lang='lat' dir='ltr'><strong>quoque</strong></span> <span class='ocrx_word' id='word_1_220' title='bbox 1452 2166 1698 2229; x_wconf 83' lang='lat' dir='ltr'><strong>religionis</strong></span> <span class='ocrx_word' id='word_1_221' title='bbox 1733 2173 1803 2214; x_wconf 87' lang='lat' dir='ltr'><strong>est</strong></span> <span class='ocrx_word' id='word_1_222' title='bbox 1834 2164 1907 2223; x_wconf 54' lang='grc' dir='ltr'><strong>ἰιρἦ</strong></span> 
     </span>
     <span class='ocr_line' id='line_1_43' title="bbox 276 2229 1897 2297; baseline 0.007 -21"><span class='ocrx_word' id='word_1_223' title='bbox 276 2238 391 2289; x_wconf 88' lang='lat' dir='ltr'><strong>star,</strong></span> <span class='ocrx_word' id='word_1_224' title='bbox 428 2229 566 2281; x_wconf 85' lang='lat' dir='ltr'><strong>fidem</strong></span> <span class='ocrx_word' id='word_1_225' title='bbox 600 2231 657 2278; x_wconf 87' lang='lat' dir='ltr'><strong>de</strong></span> <span class='ocrx_word' id='word_1_226' title='bbox 691 2234 978 2297; x_wconf 86' lang='lat' dir='ltr'><strong>temporibus</strong></span> <span class='ocrx_word' id='word_1_227' title='bbox 1011 2251 1248 2283; x_wconf 87' lang='lat' dir='ltr'><strong>asserere.</strong></span> <span class='ocrx_word' id='word_1_228' title='bbox 1891 2239 1897 2242; x_wconf 56' lang='grc'><strong><em>’</em></strong></span> 
     </span>
    </p>
   </div>
   <div class='ocr_carea' id='block_1_6' title="bbox 274 2344 1942 3103">
    <p class='ocr_par' dir='ltr' id='par_1_6' title="bbox 275 2340 1942 2514">
     <span class='ocr_line' id='line_1_44' title="bbox 389 2344 1942 2397; baseline 0.002 -15"><span class='ocrx_word' id='word_1_229' title='bbox 389 2344 535 2391; x_wconf 79' lang='lat' dir='ltr'><strong>[Quae</strong></span> <span class='ocrx_word' id='word_1_230' title='bbox 555 2350 793 2394; x_wconf 73' lang='lat' dir='ltr'><strong>sequuntur</strong></span> <span class='ocrx_word' id='word_1_231' title='bbox 817 2358 938 2384; x_wconf 71' lang='lat' dir='ltr'><strong>uncta</strong></span> <span class='ocrx_word' id='word_1_232' title='bbox 968 2349 1135 2386; x_wconf 82' lang='lat' dir='ltr'><strong>mclusa</strong></span> <span class='ocrx_word' id='word_1_233' title='bbox 1154 2351 1320 2397; x_wconf 74' lang='lat' dir='ltr'><strong>przmus</strong></span> <span class='ocrx_word' id='word_1_234' title='bbox 1347 2360 1369 2385; x_wconf 83' lang='lat' dir='ltr'><strong>e</strong></span> <span class='ocrx_word' id='word_1_235' title='bbox 1392 2348 1480 2386; x_wconf 82' lang='lat' dir='ltr'><strong>cod.</strong></span> <span class='ocrx_word' id='word_1_236' title='bbox 1502 2348 1707 2386; x_wconf 68' lang='lat' dir='ltr'><strong>Fuldensn‘</strong></span> <span class='ocrx_word' id='word_1_237' title='bbox 1727 2348 1914 2385; x_wconf 58' lang='lat' dir='ltr'><strong>Haveaef·</strong></span> <span class='ocrx_word' id='word_1_238' title='bbox 1937 2346 1942 2397; x_wconf 65' lang='grc' dir='ltr'>ξ</span> 
     </span>
     <span class='ocr_line' id='line_1_45' title="bbox 276 2401 1942 2455; baseline 0.004 -19"><span class='ocrx_word' id='word_1_239' title='bbox 276 2410 448 2447; x_wconf 60' lang='lat' dir='ltr'><strong>campus</strong></span> <span class='ocrx_word' id='word_1_240' title='bbox 465 2401 629 2449; x_wconf 70' lang='lat' dir='ltr'><strong>publici</strong></span> <span class='ocrx_word' id='word_1_241' title='bbox 644 2402 751 2440; x_wconf 72' lang='lat' dir='ltr'><strong>iuris</strong></span> <span class='ocrx_word' id='word_1_242' title='bbox 760 2403 892 2453; x_wconf 69' lang='lat' dir='ltr'><strong>fecit,</strong></span> <span class='ocrx_word' id='word_1_243' title='bbox 923 2404 997 2441; x_wconf 81' lang='lat' dir='ltr'><strong>sed</strong></span> <span class='ocrx_word' id='word_1_244' title='bbox 1006 2405 1379 2454; x_wconf 66' lang='lat' dir='ltr'><strong>altera&#39;scm&#39;ptort’s</strong></span> <span class='ocrx_word' id='word_1_245' title='bbox 1409 2407 1693 2455; x_wconf 68' lang='lat' dir='ltr'><strong>recognitioni</strong></span> <span class='ocrx_word' id='word_1_246' title='bbox 1717 2405 1846 2442; x_wconf 71' lang='lat' dir='ltr'><strong>tribu</strong></span> <span class='ocrx_word' id='word_1_247' title='bbox 1940 2403 1942 2451; x_wconf 81' lang='lat' dir='ltr'>j</span> 
     </span>
     <span class='ocr_line' id='line_1_46' title="bbox 275 2455 1345 2510; baseline 0.006 -18"><span class='ocrx_word' id='word_1_248' title='bbox 275 2455 492 2504; x_wconf 78' lang='lat' dir='ltr'><strong>snbfinem</strong></span> <span class='ocrx_word' id='word_1_249' title='bbox 506 2456 703 2497; x_wconf 66' lang='lat' dir='ltr'><strong>editionis</strong></span> <span class='ocrx_word' id='word_1_250' title='bbox 720 2469 825 2496; x_wconf 77' lang='lat' dir='ltr'><strong>suae</strong></span> <span class='ocrx_word' id='word_1_251' title='bbox 841 2461 1118 2508; x_wconf 68' lang='lat' dir='ltr'><strong>exprimenda</strong></span> <span class='ocrx_word' id='word_1_252' title='bbox 1135 2464 1345 2510; x_wconf 67' lang='lat' dir='ltr'><strong>curavit]</strong></span> 
     </span>
    </p>

    <p class='ocr_par' dir='ltr' id='par_1_7' title="bbox 274 2538 1942 3103">
     <span class='ocr_line' id='line_1_47' title="bbox 423 2538 1942 2609; baseline 0.001 -21"><span class='ocrx_word' id='word_1_253' title='bbox 423 2539 625 2600; x_wconf 86' lang='lat' dir='ltr'><strong>[Primus</strong></span> <span class='ocrx_word' id='word_1_254' title='bbox 659 2542 780 2592; x_wconf 89' lang='lat' dir='ltr'><strong>enim</strong></span> <span class='ocrx_word' id='word_1_255' title='bbox 809 2543 1067 2606; x_wconf 84' lang='lat' dir='ltr'><strong>prophetes</strong></span> <span class='ocrx_word' id='word_1_256' title='bbox 1099 2545 1315 2609; x_wconf 88' lang='lat' dir='ltr'><strong>Moyses,</strong></span> <span class='ocrx_word' id='word_1_257' title='bbox 1363 2547 1440 2609; x_wconf 87' lang='lat' dir='ltr'><strong>qui</strong></span> <span class='ocrx_word' id='word_1_258' title='bbox 1478 2544 1636 2594; x_wconf 90' lang='lat' dir='ltr'><strong>mundi</strong></span> <span class='ocrx_word' id='word_1_259' title='bbox 1666 2538 1897 2592; x_wconf 86' lang='lat' dir='ltr'><strong>conditi</strong></span> <span class='ocrx_word' id='word_1_260' title='bbox 1938 2546 1942 2608; x_wconf 65' lang='lat'>{</span> 
     </span>
     <span class='ocr_line' id='line_1_48' title="bbox 274 2612 1942 2677; baseline 0.002 -22"><span class='ocrx_word' id='word_1_261' title='bbox 274 2625 381 2662; x_wconf 84' lang='lat' dir='ltr'><strong>nem</strong></span> <span class='ocrx_word' id='word_1_262' title='bbox 414 2619 463 2662; x_wconf 82' lang='lat' dir='ltr'><strong>et</strong></span> <span class='ocrx_word' id='word_1_263' title='bbox 493 2612 686 2673; x_wconf 85' lang='lat' dir='ltr'><strong>generis</strong></span> <span class='ocrx_word' id='word_1_264' title='bbox 719 2612 903 2660; x_wconf 87' lang='lat' dir='ltr'><strong>humani</strong></span> <span class='ocrx_word' id='word_1_265' title='bbox 942 2615 1297 2677; x_wconf 85' lang='lat' dir='ltr'><strong>pullulationem</strong></span> <span class='ocrx_word' id='word_1_266' title='bbox 1337 2624 1384 2663; x_wconf 86' lang='lat' dir='ltr'><strong>et</strong></span> <span class='ocrx_word' id='word_1_267' title='bbox 1421 2632 1531 2664; x_wconf 85' lang='lat' dir='ltr'><strong>mox</strong></span> <span class='ocrx_word' id='word_1_268' title='bbox 1567 2615 1783 2664; x_wconf 86' lang='lat' dir='ltr'><strong>ultricem</strong></span> <span class='ocrx_word' id='word_1_269' title='bbox 1813 2612 1876 2662; x_wconf 84' lang='lat' dir='ltr'><strong>in‘</strong></span> <span class='ocrx_word' id='word_1_270' title='bbox 1936 2630 1942 2658; x_wconf 82' lang='grc'>;</span> 
     </span>
     <span class='ocr_line' id='line_1_49' title="bbox 276 2681 1900 2751; baseline 0.004 -25"><span class='ocrx_word' id='word_1_271' title='bbox 276 2681 469 2743; x_wconf 90' lang='lat' dir='ltr'><strong>quitatis</strong></span> <span class='ocrx_word' id='word_1_272' title='bbox 499 2681 624 2733; x_wconf 85' lang='lat' dir='ltr'><strong>illius</strong></span> <span class='ocrx_word' id='word_1_273' title='bbox 656 2683 760 2731; x_wconf 89' lang='lat' dir='ltr'><strong>aevi</strong></span> <span class='ocrx_word' id='word_1_274' title='bbox 791 2684 880 2731; x_wconf 88' lang='lat' dir='ltr'><strong>vim</strong></span> <span class='ocrx_word' id='word_1_275' title='bbox 913 2686 1186 2750; x_wconf 83' lang='lat' dir='ltr'><strong>cataclysmi</strong></span> <span class='ocrx_word' id='word_1_276' title='bbox 1220 2685 1278 2734; x_wconf 89' lang='lat' dir='ltr'><strong>de</strong></span> <span class='ocrx_word' id='word_1_277' title='bbox 1308 2687 1568 2751; x_wconf 86' lang='lat' dir='ltr'><strong>praeterito</strong></span> <span class='ocrx_word' id='word_1_278' title='bbox 1594 2701 1790 2734; x_wconf 86' lang='lat' dir='ltr'><strong>exorsus</strong></span> <span class='ocrx_word' id='word_1_279' title='bbox 1814 2699 1859 2732; x_wconf 87' lang='lat' dir='ltr'><strong>e</strong></span> <span class='ocrx_word' id='word_1_280' title='bbox 1895 2698 1900 2740; x_wconf 75' lang='grc' dir='ltr'>ζ</span> 
     </span>
     <span class='ocr_line' id='line_1_50' title="bbox 275 2752 1942 2819; baseline 0.004 -23"><span class='ocrx_word' id='word_1_281' title='bbox 275 2765 365 2811; x_wconf 85' lang='lat' dir='ltr'><strong>per</strong></span> <span class='ocrx_word' id='word_1_282' title='bbox 394 2752 777 2800; x_wconf 88' lang='lat' dir='ltr'><strong>vaticinationem</strong></span> <span class='ocrx_word' id='word_1_283' title='bbox 809 2770 956 2819; x_wconf 90' lang='lat' dir='ltr'><strong>usque</strong></span> <span class='ocrx_word' id='word_1_284' title='bbox 989 2754 1048 2803; x_wconf 85' lang='lat' dir='ltr'><strong>ad</strong></span> <span class='ocrx_word' id='word_1_285' title='bbox 1079 2773 1205 2805; x_wconf 86' lang='lat' dir='ltr'><strong>suam</strong></span> <span class='ocrx_word' id='word_1_286' title='bbox 1237 2765 1439 2804; x_wconf 86' lang='lat' dir='ltr'><strong>aetatem</strong></span> <span class='ocrx_word' id='word_1_287' title='bbox 1480 2765 1529 2804; x_wconf 88' lang='lat' dir='ltr'><strong>et</strong></span> <span class='ocrx_word' id='word_1_288' title='bbox 1561 2755 1784 2819; x_wconf 88' lang='lat' dir='ltr'><strong>deinceps</strong></span> <span class='ocrx_word' id='word_1_289' title='bbox 1814 2766 1942 2819; x_wconf 39' lang='lat' dir='ltr'><strong>pe*</strong></span> 
     </span>
     <span class='ocr_line' id='line_1_51' title="bbox 274 2822 1942 2891; baseline 0.004 -26"><span class='ocrx_word' id='word_1_290' title='bbox 274 2834 354 2866; x_wconf 91' lang='lat' dir='ltr'><strong>res</strong></span> <span class='ocrx_word' id='word_1_291' title='bbox 385 2836 492 2874; x_wconf 87' lang='lat' dir='ltr'><strong>suas</strong></span> <span class='ocrx_word' id='word_1_292' title='bbox 512 2822 555 2878; x_wconf 87' lang='lat'><strong>¹)</strong></span> <span class='ocrx_word' id='word_1_293' title='bbox 589 2822 851 2871; x_wconf 84' lang='lat' dir='ltr'><strong>futurorum</strong></span> <span class='ocrx_word' id='word_1_294' title='bbox 883 2825 1112 2889; x_wconf 84' lang='lat' dir='ltr'><strong>imagines</strong></span> <span class='ocrx_word' id='word_1_295' title='bbox 1145 2826 1313 2884; x_wconf 84' lang='lat' dir='ltr'><strong>edidit,</strong></span> <span class='ocrx_word' id='word_1_296' title='bbox 1352 2843 1500 2890; x_wconf 86' lang='lat' dir='ltr'><strong>penes</strong></span> <span class='ocrx_word' id='word_1_297' title='bbox 1540 2842 1676 2891; x_wconf 87' lang='lat' dir='ltr'><strong>quem</strong></span> <span class='ocrx_word' id='word_1_298' title='bbox 1707 2833 1757 2872; x_wconf 88' lang='lat' dir='ltr'><strong>et</strong></span> <span class='ocrx_word' id='word_1_299' title='bbox 1785 2834 1897 2889; x_wconf 52' lang='lat' dir='ltr'><strong>ten„</strong></span> <span class='ocrx_word' id='word_1_300' title='bbox 1940 2823 1942 2826; x_wconf 47' lang='lat'><em>⁴</em></span> 
     </span>
     <span class='ocr_line' id='line_1_52' title="bbox 277 2889 1942 2960; baseline 0.004 -24"><span class='ocrx_word' id='word_1_301' title='bbox 277 2905 442 2951; x_wconf 89' lang='lat' dir='ltr'><strong>porum</strong></span> <span class='ocrx_word' id='word_1_302' title='bbox 474 2889 592 2939; x_wconf 89' lang='lat' dir='ltr'><strong>ordo</strong></span> <span class='ocrx_word' id='word_1_303' title='bbox 626 2890 838 2956; x_wconf 82' lang='lat' dir='ltr'><strong>digestus</strong></span> <span class='ocrx_word' id='word_1_304' title='bbox 885 2895 941 2942; x_wconf 92' lang='lat' dir='ltr'><strong>ab</strong></span> <span class='ocrx_word' id='word_1_305' title='bbox 988 2897 1122 2944; x_wconf 88' lang='lat' dir='ltr'><strong>initio</strong></span> <span class='ocrx_word' id='word_1_306' title='bbox 1162 2899 1536 2960; x_wconf 86' lang='lat' dir='ltr'><strong>supputationem</strong></span> <span class='ocrx_word' id='word_1_307' title='bbox 1577 2897 1725 2945; x_wconf 89' lang='lat' dir='ltr'><strong>seculi</strong></span> <span class='ocrx_word' id='word_1_308' title='bbox 1762 2911 1890 2959; x_wconf 87' lang='lat' dir='ltr'><strong>pra-</strong></span> <span class='ocrx_word' id='word_1_309' title='bbox 1939 2891 1942 2893; x_wconf 40' lang='lat'>⁵</span> 
     </span>
     <span class='ocr_line' id='line_1_53' title="bbox 278 2960 1942 3042; baseline 0.005 -38"><span class='ocrx_word' id='word_1_310' title='bbox 278 2960 420 3006; x_wconf 86' lang='lat' dir='ltr'><strong>stitit.</strong></span> <span class='ocrx_word' id='word_1_311' title='bbox 444 2961 672 3042; x_wconf 89' lang='lat' dir='ltr'><strong>superior</strong></span> <span class='ocrx_word' id='word_1_312' title='bbox 704 2963 941 3012; x_wconf 83' lang='lat' dir='ltr'><strong>invenitm</strong></span> <span class='ocrx_word' id='word_1_313' title='bbox 971 2970 1103 3015; x_wconf 89' lang='lat' dir='ltr'><strong>annis</strong></span> <span class='ocrx_word' id='word_1_314' title='bbox 1136 2968 1331 3015; x_wconf 88' lang='lat' dir='ltr'><strong>circiter</strong></span> <span class='ocrx_word' id='word_1_315' title='bbox 1365 2967 1612 3026; x_wconf 84' lang='lat' dir='ltr'><strong>trecentis,</strong></span> <span class='ocrx_word' id='word_1_316' title='bbox 1654 2982 1789 3031; x_wconf 86' lang='lat' dir='ltr'><strong>quam</strong></span> <span class='ocrx_word' id='word_1_317' title='bbox 1820 2966 1851 3012; x_wconf 89' lang='lat' dir='ltr'><strong>il</strong></span> <span class='ocrx_word' id='word_1_318' title='bbox 1908 2983 1942 3033; x_wconf 61' lang='lat' dir='ltr'><strong>&#39;j</strong></span> 
     </span>
     <span class='ocr_line' id='line_1_54' title="bbox 276 3030 1942 3103; baseline 0.007 -28"><span class='ocrx_word' id='word_1_319' title='bbox 276 3030 625 3102; x_wconf 83' lang='lat' dir='ltr'><strong>antiquissimus</strong></span> <span class='ocrx_word' id='word_1_320' title='bbox 678 3049 825 3096; x_wconf 87' lang='lat' dir='ltr'><strong>penes</strong></span> <span class='ocrx_word' id='word_1_321' title='bbox 879 3053 962 3085; x_wconf 91' lang='lat' dir='ltr'><strong>vos</strong></span> <span class='ocrx_word' id='word_1_322' title='bbox 1008 3037 1197 3086; x_wconf 88' lang='lat' dir='ltr'><strong>Danaus</strong></span> <span class='ocrx_word' id='word_1_323' title='bbox 1250 3039 1297 3085; x_wconf 90' lang='lat' dir='ltr'><strong>in</strong></span> <span class='ocrx_word' id='word_1_324' title='bbox 1343 3035 1477 3103; x_wconf 84' lang='lat' dir='ltr'><strong>Argo</strong></span> <span class='ocrx_word' id='word_1_325' title='bbox 1530 3035 1870 3086; x_wconf 78' lang='lat' dir='ltr'><strong>transvenisset</strong></span> <span class='ocrx_word' id='word_1_326' title='bbox 1938 3047 1942 3103; x_wconf 74' lang='grc' dir='ltr'>ξ</span> 
     </span>
    </p>
   </div>
   <div class='ocr_carea' id='block_1_7' title="bbox 399 3199 1113 3246">
    <p class='ocr_par' dir='ltr' id='par_1_8' title="bbox 399 3199 1113 3246">
     <span class='ocr_line' id='line_1_55' title="bbox 399 3199 1113 3246; baseline 0.011 -10"><span class='ocrx_word' id='word_1_327' title='bbox 399 3199 443 3246; x_wconf 83' lang='grc'><strong>1)</strong></span> <span class='ocrx_word' id='word_1_328' title='bbox 473 3200 653 3239; x_wconf 72' lang='lat' dir='ltr'><strong>Havete.</strong></span> <span class='ocrx_word' id='word_1_329' title='bbox 670 3213 776 3240; x_wconf 84' lang='lat' dir='ltr'><strong>corr.</strong></span> <span class='ocrx_word' id='word_1_330' title='bbox 791 3214 847 3241; x_wconf 88' lang='lat' dir='ltr'><strong>ve</strong></span> <span class='ocrx_word' id='word_1_331' title='bbox 858 3205 932 3243; x_wconf 83' lang='lat' dir='ltr'><strong>ris</strong></span> <span class='ocrx_word' id='word_1_332' title='bbox 944 3217 960 3243; x_wconf 87' lang='lat' dir='ltr'><strong>s</strong></span> <span class='ocrx_word' id='word_1_333' title='bbox 975 3207 1036 3244; x_wconf 83' lang='lat' dir='ltr'><strong>im</strong></span> <span class='ocrx_word' id='word_1_334' title='bbox 1046 3219 1070 3244; x_wconf 86' lang='lat' dir='ltr'><strong>a</strong></span> <span class='ocrx_word' id='word_1_335' title='bbox 1080 3219 1113 3244; x_wconf 80' lang='lat' dir='ltr'><strong>s.</strong></span> 
     </span>
    </p>
   </div>
  </div>
 </body>
</html>
