1942 3554
320 215 400 264 43
849 214 930 251 nE
967 213 1419 252 monoLA'rmA.
1597 259 1601 261 ,
1857 0 1917 273 ξ

322 374 427 421 gum
460 355 754 403 vocabantur
783 371 810 401 a
840 370 1067 418 purpura,
1122 354 1242 400 sicut
1272 351 1391 416 apud
1431 368 1517 398 nos
1549 368 1575 399 a
1608 361 1722 416 toga
1754 347 1932 401 cand'·

324 426 586 483 candidati,
627 424 711 472 sed
743 441 835 471 non
867 433 918 471 ut
949 433 1200 487 suggestus
1233 424 1312 470 ille
1345 421 1628 470 sacerdotiis
1660 438 1847 488 quoque
1910 486 1913 487 ⁷

321 496 553 561 aliquibus
585 494 819 542 idolorum
851 493 1017 541 officiis
1049 493 1443 557 adstringeretur.
1494 492 1614 540 Nam
1646 493 1686 540 si
1711 493 1778 540 ita
1803 494 1925 568 ess&

324 570 482 631 utique
523 574 680 614 tantae
722 566 983 613 sanctitatis
1022 573 1070 611 et
1108 564 1402 611 constantiae
1441 563 1532 610 viri
1572 564 1727 611 statim
1766 563 1938 635 habit?

322 639 590 701 inquinatos
635 644 958 692 recusassent,
1020 635 1267 698 statimque
1323 634 1644 698 apparuisset,
1707 632 1897 682 Daniel*
1939 669 1942 675 ⁴

321 708 461 755 idolis
492 723 584 754 non
613 705 878 754 deservisse
910 720 1001 752 nec
1020 704 1185 752 Belem
1218 720 1306 752 nec
1334 704 1585 752 draconem
1614 705 1793 763 colere,
1830 721 1856 769 q
1917 703 1919 705 ’

323 779 466 825 multo
499 786 667 841 postea
698 777 934 840 apparuit.
984 775 1195 839 Simplex
1226 776 1370 838 igitur
1398 792 1605 839 purpura
1635 775 1717 822 illa
1747 791 1837 823 nec
1865 776 1876 787 '
1911 775 1914 779 ’
1939 796 1942 798 ·

325 848 575 911 dignitatis
623 857 750 906 erat,
822 845 907 894 sed
951 846 1255 910 ingenuitatis
1309 844 1430 909 apud
1473 845 1700 894 barbaros
1746 785 1942 974 insig}

325 917 721 978 Quemadmodum
756 918 878 964 enim
911 926 960 965 et
992 916 1187 979 loseph,
1239 917 1316 980 qui
1347 930 1511 963 servus
1551 916 1730 974 fuerat,
1779 923 1829 963 et
1912 972 1916 973 ⁷

323 990 442 1047 niel,
485 990 561 1052 qui
593 1004 679 1053 per
711 989 1027 1051 captivitatem
1060 995 1226 1034 statum
1262 995 1485 1044 verterat,
1527 987 1765 1034 civitatem
1798 974 1934 1053 Bab}

323 1060 494 1107 ioniam
529 1069 577 1106 et
592 1059 880 1123 Aegyptiam
914 1067 1022 1105 sunt
1055 1059 1299 1105 consecuti
1330 1072 1418 1120 per
1440 1056 1646 1104 habitum
1670 1056 1935 1111 barbarica«

323 1131 656 1193 ingenuitatis:
723 1130 791 1175 sic
844 1144 990 1192 penes
1037 1144 1123 1174 nos
1177 1143 1362 1192 quoque
1408 1126 1596 1185 fideles,
1659 1129 1698 1175 si
1753 1126 1935 1176 necess·

323 1201 482 1257 fuerit,
516 1200 693 1262 poterit
725 1207 773 1245 et
803 1200 963 1262 pueris
987 1207 1235 1261 praetexta
1262 1196 1462 1244 concedi
1487 1207 1535 1244 et
1557 1198 1724 1262 puellis
1744 1199 1785 1259 ¹)
1818 1198 1942 1258 stolas·

324 1271 580 1317 nativitatis
622 1270 848 1332 insignia,
898 1285 989 1315 non
1027 1269 1298 1331 potestatis,
1347 1268 1564 1331 generis,
1612 1285 1704 1314 non
1744 1269 1939 1330 honoris·

326 1339 534 1397 ordinis,
590 1356 683 1386 non
730 1340 1091 1402 superstitionis.
1157 1338 1376 1385 Ceterum
1423 1354 1629 1402 purpura
1674 1339 1749 1386 vel
1790 1336 1930 1387 ceter·

325 1411 530 1474 insignia
563 1409 840 1474 dignitatum
875 1418 923 1456 et
954 1417 1262 1472 potestatum,
1303 1409 1511 1456 insertae
1546 1407 1761 1473 dignitati
1793 1417 1842 1456 et
1871 1419 1942 1473 pip-

323 1480 573 1529 testatibus
604 1480 907 1527 idololatriae
938 1479 996 1526 ab
1030 1480 1163 1525 initio
1198 1478 1371 1535 dicata,
1407 1478 1583 1527 habent
1613 1469 1927 1543 profanatiou'ti

326 1567 439 1598 suae
470 1550 728 1597 maculam:
780 1566 881 1596 cum
921 1558 1172 1612 praeterea
1211 1550 1324 1612 ipsis
1365 1550 1504 1596 etiam
1537 1549 1676 1597 idolis
1707 1549 1938 1603 induant&-

324 1628 602 1684 praetextae
638 1629 685 1667 et
715 1619 910 1666 trabeae
945 1627 992 1666 et
1023 1620 1254 1677 laticlavi,
1306 1620 1461 1666 fasces
1495 1636 1681 1684 quoque
1714 1629 1763 1668 et
1791 1620 1922 1684 virgi

324 1690 676 1754 praeferantur,
725 1698 771 1736 et
811 1690 995 1735 merito.
1071 1689 1189 1736 Nam
1235 1688 1481 1737 daemonia
1519 1692 1820 1754 magistratus
1852 1688 1931 1741 sui»

327 1761 499 1818 seculi,
546 1760 680 1808 huius
728 1759 918 1822 collegii
958 1760 1161 1822 insignia
1199 1760 1355 1806 fasces
1400 1769 1446 1806 et
1484 1777 1711 1823 purpuras
1751 1760 1929 1825 gestant

328 1829 452 1891 Quid
484 1845 600 1895 ergo
632 1830 878 1894 proficies,
914 1830 954 1876 si
985 1839 1212 1894 suggestu
1245 1830 1431 1894 quidem
1464 1832 1624 1888 utaris,
1659 1848 1806 1895 opera
1837 1828 1929 1887 veit«

329 1903 429 1950 eius
467 1918 559 1948 non
600 1900 928 1948 administres?
986 1900 1140 1948 Nemo
1187 1903 1235 1947 in
1281 1900 1528 1948 immundis
1569 1901 1765 1950 mundus
1803 1901 1929 1957 vide}

326 1980 501 2036 potest.
562 1972 786 2019 Tunicam
820 1972 860 2018 si
892 1969 1057 2017 induas
1090 1972 1374 2035 inquinatam
1409 1987 1497 2036 per
1528 1989 1602 2030 se,
1650 1974 1829 2037 poterit
1857 1974 1932 2023 for

329 2044 449 2090 sitan
491 2042 570 2088 illa
607 2059 700 2089 uon
739 2042 971 2105 inquinari
1009 2057 1095 2104 per
1133 2051 1201 2099 te,
1250 2041 1334 2089 sed
1382 2052 1428 2089 tu
1473 2058 1560 2107 per
1598 2044 1722 2091 illam
1761 2041 1942 2091 muudu

330 2129 438 2161 esse
472 2128 565 2159 non
599 2113 796 2177 poteris.
872 2111 966 2158 Iam
1006 2128 1128 2159 nunc
1170 2115 1246 2176 qui
1290 2112 1347 2160 de
1382 2113 1554 2177 loseph
1594 2123 1642 2161 et
1674 2113 1843 2161 Daniel
1881 2116 1934 2169 ai*

330 2184 644 2246 gumentaris‚
691 2183 837 2240 scito,
876 2199 968 2228 non
1010 2199 1196 2246 semper
1228 2183 1540 2246 comparanda
1572 2201 1680 2232 esse
1714 2194 1878 2235 vetera
1908 2198 1932 2238 e

327 2269 475 2310 nova,
525 2252 659 2300 rudia
700 2262 748 2301 et
785 2252 952 2316 polita,
1002 2262 1173 2317 coepta
1205 2263 1253 2300 et
1292 2255 1543 2317 explicita,
1591 2256 1783 2304 servilia
1822 2264 1870 2302 et
1900 2255 1931 2302 [ὃ

329 2324 527 2371 beralia.
593 2322 712 2370 Nam
758 2323 825 2370 illi
873 2324 1015 2370 etiam
1054 2325 1179 2371 servi
1220 2323 1492 2372 conditione
1533 2335 1691 2374 erant:
1742 2335 1791 2388 tu
1822 2341 1932 2373 veru

330 2394 499 2441 nullius
533 2410 720 2451 servus,
752 2395 799 2439 in
832 2402 1051 2456 quantum
1082 2395 1226 2441 solius
1261 2394 1456 2453 Christi,
1502 2397 1579 2460 qui
1610 2405 1658 2444 te
1698 2398 1837 2445 etiam
1876 2410 1932 2446 cu·

329 2465 544 2529 ptivitate
569 2464 717 2513 seculi
749 2463 983 2521 liberavit,
1018 2480 1076 2511 ex
1108 2465 1257 2511 forma
1290 2465 1523 2514 dominica
1554 2482 1701 2531 agere
1734 2466 1933 2515 debebis

330 2535 416 2583 Ille
450 2533 662 2582 dominus
693 2536 739 2581 in
770 2534 1030 2581 humilitate
1072 2543 1119 2581 et
1150 2535 1446 2597 ignobilitate
1485 2537 1684 2584 incessit
1715 2536 1932 2598 domicili·

329 2606 564 2652 incertus:
611 2622 714 2653 nam
752 2604 898 2661 filius,
946 2605 1116 2668 inquit,
1165 2606 1363 2652 hominis
1402 2623 1492 2653 non
1533 2607 1676 2654 habet
1704 2607 1782 2654 ubi
1817 2622 1932 2671 capu

330 2691 461 2723 suum
508 2675 802 2738 collocet2);
873 2676 1045 2722 vestitu
1092 2676 1313 2732 incultus,
1363 2693 1515 2740 neque
1563 2679 1684 2724 enim
1730 2679 1936 2739 dixisset*

333 2761 451 2794 ecce
498 2748 575 2809 qui
622 2747 800 2794 teneris
845 2746 1130 2802 vestiuntur,
1193 2747 1237 2792 in
1287 2746 1498 2794 domibus
1545 2763 1708 2810 regum
1755 2749 1922 2808 sunt³)

329 2816 460 2864 vultu
493 2815 695 2880 denique
729 2826 776 2863 et
806 2824 999 2880 aspectu
1032 2817 1283 2880 inglorius,
1332 2819 1452 2864 sicut
1490 2826 1538 2864 et
1568 2817 1733 2866 Esaias
1749 2820 1795 2877 4)
1844 2832 1930 2883 pro

331 2888 641 2935 nuntiaverat.
749 2886 800 2933 Si
850 2895 1131 2950 potestatem
1186 2904 1372 2951 quoque
1419 2888 1585 2935 nullam
1640 2905 1699 2935 ne
1754 2891 1800 2936 in
1846 2903 1929 2936 suo

448 3067 490 3120 1)
520 3070 674 3119 Rigalt.
708 3082 863 3117 penes
894 3083 986 3109 nos
1020 3082 1221 3119 quoque
1253 3072 1403 3110 fideli
1434 3093 1490 3100 —
1535 3073 1761 3120 puerilis
1800 3078 1922 3119 pra'e

331 3130 481 3165 texta
513 3127 728 3165 concedi
760 3131 809 3164 et
841 3128 1063 3174 puerilis
1096 3129 1246 3165 stola.
1341 3130 1385 3178 2)
1404 3131 1504 3167 Luc.
1523 3133 1561 3179 9,
1582 3131 1646 3166 58.
1743 3128 1786 3177 3)
1804 3126 1933 3170 Matt‘b

333 3186 400 3231 11,
421 3185 456 3219 8.
574 3182 616 3231 4)
646 3183 715 3220 Es.
735 3185 799 3232 53,
821 3185 856 3219 2.
