1942 3554
246 241 324 291 44
778 241 862 278 DE
900 239 1351 277 mononA'rMA.

248 384 371 446 quit,
405 389 563 428 vestra
596 389 644 427 et
673 381 946 427 neomenias
978 388 1026 426 et
1057 380 1352 426 ceremonias
1384 377 1485 425 odit
1510 378 1663 425 anima
1693 378 1796 424 mea
1814 377 1859 440 1)

247 451 416 508 Nobis,
452 451 616 513 quibus
648 449 839 497 sabbata
872 458 1097 496 extranea
1121 458 1239 506 sunt,
1274 457 1322 496 et
1347 448 1626 496 neomeniae
1653 455 1702 495 et
1724 447 1873 495 feria'
1901 488 1903 493 .

251 538 279 568 a
306 521 394 568 deo
422 518 672 583 aliquando
705 518 927 576 dilectae,
962 518 1229 566 Saturnalia
1261 528 1309 565 et
1333 518 1577 566 Ianuariae
1611 526 1660 565 et
1676 515 1878 564 Bruma-1

251 601 301 638 ct
346 590 635 638 Matronales
682 590 1062 653 frequentantur,
1109 605 1301 637 munera
1347 596 1635 646 commeant,
1689 596 1834 635 stren

254 669 538 718 consonant,
573 660 719 718 lusus,
757 660 974 706 convivia
1007 668 1329 722 constrepunt.
1383 658 1419 706 Ο
1452 659 1621 705 melior
1650 657 1767 706 fides
1798 652 1881 724 ns{
1939 683 1942 693 ·

254 733 431 777 tionum
471 731 518 776 in
558 746 685 777 suam
718 738 918 788 sectam,
973 746 1092 793 quae
1132 729 1302 776 nullam
1342 730 1702 776 sollemnitatem
1744 727 1857 775 Chri
1940 723 1942 726 ⁸

255 802 512 848 stianorum
544 800 632 847 sibi
664 798 896 858 vindicat3
944 816 1035 846 non
1077 799 1357 846 dominicum
1392 798 1537 856 diem,
1583 815 1678 845 non
1714 806 1877 862 pente.

257 879 447 928 costen,
490 871 671 918 etiamsi
703 879 920 928 nossent,
969 869 1210 916 nobiscum
1244 870 1694 927 communicassent,
1744 869 1884 917 time
1938 909 1942 911 .

256 949 364 988 rent
402 940 546 997 euim,
586 957 645 988 ne
681 939 937 987 Chiistiani
969 939 1260 987 viderentur.
1337 938 1439 986 Nos
1471 954 1529 986 ne
1563 938 1740 986 ethnici
1771 953 1886 1001 pro

257 1011 538 1067 nuntiemur,
574 1026 666 1056 non
698 1025 931 1058 veremui.
985 1009 1035 1057 Si
1068 1009 1177 1074 quid
1203 1018 1251 1056 et
1277 1011 1405 1056 carni
1431 1007 1767 1073 indulgendum
1794 1024 1846 1055 es
1887 1018 1889 1020 '
1939 1000 1942 1010 ¹

259 1080 424 1136 habes,
462 1096 554 1126 non
588 1079 738 1127 dicam
770 1090 875 1127 tuos
909 1079 1009 1127 dics
1042 1089 1232 1137 tantum,
1268 1079 1353 1126 sed
1385 1088 1432 1127 et
1461 1079 1620 1142 plures
1635 1079 1697 1140 ²).
1763 1077 1890 1125 Nan?

260 1151 461 1198 ethnicis
495 1151 642 1197 semel
675 1167 852 1197 annuus
885 1149 985 1197 dies
1019 1153 1214 1214 quisque
1247 1151 1394 1197 festus
1427 1158 1523 1206 est,
1571 1149 1656 1196 tibi
1690 1157 1886 1196 octavu
1940 1191 1942 1193 .

261 1221 456 1284 quisque
490 1219 607 1266 dies.
673 1220 891 1282 Excerpe
926 1220 1132 1282 singulas
1164 1221 1502 1267 sollemnitates
1534 1221 1796 1277 nationum,
1837 1234 1864 1266 e

262 1293 307 1336 in
341 1288 553 1335 ordinem
585 1298 718 1347 texe,
751 1299 1063 1352 pentecosten
1097 1290 1293 1352 implere
1326 1306 1418 1336 non
1449 1298 1686 1352 poterunt.
1868 1349 1875 1354 .

408 1363 486 1409 15.
545 1358 639 1405 Sed
687 1360 896 1417 luceant,
943 1359 1116 1423 inquit,
1166 1374 1309 1423 opera
1346 1358 1586 1423 vestra3).
1659 1357 1726 1406 At
1764 1375 1933 1422 ιιιιιιιχΥ

260 1429 422 1476 lucent
452 1428 677 1476 tabernae
711 1437 760 1477 et
790 1430 955 1477 ianuae
989 1438 1198 1489 nostrae3
1235 1430 1393 1492 plures
1425 1431 1514 1476 iam
1545 1430 1759 1478 invenies
1785 1427 1906 1477 θὼς

263 1501 474 1546 nieorum
507 1499 637 1546 fores
668 1500 770 1546 sine
803 1499 1008 1546 lucernis
1041 1508 1089 1546 et
1113 1500 1302 1557 laureis,
1337 1516 1470 1563 quam
1499 1499 1891 1548 Christianorum-³

263 1569 333 1615 De
373 1569 462 1615 ista
501 1584 687 1631 quoque
727 1570 887 1632 specie
929 1568 1039 1633 quid
1076 1568 1291 1616 videtur?
1351 1569 1401 1616 Si
1448 1568 1563 1617 idoli
1608 1570 1761 1617 honor
1800 1577 1905 1629 est,

262 1639 364 1685 sine
399 1637 538 1684 dubio
579 1638 694 1685 idoli
732 1638 886 1685 honor
915 1638 1187 1685 idololatria
1227 1648 1317 1686 est.
1399 1639 1450 1687 Si
1489 1641 1889 1688 hominis‘caussa

265 1717 361 1765 est,
409 1709 729 1771 recogitemus
771 1725 953 1756 omnem
993 1707 1306 1756 idololatriam
1346 1712 1393 1756 in
1431 1710 1632 1758 hominis
1678 1706 1942 1758 caussam

263 1793 391 1825 esse.
470 1777 807 1841 Recogitemus
856 1794 1039 1826 omnem
1086 1778 1402 1827 idololatriam
1441 1780 1488 1827 in
1527 1780 1740 1828 homines
1781 1796 1876 1828 ess
1935 1794 1938 1798 ·

264 1848 515 1905 culturam,
565 1864 667 1895 cum
715 1850 845 1911 ipsos
886 1848 1000 1896 deos
1042 1850 1278 1896 nationum
1318 1850 1532 1898 homines
1571 1860 1701 1898 retro
1742 1851 1895 1901 fuisse,

265 1919 404 1965 etiam
438 1917 559 1980 apud
591 1935 701 1965 suos
736 1927 941 1966 constet.
1019 1919 1182 1983 Itaque
1215 1920 1328 1967 nihil
1359 1922 1581 1980 interest,
1629 1920 1889 1985 superioris
1934 1951 1937 1953 -

263 2005 322 2035 an
354 1988 489 2035 huius
521 1989 671 2036 seculi
703 1990 813 2036 viris
846 1992 1116 2053 superstitio
1150 1992 1236 2038 ista
1268 1999 1555 2054 praestetur.
1613 1990 1929 2042 Idololatria

264 2075 358 2104 non
388 2067 584 2121 propter
614 2075 840 2122 personas
881 2076 997 2123 quae
1039 2062 1419 2123 apponuntur4),
1467 2060 1552 2110 sed
1592 2070 1788 2126 propter
1818 2060 1942 2124 ‹if-ff

264 2128 372 2175 ficia
403 2128 491 2175 ista
523 2127 738 2176 damnata
770 2139 863 2187 est,
909 2147 1025 2194 quae
1059 2130 1117 2177 ad
1150 2130 1403 2178 daemones
1441 2133 1694 2195 pertinent.
1764 2126 1902 2180 Redmiv
1936 2125 1942 2149 ⁵

265 2196 420 2245 denda
465 2207 572 2244 sunt
612 2200 794 2246 caesari
834 2216 951 2263 quae
993 2209 1099 2247 sunt
1139 2203 1368 2248 caesaris:
1417 2202 1539 2249 bene
1578 2200 1706 2267 quod
1741 2218 1865 2267 appo

263 2268 384 2314 suit:
434 2276 484 2314 et
521 2284 639 2331 quae
680 2278 785 2316 sunt
825 2268 899 2316 dei
934 2269 1023 2318 deo
1042 2271 1105 2330 5).
1183 2271 1312 2329 Quae
1354 2288 1470 2336 ergo
1513 2281 1619 2320 sunt
1650 2273 1890 2323 caesaris?
1908 2275 1915 2329 s

264 2338 451 2384 scilicet
481 2336 539 2384 de
565 2338 730 2402 quibus
754 2348 863 2386 tunc
891 2341 1170 2387 consultatio
1196 2342 1485 2402 movebatur,
1519 2341 1903 2407 praestandusne-

264 2416 395 2455 esset
433 2423 601 2456 census
641 2411 846 2468 caesari,
895 2427 953 2456 an
993 2427 1101 2457 non.
1178 2410 1291 2458 Ideo
1332 2421 1380 2460 et
1424 2422 1659 2461 monetam
1697 2409 1915 2461 ostendi

265 2477 353 2524 sihi
387 2477 598 2526 dominus
638 2480 916 2542 postulavit,
967 2489 1014 2528 et
1052 2479 1110 2528 de
1152 2482 1377 2545 imagine,
1434 2484 1566 2531 cuius
1606 2491 1758 2542 esset,
1811 2499 1919 2530 ie-

265 2548 471 2611 quisivit.
558 2548 618 2596 Et
663 2566 766 2597 cum
812 2550 1040 2608 audisset,
1092 2554 1321 2609 caesariS,
1371 2552 1580 2611 reddite,
1627 2553 1714 2612 ait,
1769 2567 1915 2617 quae

262 2627 374 2664 sunt
402 2620 610 2667 caesaris
643 2622 847 2679 caesari,
899 2630 947 2669 et
977 2637 1094 2685 quae
1129 2630 1235 2668 sunt
1267 2622 1345 2669 dei
1377 2621 1488 2680 deo,
1536 2622 1585 2670 id
1616 2632 1691 2670 est
1719 2624 1912 2686 imagi-2

264 2703 368 2735 nem
402 2691 609 2737 caesaris
642 2692 845 2748 caesari,
880 2707 998 2755 quae
1031 2693 1075 2738 in
1109 2708 1291 2738 nummo
1325 2701 1410 2750 est,
1446 2701 1494 2739 et
1524 2693 1773 2756 imaginem
1809 2692 1885 2741 dei

262 2756 378 2815 deo,
442 2775 561 2822 quae
609 2761 653 2806 in
701 2760 888 2808 homine
938 2771 1040 2820 est,
1092 2771 1142 2808 ut
1187 2763 1368 2808 caesari
1417 2762 1602 2826 quidem
1639 2763 1886 2826 pecuniam
1931 2814 1935 2818 ,

377 2969 420 3015 1)
452 2971 592 3019 1es.1‚
622 2972 683 3006 14.
801 2969 846 3023 2)
879 2973 947 3009 Sic
974 2973 1200 3009 Rhenanus
1227 2973 1420 3020 scripsit,
1451 2973 1681 3020 Rigaltius:
1711 2974 1885 3015 habes
1925 2965 1932 2983 ²

260 3021 374 3063 Non
408 3029 576 3063 tamen
610 3027 717 3063 dics
747 3030 969 3074 tantum,
1003 3029 1089 3065 sed
1121 3033 1173 3065 et
1204 3028 1393 3075 plures
1468 3030 1609 3067 Ciacc.
1643 3032 1685 3067 et
1714 3029 1882 3067 lunius.
1921 3046 1923 3049 ·

260 3091 363 3118 ιιοιι
393 3081 554 3119 dicam
589 3094 709 3120 suos
743 3083 779 3119 d.
798 3087 848 3131 t,
895 3084 1054 3122 latina
1089 3085 1213 3121 duos
1245 3084 1368 3122 dies.
1428 3087 1475 3122 In
1506 3096 1623 3132 sequ.
1656 3097 1730 3132 pro
1761 3089 1884 3123 texe

261 3137 350 3184 Rig.
375 3149 573 3175 exsere.
691 3140 735 3187 3)
766 3140 917 3177 Matth.
948 3144 992 3189 5,
1025 3143 1092 3178 16.
1211 3140 1256 3188 4)
1289 3141 1359 3179 Sic
1376 3141 1603 3190 Rigaltius,
1635 3143 1726 3178 Lat.
1750 3144 1792 3178 et
1815 3141 1884 3178 Fr.
1924 3165 1926 3168 v

261 3194 429 3242 1unius5
463 3195 613 3232 ceteri:
647 3200 994 3244 opponuntur.
1114 3198 1158 3245 5)
1188 3197 1339 3234 Matth.
1359 3199 1426 3247 22,
1446 3199 1514 3236 21.
1575 3199 1676 3236 Luc.
1698 3198 1763 3247 2⁰,
1786 3199 1854 3235 25.
