1942 3554
523 199 601 238 AD
646 197 922 238 UXOREM
963 197 1077 235 LIB.
1113 197 1172 235 11.
1590 195 1667 240 23

5 308 93 378 'ms
129 320 373 371 arceatur,
420 312 543 360 alter
585 313 632 359 in
677 312 733 359 iis
778 325 1088 375 perseverare
1134 309 1384 358 iubeatur?
1429 325 1515 358 cur
1558 311 1598 359 si
1643 327 1673 358 a

21 382 200 449 {gentili
230 383 546 446 inquinamur,
586 398 679 428 non
710 382 790 430 ille
823 380 1126 444 disiungitur,
1161 378 1550 444 quemadmodum
1580 381 1671 429 iste

20 455 129 518 iton
159 452 428 515 obligatur?
470 450 812 516 Respondebo:
845 453 884 499 si
915 453 1105 516 spiritus
1138 450 1339 508 dederit,
1373 460 1482 499 ante
1517 452 1674 499 omnia

18 522 244 585 adlegans
289 521 524 569 dominum
571 523 719 584 magis
765 530 916 569 ratum
962 522 1140 569 habere
1187 522 1531 585 matrimonium
1578 538 1674 568 non

21 592 275 649 ›conti-'abb
323 607 458 656 quam
507 592 695 638 omnino
743 591 969 655 disiungi:
1018 591 1222 655 denique
1269 591 1522 645 divortium
1559 607 1674 656 pro-

20 661 187 724 lhibet,
240 662 330 709 nisi
375 663 524 725 stupri
570 678 759 720 caussa,
810 663 1146 710 continentiam
1191 678 1307 710 vero
1355 661 1672 710 commendat.

21 729 189 785 lflabet
217 732 362 798 igitur
391 733 471 780 ille
502 731 842 796 perseverandi
874 734 1223 790 necessitatem,
1256 733 1333 779 hic
1357 748 1503 795 porro
1531 734 1675 780 etiam

0 817 129 862 11011
156 801 363 851 nubendi
392 811 692 867 potestatem.
759 803 891 850 Tunc
923 803 962 850 si
994 801 1250 851 secundum
1277 804 1562 866 scripturam
1595 803 1675 866 qui

0 873 84 926 iin
123 873 421 921 matrimonio
468 874 659 936 gentilis
705 890 734 920 a
777 873 870 921 fide
917 872 1360 937 deprehenduntur,
1413 881 1676 936 propterea

0 959 126 1003 mon
155 943 477 1007 inquinantur,
520 945 627 1007 quia
660 960 763 991 cum
802 943 915 1007 ipsis
953 944 1034 990 alii
1067 959 1251 1006 quoque
1291 943 1673 990 sanctificantur:

0 1003 133 1067 atine
163 1012 306 1061 dubio
337 1014 438 1071 isti,
479 1015 555 1078 qui
587 1022 696 1062 ante
727 1015 911 1079 nuptias
942 1013 1226 1061 sanctificati
1264 1021 1394 1070 sunt,
1435 1014 1476 1061 si
1515 1021 1675 1061 extra-

18 1098 151 1167 qnae
192 1085 324 1132 carni
365 1086 781 1141 commisceantur,
828 1084 1129 1131 sanctificare
1169 1099 1276 1131 eam
1320 1100 1415 1129 non
1461 1092 1673 1146 possunt,

18 1154 79 1205 th
117 1159 208 1217 qua
243 1170 338 1201 non
377 1163 484 1202 sunt
521 1153 822 1218 deprehensi.
898 1153 988 1205 Dei
1025 1162 1182 1201 autem
1221 1154 1377 1216 gratia
1414 1152 1530 1200 illud
1567 1170 1676 1200 san-

18 1224 235 1281 tetificat,
283 1223 408 1288 quod
452 1226 645 1272 invenit.
722 1224 794 1271 Ita
839 1223 963 1288 quod
1017 1224 1310 1271 sanctificari
1358 1240 1452 1270 non
1504 1225 1674 1287 potuit,

19 1293 311 1343 iimmundum
343 1303 438 1353 est,
473 1294 596 1358 quod
628 1293 909 1341 immundum
942 1303 1036 1352 est,
1072 1311 1176 1342 011111
1207 1302 1372 1342 sancto
1406 1310 1500 1341 non
1530 1293 1678 1341 habet

20 1370 238 1427 martem,
271 1366 361 1412 nisi
391 1374 443 1412 ut
473 1365 531 1412 de
564 1382 648 1413 suo
681 1366 896 1427 inquinet
923 1374 975 1412 01
1007 1364 1213 1411 occidat.

40 1451 60 1482 -1
173 1439 221 1486 3.
285 1434 415 1482 Haec
463 1451 566 1482 cum
612 1436 678 1481 ita
723 1436 837 1491 sint,
885 1434 1051 1482 fideles
1091 1435 1336 1497 gentilium
1376 1436 1678 1483 matrimonia

17 1504 284 1555 fflbeuntes
328 1505 479 1567 stupri
523 1520 634 1551 reos
681 1519 785 1550 csse
834 1513 1022 1551 constat
1064 1513 1115 1559 et
1160 1503 1396 1551 arcendos
1442 1506 1501 1552 ab
1548 1506 1676 1565 omni

18 1575 457 1637 wbmmunicatione
502 1575 839 1631 fraternitatis,
896 1589 957 1620 ex
1002 1575 1152 1621 literis
1199 1576 1405 1637 apostoli
1453 1574 1673 1633 dicentis,

14 1652 135 1704 teum
167 1644 396 1694 eiusmodi
427 1660 516 1692 nec
550 1645 703 1692 cibum
735 1643 1008 1691 sumendum
1025 1645 1088 1703 1).
1156 1642 1254 1691 Aut
1285 1643 1508 1708 numquid
1539 1645 1676 1692 tabu-

17 1715 101 1773 &hs
139 1717 372 1781 nuptiales
409 1714 470 1763 de
510 1715 592 1762 illo
632 1713 754 1778 apud
795 1715 998 1761 tribunal
1038 1713 1214 1761 domini
1252 1715 1581 1777 proferemus?
1627 1725 1677 1762 et

16 1787 374 1845 *atrimonium
419 1787 511 1833 rite
558 1786 917 1845 contractum2)
966 1785 1298 1846 allegabimus,
1356 1784 1481 1848 quod
1523 1787 1677 1832 vetuit

17 1857 163 1923 {ipse'ss
191 1873 286 1905 non
310 1855 591 1904 adulterium
618 1863 705 1912 est,
741 1854 865 1918 quod
896 1855 1183 1918 prohibitum
1217 1863 1305 1911 est,
1339 1871 1433 1901 non
1464 1864 1675 1918 stuprum

16 1931 133 1979 nst?
174 1928 393 1981 ,extranei
438 1926 640 1974 hominis
678 1924 902 1971 admissio
942 1926 1091 1971 minus
1130 1925 1354 1988 templum
1394 1924 1471 1972 dei
1509 1926 1674 1982 violat,

17 1999 180 2059 {pinus
216 1997 425 2044 membra
465 1996 641 2044 Christi
681 2012 783 2043 cum
822 1996 1044 2042 membris
1084 1994 1333 2048 adulterae,
1370 1997 1678 2045 commiscet?

15 2066 169 2128 (Quod
200 2069 369 2124 sciam,
409 2083 502 2114 non
534 2082 689 2114 sumus
720 2067 894 2123 nostri,
934 2065 1017 2113 scd
1056 2067 1211 2129 pretio
1251 2067 1418 2129 empti,
1461 2075 1510 2113 et
1549 2067 1676 2130 quali

15 2140 225 2204 metio?
254 2138 481 2201 sanguine
513 2135 606 2184 dei.
682 2135 953 2184 Laedentes
993 2137 1148 2199 igitur*
1169 2152 1361 2183 carnem
1401 2138 1536 2183 istam
1569 2154 1676 2184 eum

14 2206 274 2266 ifiedimus.
349 2207 420 2256 De
458 2209 674 2272 proximo
709 2206 818 2270 quid
849 2207 939 2254 sibi
968 2207 1118 2254 voluit
1148 2207 1228 2254 ille
1263 2207 1340 2270 qui
1372 2205 1512 2264 dixit,
1555 2205 1676 2254 deli-

17 2287 156 2337 {qum
199 2277 387 2344 quidem
435 2294 541 2326 esse
589 2286 819 2325 extraneo
867 2278 1070 2335 nubere,
1127 2266 1211 2324 sed
1258 2278 1519 2335 minimum,
1570 2294 1675 2325 011111

13 2345 147 2421 flfljas
183 2350 393 2414 seposita
433 2350 590 2396 carnis
628 2349 801 2395 iniuria
839 2347 899 2395 ad
937 2347 1173 2395 dominum
1213 2349 1494 2411 pertinentis
1536 2363 1674 2394 omne

15 2407 253 2478 stinctum
283 2420 598 2468 voluntarium
637 2420 685 2466 in
717 2417 906 2467 domino
948 2417 1127 2481 grande
1168 2420 1243 2465 sit.
1323 2418 1509 2475 Quanto
1550 2418 1675 2464 enim

97 2498 243 2539 testas
278 2489 460 2551 vitandi
496 2490 608 2547 fuit,
650 2498 782 2536 tanto
824 2490 1151 2536 contumaciae
1193 2489 1389 2535 0111111110
1431 2496 1672 2534 oneratur.

66 2612 70 2614 ,
70 2559 386 2621 001130οᾢ
410 2577 533 2608 1111110
566 2569 730 2608 cetera
760 2559 974 2622 pericula
1006 2568 1056 2605 et
1083 2558 1295 2614 vulnera,
1328 2566 1383 2603 ut
1414 2556 1526 2614 dixi,
1562 2556 1673 2604 fidei

15 2623 91 2682 Α
128 2631 346 2696 apostolo
384 2631 575 2694 provisa
613 2647 707 2677 non
748 2630 903 2677 earnis
941 2637 1120 2675 tantum
1151 2643 1313 2674 verum
1346 2628 1487 2674 etiam
1527 2627 1673 2690 ipsius

16 2701 221 2772 nqiritus
252 2701 595 2749 molestissima.
667 2700 779 2758 Quis
811 2699 934 2745 enim
967 2697 1152 2745 dubitet
1183 2697 1429 2744 obliterari
1462 2696 1672 2760 quotidie

16 2769 173 2825 Nem
205 2772 492 2818 commercio
531 2769 742 2818 infideli?
816 2769 976 2815 Bonos
1016 2775 1322 2831 corrumpunt
1359 2783 1516 2815 mores
1557 2784 1673 2814 con-

15 2835 347 2914 *1111111101ιο3
384 2841 534 2888 malae
552 2841 625 2900 ³),
667 2847 839 2902 quanto
871 2840 1019 2901 magis
1052 2839 1296 2886 convictus
1329 2846 1377 2885 et
1406 2835 1672 2886 individuus

17 2914 173 3069 (Συεῖ
219 2910 421 2970 Quaevis
451 2911 619 2958 mulier
643 2908 797 2956 fidelis
828 2908 1063 2956 dominum
1096 2909 1319 2957 observet
1350 2924 1548 2956 necesse
1580 2917 1668 2983 est.

56 3074 107 3109 ᾖ·
150 3081 195 3130 1)
226 3081 264 3117 1.
282 3081 377 3118 Cor.
405 3082 443 3128 5,
469 3082 536 3118 11.
654 3080 699 3129 2)
730 3081 845 3118 Haec
878 3092 942 3119 vi.
972 3079 1362 3118 matrimonium
1401 3079 1503 3116 rite
1544 3089 1670 3116 con·

21 3081 264 3186 guttum
290 3136 440 3174 desunt
463 3137 506 3174 in
531 3136 594 3175 ed.
612 3136 796 3185 Rigaltii.
917 3135 961 3189 3)
995 3137 1056 3174 cf.
1075 3137 1125 3174 ad
1145 3147 1319 3174 uxorem
1340 3137 1379 3184 1,
1400 3136 1439 3175 8.
