1942 3554
103 0 129 13 :³-
183 0 188 10 ἰ

50 0 151 63 Ἐθῑ
170 22 178 29 ³
198 27 203 29 ⁴
232 44 234 46 v

506 189 1083 230 APOLOGETICUS.
1546 188 1621 235 77

18 347 84 380 ‚em
115 348 143 379 a
173 331 349 378 ceteris
381 328 630 378 coelitibus
663 329 987 392 experiretur,
1029 344 1176 391 opera
1216 325 1455 374 cuiusdam
1489 342 1624 374 mon-

16 402 86 450 vriv
123 401 394 459 liberatum,
440 408 489 447 et
527 405 654 446 'nunc
700 399 888 445 flentem
930 397 1220 461 Sarpedonis
1267 413 1450 455 casum,
1499 412 1625 445 nune

24 469 426 523 .ede‚subantem
471 470 518 516 in
557 483 770 516 sororem
811 468 895 515 sub
936 469 1384 516 commemoratione
1425 485 1518 515 non
1559 469 1626 515 ita

35 543 273 590 alictarum
321 538 590 604 iampridem
635 541 904 586 amicarum.
981 537 1165 586 Exinde
1208 540 1309 603 quis
1347 555 1442 585 non
1482 541 1627 602 poe‘ta

41 629 60 660 ι
95 612 376 660 auctoritate
413 610 638 674 principis
678 610 748 656 sui
782 608 1102 656 dedecorator
1132 610 1371 657 invenitur
1403 608 1629 656 deorum?

17 684 87 730 >ic
123 680 391 747 Apollinem
428 678 632 727 Admeto
678 680 784 742 regi
829 678 1081 742 pascendis
1128 679 1383 742 pecoribus
1429 678 1626 736 addicit,

40 756 79 800 le
109 751 317 816 Neptuni
353 750 632 799 structorias
674 765 846 813 operas
878 747 1195 797 Laomedonti
1235 750 1378 796 locat.
1456 749 1541 796 Est
1580 759 1629 797 et

37 892 139 942 ÷tiae
177 893 370 950 merito,
411 908 500 955 qua
531 889 811 938 medicinam
843 898 1078 937 nocenter
1109 889 1391 947 exercebat,
1432 890 1627 937 fulmine

24 961 282 1011 {audientum
299 964 362 1023 ι).
435 961 587 1009 Malus
627 961 827 1025 Iupiter,
870 961 909 1007 si
949 961 1123 1007 fulmen
1162 961 1286 1007 illius
1325 969 1419 1017 est,
1462 961 1629 1023 impius

41 1054 49 1080 t
77 1027 323 1098 nepotem,
363 1031 546 1080 invidus
577 1032 623 1078 in
656 1031 901 1079 artificem.
980 1030 1109 1078 Haec
1143 1047 1296 1095 neque
1327 1046 1441 1078 vera
1472 1028 1630 1094 prodi,

37 1118 155 1168 eque
187 1103 304 1151 falsa
342 1103 549 1165 confingi
588 1100 711 1166 apud
751 1102 1134 1165 religiosissimos
1175 1100 1446 1164 oportebat.
1522 1100 1630 1148 Nee

29 1173 174 1239 wagini
213 1172 398 1238 quidem
437 1182 518 1220 aut
563 1173 731 1220 comici
779 1180 998 1235 parcunt,
1047 1180 1098 1219 ut
1135 1188 1227 1218 non
1267 1188 1515 1219 aerumnas
1553 1171 1631 1218 vel

31 1259 196 1292 rrores
237 1242 398 1292 domus
436 1243 634 1290 alicuius
675 1242 751 1289 dei
796 1243 1086 1305 praefentur.
1161 1242 1322 1289 Taceo
1372 1240 1430 1289 de
1476 1241 1631 1304 philo-

19 1313 190 1378 «ophis,
245 1312 446 1361 Socrate
501 1321 775 1369 contentuS,
833 1313 910 1375 qui
956 1313 1001 1358 in
1050 1312 1380 1359 contumeliam
1434 1309 1633 1359 deorum

36 1399 228 1432 uerenm
273 1393 322 1431 et
366 1383 545 1431 hircum
591 1392 641 1430 et
686 1398 849 1429 canem
896 1380 1155 1430 deierabat.
1233 1380 1330 1430 Sed
1374 1390 1631 1446 propterea

22 1462 247 1502 tamnatus
280 1462 352 1502 est
384 1452 631 1510 Socrates,
669 1453 778 1516 quia
810 1451 926 1499 deos
959 1451 1248 1499 destruebat.
1325 1451 1468 1499 Plane
1503 1453 1630 1510 olim,

42 1524 55 1572 l
91 1532 166 1572 est
203 1539 410 1588 semper,
451 1524 626 1571 veritas
666 1520 776 1569 odio
816 1530 904 1570 est.
978 1521 1153 1570 Tamen
1195 1539 1297 1570 cum
1335 1523 1634 1586 poenitentia

32 1595 268 1644 ententiae
290 1591 609 1642 Athenienses
641 1602 688 1642 et
720 1594 1048 1641 criminatores
1074 1592 1289 1641 Socratis
1319 1601 1486 1656 postca
1517 1592 1634 1640 affli-

27 1665 247 1728 ·erint²),
288 1673 337 1713 et
373 1665 624 1729 imaginem
664 1665 765 1712 eius
804 1679 993 1711 auream
1034 1664 1082 1710 in
1121 1664 1295 1728 templo
1330 1663 1632 1720 collocarint,

41 1735 212 1784 eseissa
257 1734 491 1783 damnatio
537 1736 855 1783 testimonium
904 1734 1095 1782 Socrati
1142 1733 1364 1782 reddidit.
1442 1732 1540 1781 Sed
1586 1743 1635 1781 et

38 1806 248 1870 ›ingenes
286 1807 449 1854 nescio
490 1805 599 1870 quid
640 1807 684 1851 in
719 1805 970 1852 Herculem
1010 1804 1149 1862 ludit,
1191 1814 1239 1852 et
1270 1804 1505 1851 Romanus
1539 1803 1634 1867 Cy-

30 1876 142 1925 {icus
172 1877 325 1925 Varro
357 1885 600 1924 trecentos
634 1875 792 1933 Ioves,
826 1876 924 1922 sive
957 1874 1190 1939 Iupiteres
1223 1873 1495 1931 dicendum,
1528 1875 1631 1921 sine

37 1945 240 2010 ‚apitibus
270 1944 543 1993 introducit.

155 2020 234 2067 15.
283 2015 457 2063 Cetera
482 2015 704 2063 lasciviae
730 2017 922 2080 ingenia
953 2017 1094 2063 etiam
1118 2016 1435 2080 voluptatibus
1460 2018 1632 2064 vestris

40 2102 98 2136 er
133 2084 326 2135 deorum
367 2084 574 2133 dedecus
614 2095 886 2149 operantur.
961 2086 1190 2150 Dispicite
1230 2087 1537 2135 Lentulorum
1585 2095 1634 2134 et

28 2157 314 2206 {ostiliorum
352 2165 649 2212 venustateS,
698 2165 851 2204 utrum
897 2157 1062 2204 mimos
1108 2174 1167 2204 an
1207 2156 1323 2205 deos
1361 2166 1546 2205 vestros
1585 2158 1652 2204 in.

33 2229 130 2276 aeis
161 2236 210 2276 et
238 2226 441 2290 strophis
479 2225 702 2274 rideatis:
742 2226 989 2274 moechum
1019 2225 1245 2286 Anubim,
1288 2237 1337 2274 et
1374 2227 1633 2275 masculum

25 2305 207 2355 sunnam,
248 2305 297 2344 et
334 2297 532 2344 Dianam
570 2296 874 2359 flagellatam,
917 2306 965 2344 et
1002 2296 1128 2345 Iovis
1168 2299 1338 2344 mortui
1378 2306 1633 2345 testamen-

33 2374 107 2419 ειη
135 2367 403 2423 recitatum,
444 2375 491 2413 et
521 2375 619 2414 tres
652 2366 885 2415 Hercules
917 2368 1162 2415 famelicos
1193 2369 1376 2415 irrisos.
1456 2367 1551 2414 Sed
1585 2376 1633 2414 et

30 2437 282 2485 :istrionum
328 2437 576 2495 litterae3)
628 2453 810 2485 omnem
849 2436 1123 2485 foeditatem
1163 2453 1324 2485 eorum
1366 2437 1630 2499 designant.

38 2515 169 2571 *auget
205 2505 288 2555 Sol
326 2506 465 2555 filium
508 2508 728 2554 iactatum
768 2506 825 2555 de
866 2508 1003 2555 coelo
1051 2508 1332 2555 laetantibus
1370 2507 1531 2563 vobis,
1584 2515 1632 2554 et

28 2574 193 2641 *lybele
229 2585 464 2641 pastorem
502 2579 707 2641 suspirat
743 2576 1062 2634 fastidiosum,
1105 2594 1197 2624 non
1238 2576 1630 2624 erubescentibus

31 2644 159 2694 vbis.
247 2645 309 2694 Et
361 2648 601 2695 sustinetis
648 2647 774 2694 Iovis
820 2648 977 2710 elogia
1024 2648 1231 2703 cantari,
1289 2657 1336 2694 et
1382 2647 1627 2703 Iunonem,

32 2715 262 2774 fenerem,
293 2717 549 2765 Minervam
582 2735 609 2765 a
639 2726 828 2781 pastore
862 2716 1077 2763 iudicari.
1148 2716 1283 2775 Quid,
1319 2716 1444 2781 quod
1475 2719 1628 2781 imago

108 2922 166 2974 1)
210 2925 300 2974 Rig.
329 2928 373 2963 et
399 2927 502 2964 Hav.
535 2939 557 2965 e
588 2929 677 2966 cod.
708 2928 848 2966 Fuld.:
893 2927 1180 2964 iudicatum
1228 2928 1280 2977 (i.
1312 2940 1348 2966 e.
1386 2929 1630 2979 punitum).

46 2978 186 3025 >Oml-
207 2981 328 3019 Fuld.
358 2983 546 3020 Tamen
578 2996 687 3021 cum
728 2984 966 3031 poenitet
1002 2984 1306 3022 sententiae
1335 2985 1630 3023 Athenien-

45 3037 117 3088 οξ,
159 3039 215 3075 ut
255 3037 622 3076 criminatores
660 3041 800 3079 Socr.
841 3039 1170 3089 efflixerint,
1224 3043 1267 3078 et
1296 3061 1351 3068 --
1396 3042 1631 3078 resciua

30 3092 90 3145 *ns
129 3093 348 3131 natione
379 3097 494 3131 test.
526 3095 663 3133 Socr.
694 3096 1051 3134 reddiderunt.
1176 3094 1220 3146 3)
1254 3097 1407 3138 Rhea}
1438 3097 1630 3143 latera3

43 3159 67 3205 ’ἱ
86 3149 167 3193 fef.
192 3150 243 3187 ad
268 3151 384 3187 Natt.
402 3152 430 3198 1,
450 3151 515 3187 10.
1334 3164 1346 3173 ·

77 3336 112 3356 -τ

40 824 79 871 le
113 820 173 870 de
205 821 367 887 lyricis
407 819 678 882 (Pindarum
710 819 836 878 dico)
882 821 959 883 qui
990 818 1323 883 Aesculapium
1359 821 1486 867 canit
1517 836 1629 867 ava·
1709 875 1715 883 ἦ
