1942 3554
394 153 611 191 CONTRA
643 152 950 191 GNOSTIGOS
981 151 1290 190 SCORPIAGE.
1539 149 1657 200 245

31 290 154 356 fflns.
220 291 787 352 Thessalonicensibus1)
835 307 950 338 vero
998 289 1056 338 de
1103 292 1301 338 vinculis
1355 290 1569 339 scribens
1587 294 1651 351 2),

16 355 181 426 ‚itique
213 360 385 410 beatos
419 362 689 418 affirmavit,
739 361 906 424 quibus
939 360 1159 409 donatum
1193 369 1322 409 esset
1352 378 1445 409 non
1477 370 1654 409 tantum

38 430 228 488 eredere
258 433 304 479 in
338 431 594 489 Christum,
635 431 718 479 sed
753 433 891 478 etiam
925 432 1022 496 pati
1053 447 1139 494 pro
1172 432 1292 495 ipso,
1334 430 1550 490 eundem,
1584 434 1655 479 in-

37 503 147 566 mit,
194 517 394 565 agonem
428 502 654 549 habentes
688 517 823 565 quem
856 502 902 547 in
935 517 1007 547 me
1039 501 1244 559 vidistis,
1288 511 1337 549 et
1367 518 1489 549 nunc
1521 502 1656 550 audi-

20 573 167 631 -is.⁸)
230 571 350 619 Nam
384 573 472 619 etsi
506 571 630 618 libor
660 587 802 634 super
839 571 1144 629 sacrificium,
1196 571 1404 634 gaudeo,
1453 581 1501 619 et
1542 589 1654 620 con-

32 641 210 705 gaudeo
243 640 454 688 omnibus
483 641 639 699 vobis,
688 639 886 704 perinde
929 650 977 688 et
1007 657 1092 687 vos
1125 640 1331 704 gaudete
1365 651 1414 689 et
1444 660 1654 707 congau-

12 708 132 779 'lle'te
162 710 292 758 mihi.
352 710 523 769 Vides,
574 727 709 792 quam
748 711 960 774 martyrii
993 709 1188 757 definiat
1226 711 1528 771 felicitatem,
1577 715 1653 761 cui

16 781 83 830 de
98 774 286 846 gaudio
319 790 477 828 mutuo
510 781 715 844 acquirit
746 781 1130 827 sollemnitatem!
1170 780 1230 828 Ut
1247 783 1487 862 proximus
1519 782 1654 830 deni-

86 865 114 899 ο
143 852 243 899 voti
274 852 343 898 sui
374 851 528 897 factus
560 859 649 908 est,
685 851 886 915 qualiter
917 850 975 897 de
1007 860 1264 914 prospectu
1297 853 1398 898 eius
1431 853 1650 910 exsultat,

7 862 188 985 &goeris
216 920 464 968 Timotheo
480 921 556 978 4):
599 919 703 984 Ego
738 922 859 968 enim
892 922 983 968 iam
1017 920 1153 978 libor,
1189 930 1238 969 et
1268 929 1448 985 tempus
1483 922 1654 970 dever-

15 991 168 1041 *sionis
206 991 403 1050 insistit3
450 1007 651 1054 agonem
690 991 861 1038 bonum
902 990 1169 1049 decertavi,
1219 1007 1401 1039 cursum
1437 1009 1654 1040 consum-

8 1059 164 1134 αιἰιαγί,
211 1059 350 1108 iidem
383 1060 644 1120 custodivi,
698 1070 914 1125 superest
947 1077 1150 1119 corona,
1193 1078 1327 1126 quam
1360 1064 1470 1109 mihi
1506 1061 1656 1110 domi-

5 1147 109 1180 unus
140 1131 221 1179 illa
253 1129 329 1178 die
361 1129 556 1189 reddet,
607 1132 793 1179 scilicet
822 1132 1073 1213 passionis.
1141 1130 1266 1179 Satis
1299 1141 1348 1179 ct
1378 1135 1479 1195 ipse
1513 1151 1660 1200 supxa,

13 1198 254 1250 allocutus
269 1201 342 1261 ⁵):
380 1167 556 1248 Fidelis
585 1218 767 1250 sermo:
805 1203 843 1249 si
877 1203 997 1248 enim
1033 1203 1312 1249 commortui
1344 1219 1499 1251 sumus
1519 1204 1655 1250 Chri-

23 1281 114 1336 sto,
147 1280 196 1320 et
227 1273 554 1331 convivemus,
591 1271 632 1319 si
663 1272 940 1330 sufferimuS,
975 1280 1022 1319 et
1042 1273 1463 1336 conregnabimus,
1501 1274 1539 1320 si
1571 1289 1656 1320 ne-

8 1342 315 1406 gaverimus,
364 1349 414 1388 et
443 1342 522 1388 ille
555 1358 641 1389 nos
673 1342 892 1406 negabit3
944 1344 982 1389 si
1015 1359 1104 1389 non
1140 1342 1391 1401 credimus,
1425 1344 1505 1392 ille
1538 1343 1655 1392 fide·-

5 1411 81 1460 lis
112 1420 200 1470 est,
236 1426 415 1475 negare
448 1427 499 1458 se
532 1429 623 1459 non
657 1422 830 1476 potest.
849 1413 894 1471 6)
935 1412 1010 1460 Ne
1045 1429 1163 1476 ergo
1196 1413 1500 1461 confundaris
1532 1430 1657 1461 mar-

5 1483 194 1547 ÷tyrium
227 1480 402 1528 domini
433 1483 606 1539 nostri,
655 1498 807 1545 neque
840 1498 913 1529 me
945 1484 1150 1529 vinctum
1191 1484 1318 1542 eius,
1371 1485 1477 1547 quia
1517 1501 1658 1548 prae-

6 1550 300 1611 ·dixerat⁷):
348 1551 458 1599 Non
491 1553 612 1599 enim
645 1551 776 1599 dedit
807 1553 942 1599 nobis
975 1552 1090 1599 deus
1131 1554 1339 1616 spiritum
1375 1553 1653 1612 timiditatis,

4 1621 109 1685 ›sed
152 1623 339 1670 virtutis
385 1630 435 1670 et
472 1622 740 1670 dilectionis
781 1632 830 1670 et
868 1639 1011 1670 sanae
1053 1625 1237 1670 mentis.
1299 1624 1491 1672 Virtute
1532 1626 1656 1671 enim

6 1692 230 1758 gpatimur
260 1708 321 1739 cx
353 1691 609 1739 dilectione
642 1694 688 1739 in
722 1692 882 1750 deum,
925 1702 973 1739 et
1004 1709 1116 1739 sana
1149 1703 1319 1751 mente,
1355 1710 1458 1741 cum
1493 1695 1552 1742 ob
1585 1696 1657 1741 in-

4 1763 292 1811 nnocentiam
324 1764 539 1826 patimur.
603 1761 700 1810 Sed
740 1772 789 1810 et
826 1764 917 1819 sic,
965 1762 1044 1809 ubi
1076 1763 1373 1810 tolerantiam
1405 1767 1655 1846 praecipit,

6 1832 194 1899 quibus
223 1834 374 1895 magis
405 1848 533 1890 cam,
583 1849 716 1896 quam
749 1832 1046 1895 passionibus
1077 1834 1339 1895 prospicit?
1384 1835 1453 1881 sic
1487 1834 1564 1881 ubi
1598 1834 1656 1881 ab

6 1901 297 1959 idololatria
328 1901 524 1960 divellit,
558 1902 666 1966 quid
698 1903 742 1949 ei
775 1904 921 1966 magis
956 1918 1089 1966 quam
1122 1904 1349 1966 martyria
1380 1905 1658 1966 praevellit?

146 1990 228 2036 14.
263 1985 405 2032 Plane
437 1994 595 2032 monet
627 1985 860 2034 Romanos
878 1987 922 2044 8)
959 1986 1170 2033 omnibus
1202 1987 1516 2050 potestatibus
1549 1989 1659 2036 sub-

29 2057 128 2114 iici,
163 2055 269 2120 quia
301 2072 394 2103 non
425 2056 486 2102 sit
514 2065 728 2119 potestas
761 2057 852 2103 nisi
884 2073 910 2102 a
944 2055 1050 2113 deo,
1094 2057 1199 2119 quia
1232 2073 1325 2103 non
1357 2058 1459 2104 sine
1492 2074 1661 2106 caussa

28 2124 235 2190 gladium
267 2128 447 2188 gestet,
496 2134 545 2173 et
574 2127 682 2190 quia
714 2127 923 2173 ministra
954 2127 1015 2173 sit
1047 2126 1148 2183 dei,
1190 2125 1274 2173 sed
1307 2135 1355 2173 et
1386 2128 1545 2186 ultrix,
1588 2129 1659 2176 in-

61 2195 152 2253 uit,
184 2195 239 2241 ⁴in
272 2198 387 2242 iram
420 2196 487 2253 ei,
536 2197 612 2260 qui
644 2197 809 2243 malum
842 2197 1030 2243 fecerit.
1091 2195 1208 2243 Nam
1243 2205 1290 2243 et
1322 2200 1658 2260 praemiserat:

26 2210 277 2328 grincipes
310 2266 431 2312 enim
464 2282 555 2313 non
589 2276 696 2313 sunt
727 2267 882 2314 timori
914 2266 1038 2314 bono
1073 2268 1223 2329 operi,
1258 2267 1341 2314 sed
1374 2268 1511 2315 malo.
1574 2269 1660 2317 Vis

24 2334 185 2389 'nutem
217 2351 310 2382 non
340 2335 508 2383 timere
540 2345 840 2399 potestatem,
881 2338 957 2385 fac
990 2336 1176 2394 bonum,
1218 2346 1267 2384 et
1298 2336 1480 2385 laudem
1513 2339 1569 2385 ab
1604 2355 1663 2386 ea

25 2404 236 2456 'referes
297 2404 389 2453 Dei
433 2421 550 2469 ergo
598 2407 808 2454 ministra
856 2416 928 2455 est
973 2407 1057 2453 tibi
1105 2408 1150 2453 in
1195 2406 1382 2453 bonum.
1447 2407 1498 2455 Si
1543 2424 1659 2455 vero

19 2476 201 2537 {nalum
239 2475 411 2533 facias,
459 2477 586 2523 time.
649 2477 717 2523 Ita
762 2494 854 2523 non
887 2477 933 2523 in
967 2477 1221 2523 occasione
1254 2477 1507 2523 frustrandi
1539 2495 1662 2525 mar-

26 2547 143 2612 tyrii
173 2545 308 2594 iubet
338 2554 385 2591 te
417 2545 584 2592 subiici
616 2547 945 2609 potestatibus,
979 2545 1063 2592 sed
1095 2548 1138 2591 in
1159 2548 1504 2607 provocatione
1536 2548 1660 2596 bene

27 2615 234 2674 vivendi,
268 2615 411 2664 etiam
444 2615 528 2662 sub
561 2616 742 2662 illarum
776 2625 1011 2678 respectu,
1054 2616 1185 2678 quasi
1217 2615 1496 2663 adiutricum
1530 2619 1661 2665 iusti-

15 2685 150 2745 fiae,
197 2685 332 2750 quasi
374 2685 685 2732 ministrarum
726 2684 869 2732 divini
911 2684 1073 2731 iudicii
1106 2685 1180 2731 hic
1221 2686 1360 2732 etiam
1394 2685 1453 2734 de
1485 2704 1663 2735 nocen-

31 2754 157 2803 tibus
187 2755 573 2819 praeiudicantis.
630 2755 814 2803 Dehinc
848 2765 896 2803 et
926 2755 1202 2817 exsequitur
1216 2755 1281 2812 ⁹),
1315 2756 1548 2819 quomodo
1581 2775 1663 2807 ve—

18 2967 26 2990 3
149 2937 193 2983 1)
224 2938 382 2974 Pamel.
417 2949 527 2976 corr.
560 2935 1022 2983 Philippensibus.
1117 2937 1162 2984 2)
1193 2937 1296 2974 Phil.
1329 2940 1366 2987 1,
1399 2940 1451 2975 29
1470 2950 1529 2987 sq.
1620 2942 1665 2990 3)

14 2992 328 3040 1¹».2,1·10q.
442 2995 488 3043 4)
520 2995 545 3029 2
578 2994 684 3031 Tim.
715 2994 757 3040 4,
791 2995 920 3038 quq.
1038 2993 1081 3038 5)
1112 2995 1167 3030 lb.
1201 2995 1239 3039 2,
1276 2996 1326 3030 11
1346 3005 1432 3042 sqq.
1533 2998 1578 3045 6)
1611 3000 1665 3034 lb.

11 3044 133 3155 ἐξ
135 3077 203 3147 '21
229 3047 271 3098 7)
300 3047 363 3088 lb.
396 3062 438 3091 v.
469 3051 507 3086 7.
593 3048 635 3098 8)
665 3051 783 3088 Rom.
819 3050 892 3095 13,
936 3050 957 3084 1
980 3059 1066 3094 sqq.
1155 3049 1199 3097 9)
1232 3052 1288 3087 ΙΙ).
1321 3051 1397 3098 13,
1444 3054 1481 3088 7.
1514 3053 1665 3091 Matth-
