1942 3554
333 263 409 314 40
864 257 946 294 DE
982 256 1430 294 moLOLATRIA.

328 405 439 453 mihi
486 418 578 449 non
618 401 748 448 licet.
823 398 897 445 Ex
934 397 1049 455 hoc,
1102 397 1227 461 quod
1265 406 1403 444 vetor
1439 397 1640 454 facere,
1679 394 1942 468 intelligere}

329 475 509 530 debe0‚
565 468 818 519 curandum
849 468 960 515 mihi
991 483 1120 526 esse,
1168 484 1227 515 ne
1266 467 1347 515 fiat
1374 483 1462 530 per
1491 482 1582 514 me.
1657 465 1872 530 Denique
1903 467 1942 540 ἰι]Ι

331 546 423 594 alia
455 558 624 591 caussa
654 557 748 588 non
780 539 973 588 levioris
1013 547 1171 587 reatus
1200 536 1542 602 praeiudicium
1574 535 1699 585 istud
1730 536 1942 589 observo}

327 616 448 663 Nam
481 612 605 678 quod
637 611 746 659 mihi
780 609 838 658 de
872 619 1035 673 stupro
1067 608 1367 657 interdictum
1399 610 1473 667 sit,
1506 607 1610 656 aliis
1641 607 1702 656 ad
1726 624 1828 656 eam
1853 598 1942 661 reni

327 686 440 733 nihil
472 693 552 731 aut
583 698 759 747 operae
800 689 880 728 aut
919 680 1240 728 conscientiae
1281 679 1506 727 exhibeo.
1571 678 1693 727 Nam
1724 678 1851 744 quod
1881 679 1942 745 ipi

328 773 425 803 sam
472 770 661 802 carnem
702 769 850 799 meam
889 768 915 798 a
957 749 1256 814 lupanaribus
1294 750 1570 814 segregavi,
1617 766 1831 814 agnosco
1877 741 1942 801 md

330 842 482 890 neque
531 824 815 872 lenocinium
862 837 1014 885 neque
1061 820 1109 868 id
1148 836 1296 884 genus
1336 822 1513 867 lucrum
1551 821 1747 868 alterius
1787 832 1942 873 caussa¹

328 911 561 944 exercere
595 910 756 958 posse.
830 892 910 940 Sic
945 901 992 939 et
1022 890 1263 938 homicidii
1295 889 1568 938 interdictio
1602 890 1810 938 ostendit
1832 876 1942 954 mihl

326 967 539 1014 lanistam
571 979 755 1028 quoque
789 963 845 1010 ab
880 962 1087 1010 ecclesia
1117 963 1299 1019 arceri3
1339 977 1428 1008 nec
1460 977 1547 1026 per
1578 977 1630 1008 se
1662 978 1755 1008 non
1788 958 1942 1023 faciet-1⁵

325 1035 452 1101 quod
483 1034 749 1082 faciendum
781 1034 885 1080 aliis
923 1032 1256 1080 subministrat.
1332 1030 1461 1079 Ecce
1500 1033 1650 1095 magis
1689 1033 1942 1096 proximum

325 1105 682 1171 praeiudicium.
732 1104 784 1152 Si
815 1104 1105 1167 publicarum
1137 1103 1428 1150 victimarum
1461 1102 1705 1149 redemtor
1728 1102 1786 1150 ad
1811 1103 1942 1154 fidem

324 1176 540 1234 accedat,
573 1177 817 1239 permittes
851 1175 896 1221 ei
928 1175 973 1220 in
1007 1190 1064 1220 eo
1098 1174 1292 1236 negotio
1324 1175 1634 1236 permanere?
1661 1171 1759 1221 Aut
1790 1175 1828 1221 si
1860 1176 1942 1234 iam

324 1247 477 1294 fidelis
511 1246 555 1292 id
588 1261 734 1309 agere
767 1245 1056 1307 susceperit,
1091 1242 1385 1290 retinendum
1418 1244 1464 1289 in
1497 1243 1705 1291 ecclesia
1735 1245 1942 1308 putabis?

323 1317 431 1365 Non
465 1317 647 1380 opinor,
681 1316 767 1362 nisi
800 1316 839 1361 si
872 1316 973 1378 quis
1006 1323 1054 1360 et
1078 1314 1136 1360 de
1161 1313 1372 1360 thurario
1399 1311 1731 1373 dissimulabit3
1764 1316 1942 1364 scilice!

323 1387 382 1435 ad
428 1388 546 1433 alios
592 1387 809 1450 pervenit
846 1385 1119 1448 procuratio
1162 1384 1426 1447 sanguinis,
1472 1383 1532 1430 ad
1569 1385 1687 1432 alios
1728 1383 1942 1436 odorum.

323 1458 402 1515 Si,
460 1466 708 1520 antequam
751 1455 874 1502 idola
913 1456 959 1501 in
992 1455 1154 1501 seculo
1188 1462 1371 1512 essent,
1418 1454 1491 1501 his
1530 1455 1764 1504 mercibus
1795 1456 1942 1505 adhuc

323 1528 534 1575 informis
568 1526 838 1573 idololatria
871 1525 1237 1587 transigebatur,
1272 1525 1310 1570 si
1344 1533 1390 1571 et
1414 1542 1536 1572 nunc
1563 1526 1664 1573 fere
1689 1527 1791 1575 sine
1816 1527 1942 1578 idolo

323 1614 441 1661 opus
494 1596 791 1643 idololatriae
846 1593 1077 1642 incendiis
1132 1593 1329 1641 odorum
1382 1604 1706 1659 perpetratur,
1777 1597 1940 1662 ecquid

323 1669 512 1715 maioris
546 1682 719 1729 operae
755 1675 803 1712 et
835 1681 949 1728 erga
982 1663 1227 1712 daemonia
1257 1664 1589 1725 thurarius¹)?
1626 1684 1728 1715 nam
1762 1669 1938 1717 facilius

322 1739 422 1785 sine
471 1736 599 1783 idolo
647 1735 937 1792 idololatria,
993 1751 1127 1799 quam
1173 1735 1272 1781 sine
1319 1736 1515 1783 thurarii
1561 1753 1737 1785 merce.
1799 1738 1937 1803 Ipsius

321 1807 430 1856 fidei
463 1807 802 1854 conscientiam
840 1820 1166 1869 perrogemus·
1244 1804 1345 1863 Quo
1387 1822 1472 1853 ore
1507 1806 1802 1856 Christianus
1843 1810 1935 1859 thu·

322 1880 472 1926 rarius
510 1894 596 1941 per
634 1877 804 1940 templa
845 1876 1081 1932 transibit,
1139 1875 1370 1922 fumantes
1409 1893 1514 1923 aras
1554 1876 1754 1942 despuet
1785 1888 1832 1925 et
1864 1877 1933 1928 ex'·

320 1947 541 2005 sufflabit,
598 1947 763 2011 quibus
810 1947 909 2011 ipse
956 1946 1230 2009 prospexit?
1296 1946 1395 2005 Qua
1442 1950 1931 1998 constantia'exorci·

320 2019 447 2066 zabit
476 2019 687 2065 alumnos
719 2034 851 2072 suos,
886 2016 1050 2080 quibus
1079 2014 1262 2062 domum
1287 2033 1414 2064 suam
1442 2017 1682 2067 cellariam
1707 2025 1930 2084 praestas⁴

321 2089 402 2136 llle
436 2087 621 2151 quidem
655 2089 693 2134 si
727 2087 983 2134 excluserit
1015 2086 1332 2144 daemonium,
1394 2105 1487 2134 non
1527 2089 1613 2136 sibi
1657 2090 1846 2153 placeat
1867 2089 1938 2139 *da*

321 2158 431 2206 fide.
496 2157 666 2221 Neque
700 2158 821 2204 enim
853 2157 1086 2204 inimicum
1122 2157 1336 2204 exclusit.
1399 2158 1557 2206 Facile
1591 2158 1753 2208 debuit
1785 2160 1843 2210 de
1884 2179 1927 2210 et

320 2230 596 2292 impetrare,
646 2243 782 2291 quem
823 2226 1032 2291 quotidie
1072 2228 1237 2290 pascit.
1312 2227 1453 2275 Nulla
1492 2230 1638 2293 igitur
1667 2247 1766 2290 ars,
1819 2232 1925 2280 nulla

319 2298 577 2362 professio,
632 2298 757 2345 nulla
797 2298 1082 2361 negotiatio,
1131 2313 1249 2360 quac
1289 2298 1398 2361 quid
1429 2308 1508 2346 aut
1547 2301 1834 2350 instruendis
1864 2319 1923 2350 au

321 2367 577 2416 formandis
617 2367 756 2415 idolis
795 2367 1107 2424 administrat,
1165 2383 1330 2415 carere
1369 2371 1545 2433 poterit
1577 2372 1711 2419 titulo
1743 2371 1919 2421 idolola

321 2441 469 2498 triae3
535 2440 623 2486 nisi
678 2440 717 2486 si
771 2437 897 2486 aliud
950 2439 1137 2484 omnino
1191 2438 1556 2502 interpretemur
1606 2440 1920 2491 idololatriam

319 2527 452 2573 quam
485 2510 751 2556 famulatum
785 2508 1015 2556 idolorum
1049 2507 1369 2557 colendorum.

463 2584 542 2631 12.
582 2580 707 2627 Male
741 2579 874 2626 nobis
908 2578 964 2626 de
997 2580 1358 2627 necessitatibus
1384 2581 1610 2629 humanae
1636 2583 1942 2632 exhibitioni«

318 2649 679 2714 supplaudimus,
712 2652 752 2697 si
782 2659 890 2713 post
922 2647 1059 2696 fidem
1092 2649 1383 2713 obsignatam
1410 2650 1632 2700 dicimus:
1669 2670 1760 2700 non
1786 2654 1906 2704 habe
1938 2675 1942 2701 ι

319 2737 409 2784 quo
442 2721 609 2767 vivam.
665 2719 759 2767 lam
791 2720 867 2767 hic
901 2720 1021 2767 enim
1053 2720 1236 2783 plenius
1268 2720 1335 2767 illi
1367 2721 1593 2786 abruptae
1626 2726 1942 2787 propositiorl

317 2789 640 2853 respondebo:
689 2807 798 2838 sero
846 2790 1034 2838 dicitur.
1111 2789 1236 2837 Ante
1277 2793 1399 2838 enim
1437 2792 1526 2839 fuit
1569 2791 1942 2852 deliberanduu·¹

318 2877 379 2908 ex
423 2860 723 2907 similitudine
770 2861 1170 2925 providentissimi
1215 2859 1427 2909 aedificis
1481 2863 1626 2922 illius,
1689 2867 1766 2929 qui
1811 2868 1942 2931 priut¹

316 2940 492 2978 sumtus
526 2932 682 2994 operis
716 2947 817 2979 cum
856 2932 1034 2979 viribus
1074 2933 1169 2979 suis
1200 2941 1439 2995 supputat,
1486 2950 1569 2993 ne,
1624 2935 1702 2983 ubi
1736 2937 1942 2999 ceperit,

318 2999 534 3049 delectus
565 3011 730 3065 postea
764 3003 1028 3050 erubescat.
1078 3001 1175 3050 Sed
1209 3010 1255 3049 et
1286 3020 1407 3051 nunc
1440 3004 1585 3053 habes
1612 3005 1739 3055 dicta
1762 3006 1906 3054 domii

431 3158 474 3206 1)
507 3158 664 3197 Nescio
688 3169 741 3195 an
767 3158 821 3195 sit
844 3159 1131 3197 scribendum:
1171 3160 1357 3208 ecquid
1386 3161 1603 3202 maioris
1634 3174 1826 3212 operae
1856 3173 1903 3202 et

316 3226 434 3263 erga
464 3214 751 3265 daemonia,
785 3227 927 3261 quam
960 3216 1257 3254 thurarius?
