1942 3554
570 187 1153 226 APOLOGETICUS.
1594 188 1675 239 97

49 331 261 387 colimus·
335 329 467 378 Bene
499 327 621 393 quod
659 329 862 376 omnium
894 327 1011 376 deus
1044 337 1137 387 cst,
1188 329 1320 377 cuius
1357 329 1555 378 velimus
1594 340 1670 379 aut

37 402 248 452 ..nolimus
294 416 456 448 omnes
501 415 668 448 sumus·
746 397 844 446 Sed
883 397 1006 462 apud
1044 415 1128 446 vos
1167 398 1364 464 quodvis
1402 401 1567 449 colere
1598 403 1671 450 ius

48 482 146 532 est,
177 480 372 537 praeter
399 486 558 519 verum
591 468 749 527 deum,
799 471 929 533 quasi
960 485 1053 516 non
1085 469 1160 517 hic
1195 471 1343 535 magis
1377 473 1578 519 omnium
1612 474 1671 519 sit

28 543 188 602 deus,
221 543 353 591 cuius
384 556 544 588 omnes
575 556 745 587 sumus.

187 617 271 666 25.
326 611 450 660 Satis
493 610 605 658 mihi
652 609 839 674 quidem
884 609 1053 658 videor
1097 610 1325 674 probasse
1366 610 1424 659 de
1466 613 1584 661 falsa
1624 622 1671 661 et

48 700 161 733 vera
191 682 456 740 divinitate,
506 697 609 728 cum
642 680 984 739 demonstravi,
1034 681 1419 744 quemadmodum
1451 683 1670 746 probatio

47 755 285 812 consistat,
323 769 416 800 non
446 750 586 799 modo
620 750 1012 815 disputationibus
1043 768 1133 799 nec
1165 753 1670 815 argumentationibus,

46 823 130 874 sed
159 826 362 889 ipsorum
396 823 532 871 etiam
565 823 867 880 testimoniis,
910 838 1026 886 quos
1060 821 1174 868 deos
1207 822 1426 881 creditis,
1473 831 1525 870 111
1554 824 1670 871 nihil

40 897 133 944 iam
169 893 228 943 ad
266 894 384 941 hanc
431 908 641 941 caussam
687 893 747 939 sit
791 892 1161 940 retractandum.
1241 893 1468 952 Quoniam
1514 902 1670 941 tamen

28 965 238 1014 {Romani
268 964 467 1011 nominis
497 965 690 1027 proprie
720 964 896 1010 mentio
932 964 1156 1022 occurrit,
1191 980 1285 1010 non
1318 965 1529 1012 omittam
1556 981 1671 1012 con-

101 1035 357 1094 essionem,
392 1050 526 1099 quam
557 1043 789 1098 provocat
819 1034 899 1081 illa
929 1036 1251 1099 praesumptio
1286 1034 1542 1082 dicentium
1574 1034 1671 1082 Ro-

26 1122 203 1155 manos
247 1121 335 1170 pro
381 1105 552 1154 merito
599 1105 930 1169 religiositatis
976 1104 1366 1169 diligentissimae
1406 1107 1455 1152 in
1492 1115 1669 1153 tantum

32 1175 335 1226 sublimitatis
366 1176 534 1234 elatOS,
568 1185 620 1223 111
651 1175 813 1223 orbem
846 1177 1140 1238 occuparint,
1176 1184 1223 1223 et
1254 1175 1375 1223 adeo
1402 1175 1518 1223 deos
1544 1193 1667 1235 esse,

28 1256 92 1295 *aut
118 1255 314 1312 praeter
345 1255 538 1294 ceteros
569 1246 795 1303 floreant,
829 1247 907 1310 qui
938 1246 1033 1293 illis
1074 1246 1278 1293 officium
1309 1255 1505 1309 praeter
1537 1256 1670 1294 cete-

42 1334 122 1366 ros
165 1317 359 1364 faciant.
441 1316 639 1364 Scilicet
682 1318 771 1364 ista
816 1331 1002 1363 merces
1034 1316 1256 1363 Romanis
1304 1333 1330 1363 a
1378 1316 1467 1364 diis
1486 1318 1530 1377 1)
1578 1334 1669 1381 pro

44 1389 195 1453 gratia
225 1403 434 1451 expensa
465 1395 553 1444 est,
595 1386 882 1444 Sterculius,
919 1386 1299 1448 θ1Μ11111111152),
1335 1395 1383 1434 et
1413 1387 1669 1436 Larentina

44 1458 262 1523 provexit
291 1458 551 1521 imperium.
625 1457 914 1520 Peregrinos
955 1458 1076 1504 enim
1118 1457 1235 1504 deos
1266 1474 1358 1504 non
1390 1467 1552 1521 putem
1585 1475 1668 1506 ex-

36 1538 232 1577 naneae
265 1529 397 1592 genti
427 1529 576 1591 magis
606 1528 780 1575 fautum
812 1528 1018 1575 voluisse
1051 1544 1185 1591 quam
1217 1544 1353 1585 suae,
1388 1537 1437 1575 et
1465 1530 1666 1591 patrium

29 1599 202 1658 solum,
233 1599 280 1646 in
313 1614 404 1663 quo
435 1599 551 1656 nati,
587 1598 748 1656 adulti,
780 1598 1030 1656 nobilitati,
1064 1599 1328 1662 sepultique
1360 1607 1481 1657 sunt,
1514 1608 1667 1647 trans-

35 1670 237 1719 fretanis
283 1667 488 1718 dedisse.
565 1668 751 1716 Viderit
783 1668 988 1733 Cybele,
1036 1669 1072 1716 si
1119 1669 1283 1717 urbem
1315 1668 1570 1717 Romanam
1616 1678 1668 1717 ut

42 1741 308 1789 memoriam
337 1739 530 1787 Troiani
563 1741 755 1803 generis
788 1738 1041 1797 adamavit,
1089 1739 1334 1787 vernaculi
1374 1741 1668 1788 suiscilicet

28 1809 262 1859 ‹adver-sus
292 1809 582 1857 Achivorum
630 1827 759 1857 arma
798 1811 1025 1873 protecti,
1075 1811 1114 1856 si
1145 1809 1203 1857 ad
1241 1810 1421 1859 ultores
1460 1812 1664 1858 transire

29 1882 309 1946 ·÷prospexit‚
358 1897 475 1944 quos
529 1880 711 1927 sciebat
744 1880 990 1927 Graeciam
1024 1879 1260 1944 Phrygiae
1308 1879 1666 1928 debellatricem

36 1951 330 1999 subacturos.
371 1950 535 2014 Itaque
567 1951 825 1998 maiestatis
858 1966 970 1997 suae
1004 1950 1050 1996 in
1081 1950 1246 1998 urbem
1266 1951 1466 1998 collatae
1486 1950 1664 2014 grande

29 2021 368 2070 documentum
413 2030 605 2068 nostrae
654 2022 791 2068 etiam
838 2022 982 2068 aetati
1034 2022 1305 2084 proposuit,
1356 2037 1459 2068 cum
1498 2021 1663 2069 Marco
1706 2078 1708 2081 .

30 2090 234 2140 'Aurelio
280 2091 402 2155 apud
449 2091 666 2138 Sirmium
713 2091 1006 2155 reipublicae
1048 2100 1289 2155 exempto,
1354 2091 1429 2138 die
1478 2091 1662 2138 decimo

37 2172 175 2228 sexto
215 2161 532 2210 Kalendarum
562 2160 817 2226 Aprilium,
864 2160 1169 2226 Archigallus
1206 2163 1286 2210 ille
1327 2163 1662 2222 sanctissimus,

26 2232 115 2282 {die
145 2249 270 2281 nono
302 2232 503 2280 Kalend.
537 2232 815 2291 earundem,
866 2249 956 2296 quo
989 2233 1263 2296 sanguinem
1295 2234 1547 2296 impurum,
1596 2234 1664 2281 la-

41 2312 197 2352 certos
241 2319 426 2369 quoque
474 2303 725 2351 castrando
772 2297 970 2361 libabat,
1025 2320 1111 2367 pro
1159 2304 1308 2351 salute
1361 2305 1662 2367 imperatoris

88 2375 187 2425 arei
228 2376 319 2422 iam
363 2375 616 2439 intercepti
663 2375 802 2422 solita
848 2390 999 2438 aeque
1046 2376 1242 2437 imperia
1289 2374 1538 2421 mandavit.
1624 2373 1660 2421 Ο

30 2446 227 2498 -nuntios
255 2444 437 2504 tardos,
472 2462 499 2492 o
533 2446 850 2494 somniculosa
882 2445 1157 2508 diplomata,
1200 2462 1395 2508 quorum
1427 2446 1541 2491 vitio
1577 2460 1662 2491 ex-

30 2530 223 2563 cessum
265 2517 561 2580 imperatoris
607 2534 699 2564 non
747 2526 855 2564 ante
891 2516 1071 2581 Cybele
1121 2517 1368 2578 cognovit,
1417 2530 1476 2561 ne
1525 2514 1659 2561 deam

27 2586 180 2641 ..utem
210 2585 421 2634 riderent
452 2587 723 2635 Christiani.
802 2586 899 2635 Sed
931 2604 1023 2633 non
1056 2587 1210 2632 statim
1251 2595 1299 2632 et
1332 2585 1510 2648 Iupiter
1543 2584 1659 2632 Cre-

35 2664 133 2705 tam
162 2672 289 2704 suam
321 2656 541 2705 Romanis
572 2658 779 2705 fascibus
812 2659 1002 2704 concuti
1042 2657 1237 2712 sineret,
1273 2655 1444 2702 oblitus
1477 2664 1658 2703 antrum

34 2725 153 2774 ’illud
183 2726 394 2786 Idaeum,
442 2738 491 2776 et
534 2745 646 2777 aera
680 2728 992 2792 Corybantia,
1042 2735 1090 2772 et
1134 2725 1515 2773 iucundissimum
1562 2727 1660 2773 illic

30 2794 234 2845 mim-icis
274 2813 384 2845 suae
426 2798 638 2848 odorem.
712 2798 883 2846 Nonne
924 2798 1045 2844 omni
1083 2797 1319 2859 Capitolio
1351 2797 1572 2845 tumulum
1604 2798 1661 2844 il·-

33 2866 130 2925 lum
158 2884 288 2915 suum
319 2872 692 2933 praeposuisset,
739 2879 789 2916 ut
821 2885 877 2916 ea
909 2869 1064 2932 potius
1100 2867 1203 2914 orbi
1235 2876 1363 2915 terra
1394 2868 1661 2931 praecelle-

63 3026 93 3105 f²s
152 3047 198 3105 1)
227 3050 408 3088 Fr.1un.
439 3052 528 3100 mg.
557 3056 599 3090 et
627 3054 732 3091 nav.
758 3064 782 3090 a
814 3054 946 3089 Rom.
982 3051 1102 3099 dim
1135 3052 1368 3090 cod.Fuld.
1400 3053 1521 3091 scil.
1557 3052 1660 3090 ista

32 3116 238 3150 merces
269 3108 496 3146 Romano
540 3110 734 3146 nomini
773 3121 797 3146 a
834 3108 946 3145 deis
993 3109 1370 3157 praerogativa.
1412 3121 1522 3156 exp.
1569 3112 1661 3145 est.

39 3160 176 3214 2)AE
207 3164 504 3214 Sterculus,
538 3166 844 3204 Stercutius
874 3185 929 3191 -
958 3165 1213 3214 Mutinun‚
1246 3167 1539 3204 Mucunius.

67 3247 75 3259 '
110 3234 343 3287 Tecrum..
360 3251 390 3287 1.
1276 3250 1307 3298 7'

55 3407 122 3438 ὓ).

66 3434 89 3475 ἔτ
126 3451 157 3468 -·

48 3486 133 3554 εἰ
