<?xml version="1.0" encoding="UTF-8"?>
<!DOCTYPE html PUBLIC "-//W3C//DTD XHTML 1.0 Transitional//EN"
    "http://www.w3.org/TR/xhtml1/DTD/xhtml1-transitional.dtd">
<html xmlns="http://www.w3.org/1999/xhtml" xml:lang="en" lang="en">
 <head>
  <title>
</title>
<meta http-equiv="Content-Type" content="text/html;charset=utf-8" />
  <meta name='ocr-system' content='tesseract 3.04.00' />
  <meta name='ocr-capabilities' content='ocr_page ocr_carea ocr_par ocr_line ocrx_word'/>
</head>
<body>
  <div class='ocr_page' id='page_1' title='image "./operatert12tertuoft_0016.png"; bbox 0 0 1942 3554; ppageno 0'>
   <div class='ocr_carea' id='block_1_1' title="bbox 269 195 1353 246">
    <p class='ocr_par' dir='ltr' id='par_1_1' title="bbox 269 195 1353 246">
     <span class='ocr_line' id='line_1_1' title="bbox 269 195 1353 246; baseline 0 -12"><span class='ocrx_word' id='word_1_1' title='bbox 269 198 303 246; x_wconf 71' lang='lat'><strong>[4</strong></span> <span class='ocrx_word' id='word_1_2' title='bbox 822 197 909 234; x_wconf 77' lang='lat' dir='ltr'><strong>An</strong></span> <span class='ocrx_word' id='word_1_3' title='bbox 953 195 1353 236; x_wconf 70' lang='lat' dir='ltr'><strong>MARTYRES.</strong></span> 
     </span>
    </p>
   </div>
   <div class='ocr_carea' id='block_1_2' title="bbox 1898 0 1942 864">
    <p class='ocr_par' dir='ltr' id='par_1_2' title="bbox 1898 0 1942 864">
     <span class='ocr_line' id='line_1_2' title="bbox 1898 0 1942 864; baseline 0 0"><span class='ocrx_word' id='word_1_4' title='bbox 1898 0 1942 864; x_wconf 95' lang='lat' dir='ltr'><strong>    </strong></span> 
     </span>
    </p>
   </div>
   <div class='ocr_carea' id='block_1_3' title="bbox 263 334 1942 3076">
    <p class='ocr_par' dir='ltr' id='par_1_3' title="bbox 263 334 1922 886">
     <span class='ocr_line' id='line_1_3' title="bbox 264 334 1911 401; baseline -0.001 -16"><span class='ocrx_word' id='word_1_5' title='bbox 264 338 471 395; x_wconf 85' lang='lat' dir='ltr'><strong>luxuria,</strong></span> <span class='ocrx_word' id='word_1_6' title='bbox 521 352 548 383; x_wconf 84' lang='lat' dir='ltr'><strong>a</strong></span> <span class='ocrx_word' id='word_1_7' title='bbox 580 335 699 383; x_wconf 83' lang='lat' dir='ltr'><strong>cibis</strong></span> <span class='ocrx_word' id='word_1_8' title='bbox 733 335 1034 394; x_wconf 79' lang='lat' dir='ltr'><strong>laetioribus,</strong></span> <span class='ocrx_word' id='word_1_9' title='bbox 1083 352 1108 382; x_wconf 90' lang='lat' dir='ltr'><strong>a</strong></span> <span class='ocrx_word' id='word_1_10' title='bbox 1139 345 1251 399; x_wconf 87' lang='lat' dir='ltr'><strong>potu</strong></span> <span class='ocrx_word' id='word_1_11' title='bbox 1284 334 1590 395; x_wconf 84' lang='lat' dir='ltr'><strong>iucundiore3</strong></span> <span class='ocrx_word' id='word_1_12' title='bbox 1642 338 1911 401; x_wconf 40' lang='lat' dir='ltr'><strong>coguntur}</strong></span> 
     </span>
     <span class='ocr_line' id='line_1_4' title="bbox 264 405 1922 470; baseline -0.001 -15"><span class='ocrx_word' id='word_1_13' title='bbox 264 409 558 464; x_wconf 78' lang='lat' dir='ltr'><strong>cruciantur,</strong></span> <span class='ocrx_word' id='word_1_14' title='bbox 606 406 887 469; x_wconf 78' lang='lat' dir='ltr'><strong>fatigantur:</strong></span> <span class='ocrx_word' id='word_1_15' title='bbox 938 414 1109 470; x_wconf 89' lang='lat' dir='ltr'><strong>quanto</strong></span> <span class='ocrx_word' id='word_1_16' title='bbox 1149 406 1251 469; x_wconf 90' lang='lat' dir='ltr'><strong>plus</strong></span> <span class='ocrx_word' id='word_1_17' title='bbox 1290 406 1336 452; x_wconf 91' lang='lat' dir='ltr'><strong>in</strong></span> <span class='ocrx_word' id='word_1_18' title='bbox 1377 405 1800 454; x_wconf 79' lang='lat' dir='ltr'><strong>exercitationibus</strong></span> <span class='ocrx_word' id='word_1_19' title='bbox 1833 409 1922 454; x_wconf 66' lang='grc'><strong>13--</strong></span> 
     </span>
     <span class='ocr_line' id='line_1_5' title="bbox 263 475 1902 542; baseline -0.001 -16"><span class='ocrx_word' id='word_1_20' title='bbox 263 478 564 534; x_wconf 86' lang='lat' dir='ltr'><strong>boraverint,</strong></span> <span class='ocrx_word' id='word_1_21' title='bbox 612 485 743 523; x_wconf 87' lang='lat' dir='ltr'><strong>tanto</strong></span> <span class='ocrx_word' id='word_1_22' title='bbox 775 476 878 540; x_wconf 91' lang='lat' dir='ltr'><strong>plus</strong></span> <span class='ocrx_word' id='word_1_23' title='bbox 911 475 969 523; x_wconf 88' lang='lat' dir='ltr'><strong>de</strong></span> <span class='ocrx_word' id='word_1_24' title='bbox 1001 477 1203 523; x_wconf 86' lang='lat' dir='ltr'><strong>victoria</strong></span> <span class='ocrx_word' id='word_1_25' title='bbox 1235 485 1441 539; x_wconf 88' lang='lat' dir='ltr'><strong>sperant.</strong></span> <span class='ocrx_word' id='word_1_26' title='bbox 1515 476 1578 523; x_wconf 82' lang='lat' dir='ltr'><strong>Et</strong></span> <span class='ocrx_word' id='word_1_27' title='bbox 1606 477 1699 535; x_wconf 92' lang='lat' dir='ltr'><strong>illi,</strong></span> <span class='ocrx_word' id='word_1_28' title='bbox 1750 478 1902 542; x_wconf 85' lang='lat' dir='ltr'><strong>iuquit</strong></span> 
     </span>
     <span class='ocr_line' id='line_1_6' title="bbox 264 546 1909 612; baseline -0.001 -17"><span class='ocrx_word' id='word_1_29' title='bbox 264 547 615 612; x_wconf 82' lang='lat' dir='ltr'><strong>Apostolus1),</strong></span> <span class='ocrx_word' id='word_1_30' title='bbox 662 554 712 593; x_wconf 88' lang='lat' dir='ltr'><strong>ut</strong></span> <span class='ocrx_word' id='word_1_31' title='bbox 745 562 968 593; x_wconf 90' lang='lat' dir='ltr'><strong>coronam</strong></span> <span class='ocrx_word' id='word_1_32' title='bbox 1009 546 1364 610; x_wconf 82' lang='lat' dir='ltr'><strong>corruptibilem</strong></span> <span class='ocrx_word' id='word_1_33' title='bbox 1398 556 1772 611; x_wconf 84' lang='lat' dir='ltr'><strong>consequantur:</strong></span> <span class='ocrx_word' id='word_1_34' title='bbox 1814 564 1909 595; x_wconf 91' lang='lat' dir='ltr'><strong>nos-</strong></span> 
     </span>
     <span class='ocr_line' id='line_1_7' title="bbox 265 616 1911 682; baseline -0.001 -16"><span class='ocrx_word' id='word_1_35' title='bbox 265 628 507 667; x_wconf 88' lang='lat' dir='ltr'><strong>aeternam</strong></span> <span class='ocrx_word' id='word_1_36' title='bbox 543 617 861 664; x_wconf 86' lang='lat' dir='ltr'><strong>consecuturi.</strong></span> <span class='ocrx_word' id='word_1_37' title='bbox 920 616 1174 664; x_wconf 88' lang='lat' dir='ltr'><strong>Carcerem</strong></span> <span class='ocrx_word' id='word_1_38' title='bbox 1207 616 1343 664; x_wconf 86' lang='lat' dir='ltr'><strong>nobis</strong></span> <span class='ocrx_word' id='word_1_39' title='bbox 1374 633 1460 680; x_wconf 93' lang='lat' dir='ltr'><strong>pro</strong></span> <span class='ocrx_word' id='word_1_40' title='bbox 1490 617 1911 682; x_wconf 65' lang='lat' dir='ltr'><strong>palaestra&#39;finter-</strong></span> 
     </span>
     <span class='ocr_line' id='line_1_8' title="bbox 264 685 1915 754; baseline -0.001 -18"><span class='ocrx_word' id='word_1_41' title='bbox 264 698 528 754; x_wconf 89' lang='lat' dir='ltr'><strong>pretcmur,</strong></span> <span class='ocrx_word' id='word_1_42' title='bbox 590 695 641 734; x_wconf 90' lang='lat' dir='ltr'><strong>ut</strong></span> <span class='ocrx_word' id='word_1_43' title='bbox 685 685 743 734; x_wconf 92' lang='lat' dir='ltr'><strong>ad</strong></span> <span class='ocrx_word' id='word_1_44' title='bbox 789 686 987 734; x_wconf 87' lang='lat' dir='ltr'><strong>stadium</strong></span> <span class='ocrx_word' id='word_1_45' title='bbox 1033 686 1302 745; x_wconf 89' lang='lat' dir='ltr'><strong>tribunalis,</strong></span> <span class='ocrx_word' id='word_1_46' title='bbox 1362 686 1486 735; x_wconf 88' lang='lat' dir='ltr'><strong>bene</strong></span> <span class='ocrx_word' id='word_1_47' title='bbox 1533 689 1783 736; x_wconf 85' lang='lat' dir='ltr'><strong>exercitati</strong></span> <span class='ocrx_word' id='word_1_48' title='bbox 1834 689 1915 735; x_wconf 56' lang='grc' dir='ltr'><strong>ἰησ-</strong></span> 
     </span>
     <span class='ocr_line' id='line_1_9' title="bbox 267 756 1910 822; baseline -0.002 -14"><span class='ocrx_word' id='word_1_49' title='bbox 267 756 526 808; x_wconf 86' lang='lat' dir='ltr'><strong>commodis</strong></span> <span class='ocrx_word' id='word_1_50' title='bbox 583 756 797 805; x_wconf 91' lang='lat' dir='ltr'><strong>omnibus</strong></span> <span class='ocrx_word' id='word_1_51' title='bbox 844 756 1180 821; x_wconf 83' lang='lat' dir='ltr'><strong>producamur,</strong></span> <span class='ocrx_word' id='word_1_52' title='bbox 1250 758 1357 822; x_wconf 88' lang='lat' dir='ltr'><strong>quia</strong></span> <span class='ocrx_word' id='word_1_53' title='bbox 1403 759 1551 806; x_wconf 91' lang='lat' dir='ltr'><strong>virtus</strong></span> <span class='ocrx_word' id='word_1_54' title='bbox 1598 757 1773 806; x_wconf 88' lang='lat' dir='ltr'><strong>duritia</strong></span> <span class='ocrx_word' id='word_1_55' title='bbox 1820 774 1910 806; x_wconf 84' lang='lat' dir='ltr'><strong>ex·</strong></span> 
     </span>
     <span class='ocr_line' id='line_1_10' title="bbox 266 826 1178 886; baseline -0.004 -8"><span class='ocrx_word' id='word_1_56' title='bbox 266 829 484 886; x_wconf 85' lang='lat' dir='ltr'><strong>struitur,</strong></span> <span class='ocrx_word' id='word_1_57' title='bbox 528 827 725 875; x_wconf 88' lang='lat' dir='ltr'><strong>mollitia</strong></span> <span class='ocrx_word' id='word_1_58' title='bbox 754 843 871 874; x_wconf 90' lang='lat' dir='ltr'><strong>vero</strong></span> <span class='ocrx_word' id='word_1_59' title='bbox 906 826 1178 875; x_wconf 88' lang='lat' dir='ltr'><strong>destruitur.</strong></span> 
     </span>
    </p>

    <p class='ocr_par' dir='ltr' id='par_1_4' title="bbox 269 897 1942 3076">
     <span class='ocr_line' id='line_1_11' title="bbox 410 897 1927 963; baseline -0.001 -15"><span class='ocrx_word' id='word_1_60' title='bbox 410 904 461 949; x_wconf 85' lang='lat'><strong>4.</strong></span> <span class='ocrx_word' id='word_1_61' title='bbox 521 897 705 946; x_wconf 92' lang='lat' dir='ltr'><strong>Scimus</strong></span> <span class='ocrx_word' id='word_1_62' title='bbox 752 914 813 945; x_wconf 86' lang='lat' dir='ltr'><strong>ex</strong></span> <span class='ocrx_word' id='word_1_63' title='bbox 859 897 1096 945; x_wconf 87' lang='lat' dir='ltr'><strong>dominico</strong></span> <span class='ocrx_word' id='word_1_64' title='bbox 1143 907 1435 962; x_wconf 90' lang='lat' dir='ltr'><strong>praecepto,</strong></span> <span class='ocrx_word' id='word_1_65' title='bbox 1498 897 1629 963; x_wconf 80' lang='lat' dir='ltr'><strong>quod&#39;</strong></span> <span class='ocrx_word' id='word_1_66' title='bbox 1675 915 1788 946; x_wconf 88' lang='lat' dir='ltr'><strong>caro</strong></span> <span class='ocrx_word' id='word_1_67' title='bbox 1834 899 1927 963; x_wconf 75' lang='lat' dir='ltr'><strong>in-j</strong></span> 
     </span>
     <span class='ocr_line' id='line_1_12' title="bbox 269 968 1942 1053; baseline -0.001 -35"><span class='ocrx_word' id='word_1_68' title='bbox 269 971 398 1018; x_wconf 83' lang='lat' dir='ltr'><strong>firma</strong></span> <span class='ocrx_word' id='word_1_69' title='bbox 445 970 535 1026; x_wconf 86' lang='lat' dir='ltr'><strong>sit,</strong></span> <span class='ocrx_word' id='word_1_70' title='bbox 605 969 795 1033; x_wconf 90' lang='lat' dir='ltr'><strong>spiritus</strong></span> <span class='ocrx_word' id='word_1_71' title='bbox 846 969 1166 1033; x_wconf 81' lang='lat' dir='ltr'><strong>promptus2).</strong></span> <span class='ocrx_word' id='word_1_72' title='bbox 1259 968 1367 1015; x_wconf 88' lang='lat' dir='ltr'><strong>Nou</strong></span> <span class='ocrx_word' id='word_1_73' title='bbox 1421 984 1538 1033; x_wconf 89' lang='lat' dir='ltr'><strong>ergo</strong></span> <span class='ocrx_word' id='word_1_74' title='bbox 1593 969 1730 1017; x_wconf 88' lang='lat' dir='ltr'><strong>nobis</strong></span> <span class='ocrx_word' id='word_1_75' title='bbox 1774 968 1942 1053; x_wconf 46' lang='lat' dir='ltr'><strong>blan-*4</strong></span> 
     </span>
     <span class='ocr_line' id='line_1_13' title="bbox 271 1037 1942 1103; baseline -0.001 -15"><span class='ocrx_word' id='word_1_76' title='bbox 271 1040 472 1097; x_wconf 84' lang='lat' dir='ltr'><strong>diamur,</strong></span> <span class='ocrx_word' id='word_1_77' title='bbox 537 1039 645 1103; x_wconf 92' lang='lat' dir='ltr'><strong>quia</strong></span> <span class='ocrx_word' id='word_1_78' title='bbox 686 1037 899 1086; x_wconf 89' lang='lat' dir='ltr'><strong>dominus</strong></span> <span class='ocrx_word' id='word_1_79' title='bbox 948 1040 1209 1096; x_wconf 90' lang='lat' dir='ltr'><strong>consensit,</strong></span> <span class='ocrx_word' id='word_1_80' title='bbox 1273 1055 1462 1087; x_wconf 81' lang='lat' dir='ltr'><strong>carnem</strong></span> <span class='ocrx_word' id='word_1_81' title='bbox 1509 1040 1736 1087; x_wconf 82' lang='lat' dir='ltr'><strong>infirmam</strong></span> <span class='ocrx_word' id='word_1_82' title='bbox 1783 1055 1942 1095; x_wconf 67' lang='lat' dir='ltr'><strong>esse.·,</strong></span> 
     </span>
     <span class='ocr_line' id='line_1_14' title="bbox 274 1102 1942 1175; baseline 0 -17"><span class='ocrx_word' id='word_1_83' title='bbox 274 1111 536 1174; x_wconf 89' lang='lat' dir='ltr'><strong>Propterea</strong></span> <span class='ocrx_word' id='word_1_84' title='bbox 570 1110 690 1156; x_wconf 91' lang='lat' dir='ltr'><strong>enim</strong></span> <span class='ocrx_word' id='word_1_85' title='bbox 723 1108 965 1172; x_wconf 85' lang='lat' dir='ltr'><strong>praedixit</strong></span> <span class='ocrx_word' id='word_1_86' title='bbox 990 1110 1201 1172; x_wconf 90' lang='lat' dir='ltr'><strong>spiritum</strong></span> <span class='ocrx_word' id='word_1_87' title='bbox 1226 1119 1502 1174; x_wconf 87' lang='lat' dir='ltr'><strong>promptum,</strong></span> <span class='ocrx_word' id='word_1_88' title='bbox 1536 1119 1586 1157; x_wconf 91' lang='lat' dir='ltr'><strong>ut</strong></span> <span class='ocrx_word' id='word_1_89' title='bbox 1611 1102 1942 1175; x_wconf 48' lang='lat' dir='ltr'><strong>ostenderem}</strong></span> 
     </span>
     <span class='ocr_line' id='line_1_15' title="bbox 272 1178 1942 1260; baseline 0.001 -33"><span class='ocrx_word' id='word_1_90' title='bbox 272 1181 382 1245; x_wconf 89' lang='lat' dir='ltr'><strong>quid</strong></span> <span class='ocrx_word' id='word_1_91' title='bbox 434 1181 510 1227; x_wconf 91' lang='lat' dir='ltr'><strong>cui</strong></span> <span class='ocrx_word' id='word_1_92' title='bbox 550 1179 725 1227; x_wconf 89' lang='lat' dir='ltr'><strong>debeat</strong></span> <span class='ocrx_word' id='word_1_93' title='bbox 778 1195 885 1227; x_wconf 90' lang='lat' dir='ltr'><strong>esse</strong></span> <span class='ocrx_word' id='word_1_94' title='bbox 918 1178 1202 1237; x_wconf 86' lang='lat' dir='ltr'><strong>subiectum,</strong></span> <span class='ocrx_word' id='word_1_95' title='bbox 1260 1180 1447 1227; x_wconf 89' lang='lat' dir='ltr'><strong>scilicet</strong></span> <span class='ocrx_word' id='word_1_96' title='bbox 1485 1189 1533 1227; x_wconf 92' lang='lat' dir='ltr'><strong>ut</strong></span> <span class='ocrx_word' id='word_1_97' title='bbox 1572 1197 1684 1228; x_wconf 91' lang='lat' dir='ltr'><strong>caro</strong></span> <span class='ocrx_word' id='word_1_98' title='bbox 1732 1181 1942 1260; x_wconf 45' lang='lat' dir='ltr'><strong>serviat}</strong></span> 
     </span>
     <span class='ocr_line' id='line_1_16' title="bbox 272 1250 1942 1314; baseline 0 -16"><span class='ocrx_word' id='word_1_99' title='bbox 272 1252 476 1314; x_wconf 90' lang='lat' dir='ltr'><strong>spiritui,</strong></span> <span class='ocrx_word' id='word_1_100' title='bbox 511 1250 742 1297; x_wconf 83' lang='lat' dir='ltr'><strong>infirmior</strong></span> <span class='ocrx_word' id='word_1_101' title='bbox 771 1250 984 1307; x_wconf 76' lang='lat' dir='ltr'><strong>sortiori,</strong></span> <span class='ocrx_word' id='word_1_102' title='bbox 1018 1258 1069 1296; x_wconf 89' lang='lat' dir='ltr'><strong>ut</strong></span> <span class='ocrx_word' id='word_1_103' title='bbox 1098 1250 1156 1296; x_wconf 86' lang='lat' dir='ltr'><strong>ab</strong></span> <span class='ocrx_word' id='word_1_104' title='bbox 1190 1265 1247 1297; x_wconf 94' lang='lat' dir='ltr'><strong>eo</strong></span> <span class='ocrx_word' id='word_1_105' title='bbox 1282 1251 1422 1297; x_wconf 88' lang='lat' dir='ltr'><strong>etiam</strong></span> <span class='ocrx_word' id='word_1_106' title='bbox 1454 1251 1554 1314; x_wconf 87' lang='lat' dir='ltr'><strong>ipsa</strong></span> <span class='ocrx_word' id='word_1_107' title='bbox 1586 1250 1942 1311; x_wconf 62' lang='lat' dir='ltr'><strong>fortitudinem-3</strong></span> 
     </span>
     <span class='ocr_line' id='line_1_17' title="bbox 272 1319 1942 1384; baseline 0 -15"><span class='ocrx_word' id='word_1_108' title='bbox 272 1329 497 1369; x_wconf 88' lang='lat' dir='ltr'><strong>assumat.</strong></span> <span class='ocrx_word' id='word_1_109' title='bbox 579 1319 890 1383; x_wconf 81' lang='lat' dir='ltr'><strong>Colloquatur</strong></span> <span class='ocrx_word' id='word_1_110' title='bbox 927 1321 1119 1384; x_wconf 90' lang='lat' dir='ltr'><strong>spiritus</strong></span> <span class='ocrx_word' id='word_1_111' title='bbox 1160 1336 1262 1366; x_wconf 91' lang='lat' dir='ltr'><strong>cum</strong></span> <span class='ocrx_word' id='word_1_112' title='bbox 1297 1336 1437 1367; x_wconf 85' lang='lat' dir='ltr'><strong>carne</strong></span> <span class='ocrx_word' id='word_1_113' title='bbox 1472 1320 1530 1368; x_wconf 91' lang='lat' dir='ltr'><strong>de</strong></span> <span class='ocrx_word' id='word_1_114' title='bbox 1571 1322 1804 1369; x_wconf 89' lang='lat' dir='ltr'><strong>communi</strong></span> <span class='ocrx_word' id='word_1_115' title='bbox 1836 1327 1942 1377; x_wconf 55' lang='lat' dir='ltr'><strong>sa-ss·</strong></span> 
     </span>
     <span class='ocr_line' id='line_1_18' title="bbox 274 1388 1942 1456; baseline 0.001 -18"><span class='ocrx_word' id='word_1_116' title='bbox 274 1392 394 1450; x_wconf 89' lang='lat' dir='ltr'><strong>lute,</strong></span> <span class='ocrx_word' id='word_1_117' title='bbox 442 1407 531 1438; x_wconf 90' lang='lat' dir='ltr'><strong>nec</strong></span> <span class='ocrx_word' id='word_1_118' title='bbox 571 1392 661 1438; x_wconf 91' lang='lat' dir='ltr'><strong>iam</strong></span> <span class='ocrx_word' id='word_1_119' title='bbox 696 1388 754 1438; x_wconf 89' lang='lat' dir='ltr'><strong>de</strong></span> <span class='ocrx_word' id='word_1_120' title='bbox 787 1389 1098 1446; x_wconf 89' lang='lat' dir='ltr'><strong>incommodis</strong></span> <span class='ocrx_word' id='word_1_121' title='bbox 1132 1391 1358 1448; x_wconf 90' lang='lat' dir='ltr'><strong>carceris,</strong></span> <span class='ocrx_word' id='word_1_122' title='bbox 1406 1389 1491 1438; x_wconf 90' lang='lat' dir='ltr'><strong>sed</strong></span> <span class='ocrx_word' id='word_1_123' title='bbox 1530 1389 1588 1439; x_wconf 89' lang='lat' dir='ltr'><strong>dc</strong></span> <span class='ocrx_word' id='word_1_124' title='bbox 1620 1393 1722 1456; x_wconf 89' lang='lat' dir='ltr'><strong>ipso</strong></span> <span class='ocrx_word' id='word_1_125' title='bbox 1754 1393 1942 1455; x_wconf 54' lang='lat' dir='ltr'><strong>agone}</strong></span> 
     </span>
     <span class='ocr_line' id='line_1_19' title="bbox 274 1427 1942 1538; baseline -0.001 -29"><span class='ocrx_word' id='word_1_126' title='bbox 274 1471 322 1509; x_wconf 93' lang='lat' dir='ltr'><strong>et</strong></span> <span class='ocrx_word' id='word_1_127' title='bbox 352 1462 531 1525; x_wconf 87' lang='lat' dir='ltr'><strong>praelio</strong></span> <span class='ocrx_word' id='word_1_128' title='bbox 565 1461 801 1524; x_wconf 86' lang='lat' dir='ltr'><strong>cogitans.</strong></span> <span class='ocrx_word' id='word_1_129' title='bbox 847 1460 1052 1509; x_wconf 88' lang='lat' dir='ltr'><strong>Timebit</strong></span> <span class='ocrx_word' id='word_1_130' title='bbox 1082 1461 1282 1507; x_wconf 86' lang='lat' dir='ltr'><strong>forsitan</strong></span> <span class='ocrx_word' id='word_1_131' title='bbox 1322 1476 1434 1507; x_wconf 90' lang='lat' dir='ltr'><strong>caro</strong></span> <span class='ocrx_word' id='word_1_132' title='bbox 1467 1460 1669 1525; x_wconf 87' lang='lat' dir='ltr'><strong>gladium</strong></span> <span class='ocrx_word' id='word_1_133' title='bbox 1703 1427 1942 1538; x_wconf 65' lang='lat' dir='ltr'><strong>gravem,{</strong></span> 
     </span>
     <span class='ocr_line' id='line_1_20' title="bbox 276 1529 1942 1598; baseline 0 -19"><span class='ocrx_word' id='word_1_134' title='bbox 276 1542 325 1580; x_wconf 88' lang='lat' dir='ltr'><strong>et</strong></span> <span class='ocrx_word' id='word_1_135' title='bbox 379 1547 570 1579; x_wconf 91' lang='lat' dir='ltr'><strong>crucem</strong></span> <span class='ocrx_word' id='word_1_136' title='bbox 618 1530 879 1588; x_wconf 84' lang='lat' dir='ltr'><strong>excelsam,</strong></span> <span class='ocrx_word' id='word_1_137' title='bbox 943 1540 991 1578; x_wconf 91' lang='lat' dir='ltr'><strong>et</strong></span> <span class='ocrx_word' id='word_1_138' title='bbox 1038 1530 1215 1578; x_wconf 85' lang='lat' dir='ltr'><strong>rabiem</strong></span> <span class='ocrx_word' id='word_1_139' title='bbox 1262 1529 1534 1591; x_wconf 84' lang='lat' dir='ltr'><strong>bestiarum,</strong></span> <span class='ocrx_word' id='word_1_140' title='bbox 1596 1541 1645 1579; x_wconf 89' lang='lat' dir='ltr'><strong>et</strong></span> <span class='ocrx_word' id='word_1_141' title='bbox 1690 1539 1942 1598; x_wconf 45' lang='lat' dir='ltr'><strong>summam}</strong></span> 
     </span>
     <span class='ocr_line' id='line_1_21' title="bbox 275 1601 1940 1667; baseline 0 -18"><span class='ocrx_word' id='word_1_142' title='bbox 275 1604 452 1667; x_wconf 88' lang='lat' dir='ltr'><strong>ignium</strong></span> <span class='ocrx_word' id='word_1_143' title='bbox 499 1617 721 1665; x_wconf 90' lang='lat' dir='ltr'><strong>poenam,</strong></span> <span class='ocrx_word' id='word_1_144' title='bbox 778 1611 826 1648; x_wconf 93' lang='lat' dir='ltr'><strong>et</strong></span> <span class='ocrx_word' id='word_1_145' title='bbox 858 1617 994 1649; x_wconf 92' lang='lat' dir='ltr'><strong>omne</strong></span> <span class='ocrx_word' id='word_1_146' title='bbox 1028 1601 1265 1649; x_wconf 86' lang='lat' dir='ltr'><strong>carnificis</strong></span> <span class='ocrx_word' id='word_1_147' title='bbox 1297 1602 1537 1666; x_wconf 89' lang='lat' dir='ltr'><strong>ingenium</strong></span> <span class='ocrx_word' id='word_1_148' title='bbox 1569 1603 1616 1649; x_wconf 90' lang='lat' dir='ltr'><strong>in</strong></span> <span class='ocrx_word' id='word_1_149' title='bbox 1649 1603 1940 1650; x_wconf 52' lang='lat' dir='ltr'><strong>tormentis}</strong></span> 
     </span>
     <span class='ocr_line' id='line_1_22' title="bbox 280 1663 1938 1737; baseline 0.001 -17"><span class='ocrx_word' id='word_1_150' title='bbox 280 1672 377 1721; x_wconf 91' lang='lat' dir='ltr'><strong>Sed</strong></span> <span class='ocrx_word' id='word_1_151' title='bbox 409 1674 599 1736; x_wconf 92' lang='lat' dir='ltr'><strong>spiritus</strong></span> <span class='ocrx_word' id='word_1_152' title='bbox 635 1680 804 1720; x_wconf 87' lang='lat' dir='ltr'><strong>contra</strong></span> <span class='ocrx_word' id='word_1_153' title='bbox 835 1680 982 1736; x_wconf 90' lang='lat' dir='ltr'><strong>ponat</strong></span> <span class='ocrx_word' id='word_1_154' title='bbox 1011 1671 1099 1719; x_wconf 88' lang='lat' dir='ltr'><strong>sibi</strong></span> <span class='ocrx_word' id='word_1_155' title='bbox 1133 1681 1180 1719; x_wconf 94' lang='lat' dir='ltr'><strong>et</strong></span> <span class='ocrx_word' id='word_1_156' title='bbox 1213 1674 1358 1730; x_wconf 89' lang='lat' dir='ltr'><strong>carni,</strong></span> <span class='ocrx_word' id='word_1_157' title='bbox 1392 1671 1566 1720; x_wconf 87' lang='lat' dir='ltr'><strong>acerba</strong></span> <span class='ocrx_word' id='word_1_158' title='bbox 1601 1674 1715 1721; x_wconf 92' lang='lat' dir='ltr'><strong>licet</strong></span> <span class='ocrx_word' id='word_1_159' title='bbox 1745 1675 1852 1729; x_wconf 84' lang='lat' dir='ltr'><strong>ista,</strong></span> <span class='ocrx_word' id='word_1_160' title='bbox 1886 1663 1938 1737; x_wconf 47' lang='lat' dir='ltr'><strong>af</strong></span> 
     </span>
     <span class='ocr_line' id='line_1_23' title="bbox 278 1743 1937 1809; baseline -0.001 -19"><span class='ocrx_word' id='word_1_161' title='bbox 278 1743 433 1790; x_wconf 88' lang='lat' dir='ltr'><strong>multis</strong></span> <span class='ocrx_word' id='word_1_162' title='bbox 472 1752 630 1791; x_wconf 88' lang='lat' dir='ltr'><strong>tamen</strong></span> <span class='ocrx_word' id='word_1_163' title='bbox 673 1759 825 1807; x_wconf 92' lang='lat' dir='ltr'><strong>aequo</strong></span> <span class='ocrx_word' id='word_1_164' title='bbox 858 1743 1012 1789; x_wconf 90' lang='lat' dir='ltr'><strong>animo</strong></span> <span class='ocrx_word' id='word_1_165' title='bbox 1046 1751 1269 1806; x_wconf 86' lang='lat' dir='ltr'><strong>excepta,</strong></span> <span class='ocrx_word' id='word_1_166' title='bbox 1323 1744 1416 1790; x_wconf 93' lang='lat' dir='ltr'><strong>imo</strong></span> <span class='ocrx_word' id='word_1_167' title='bbox 1451 1751 1499 1790; x_wconf 93' lang='lat' dir='ltr'><strong>et</strong></span> <span class='ocrx_word' id='word_1_168' title='bbox 1529 1743 1654 1791; x_wconf 89' lang='lat' dir='ltr'><strong>ultro</strong></span> <span class='ocrx_word' id='word_1_169' title='bbox 1687 1744 1937 1809; x_wconf 77' lang='lat' dir='ltr'><strong>appetita,=</strong></span> 
     </span>
     <span class='ocr_line' id='line_1_24' title="bbox 278 1813 1942 1877; baseline -0.001 -17"><span class='ocrx_word' id='word_1_170' title='bbox 278 1815 431 1861; x_wconf 85' lang='lat' dir='ltr'><strong>famae</strong></span> <span class='ocrx_word' id='word_1_171' title='bbox 474 1821 522 1861; x_wconf 93' lang='lat' dir='ltr'><strong>et</strong></span> <span class='ocrx_word' id='word_1_172' title='bbox 554 1814 740 1877; x_wconf 89' lang='lat' dir='ltr'><strong>gloriae</strong></span> <span class='ocrx_word' id='word_1_173' title='bbox 774 1829 963 1861; x_wconf 81' lang='lat' dir='ltr'><strong>caussa:</strong></span> <span class='ocrx_word' id='word_1_174' title='bbox 1016 1830 1105 1862; x_wconf 91' lang='lat' dir='ltr'><strong>nec</strong></span> <span class='ocrx_word' id='word_1_175' title='bbox 1138 1830 1163 1860; x_wconf 92' lang='lat' dir='ltr'><strong>a</strong></span> <span class='ocrx_word' id='word_1_176' title='bbox 1194 1814 1310 1860; x_wconf 81' lang='lat' dir='ltr'><strong>viris</strong></span> <span class='ocrx_word' id='word_1_177' title='bbox 1342 1822 1542 1873; x_wconf 88' lang='lat' dir='ltr'><strong>tantum,</strong></span> <span class='ocrx_word' id='word_1_178' title='bbox 1589 1813 1675 1862; x_wconf 90' lang='lat' dir='ltr'><strong>sed</strong></span> <span class='ocrx_word' id='word_1_179' title='bbox 1714 1815 1854 1862; x_wconf 88' lang='lat' dir='ltr'><strong>etiam</strong></span> <span class='ocrx_word' id='word_1_180' title='bbox 1887 1816 1942 1860; x_wconf 67' lang='lat' dir='ltr'><strong>aL</strong></span> 
     </span>
     <span class='ocr_line' id='line_1_25' title="bbox 278 1883 1939 1948; baseline 0 -17"><span class='ocrx_word' id='word_1_181' title='bbox 278 1884 490 1941; x_wconf 86' lang='lat' dir='ltr'><strong>feminis,</strong></span> <span class='ocrx_word' id='word_1_182' title='bbox 545 1893 596 1930; x_wconf 93' lang='lat' dir='ltr'><strong>ut</strong></span> <span class='ocrx_word' id='word_1_183' title='bbox 642 1900 727 1930; x_wconf 90' lang='lat' dir='ltr'><strong>vos</strong></span> <span class='ocrx_word' id='word_1_184' title='bbox 775 1899 960 1947; x_wconf 91' lang='lat' dir='ltr'><strong>quoque</strong></span> <span class='ocrx_word' id='word_1_185' title='bbox 1005 1883 1289 1931; x_wconf 87' lang='lat' dir='ltr'><strong>benedictae</strong></span> <span class='ocrx_word' id='word_1_186' title='bbox 1337 1884 1471 1931; x_wconf 86' lang='lat' dir='ltr'><strong>sexui</strong></span> <span class='ocrx_word' id='word_1_187' title='bbox 1508 1893 1670 1932; x_wconf 90' lang='lat' dir='ltr'><strong>vestro</strong></span> <span class='ocrx_word' id='word_1_188' title='bbox 1716 1901 1939 1948; x_wconf 65' lang='lat' dir='ltr'><strong>respon-¹</strong></span> 
     </span>
     <span class='ocr_line' id='line_1_26' title="bbox 283 1951 1934 2020; baseline 0 -19"><span class='ocrx_word' id='word_1_189' title='bbox 283 1954 451 2004; x_wconf 70' lang='lat' dir='ltr'><strong>deatiS.</strong></span> <span class='ocrx_word' id='word_1_190' title='bbox 526 1953 741 2019; x_wconf 89' lang='lat' dir='ltr'><strong>Longum</strong></span> <span class='ocrx_word' id='word_1_191' title='bbox 775 1963 862 2011; x_wconf 90' lang='lat' dir='ltr'><strong>est,</strong></span> <span class='ocrx_word' id='word_1_192' title='bbox 905 1956 944 2001; x_wconf 92' lang='lat' dir='ltr'><strong>si</strong></span> <span class='ocrx_word' id='word_1_193' title='bbox 978 1970 1245 2002; x_wconf 89' lang='lat' dir='ltr'><strong>enumerem</strong></span> <span class='ocrx_word' id='word_1_194' title='bbox 1280 1954 1515 2018; x_wconf 90' lang='lat' dir='ltr'><strong>singulos,</strong></span> <span class='ocrx_word' id='word_1_195' title='bbox 1557 1955 1635 2020; x_wconf 93' lang='lat' dir='ltr'><strong>qui</strong></span> <span class='ocrx_word' id='word_1_196' title='bbox 1667 1971 1720 2002; x_wconf 89' lang='lat' dir='ltr'><strong>se</strong></span> <span class='ocrx_word' id='word_1_197' title='bbox 1753 1951 1934 2020; x_wconf 72' lang='lat' dir='ltr'><strong>gladio¹</strong></span> 
     </span>
     <span class='ocr_line' id='line_1_27' title="bbox 283 2023 1917 2073; baseline 0.001 -2"><span class='ocrx_word' id='word_1_198' title='bbox 283 2025 584 2071; x_wconf 88' lang='lat' dir='ltr'><strong>confecerint</strong></span> <span class='ocrx_word' id='word_1_199' title='bbox 628 2026 782 2071; x_wconf 86' lang='lat' dir='ltr'><strong>animo</strong></span> <span class='ocrx_word' id='word_1_200' title='bbox 832 2041 916 2070; x_wconf 91' lang='lat' dir='ltr'><strong>suo</strong></span> <span class='ocrx_word' id='word_1_201' title='bbox 965 2023 1107 2071; x_wconf 88' lang='lat' dir='ltr'><strong>ducti.</strong></span> <span class='ocrx_word' id='word_1_202' title='bbox 1186 2025 1256 2072; x_wconf 93' lang='lat' dir='ltr'><strong>De</strong></span> <span class='ocrx_word' id='word_1_203' title='bbox 1297 2026 1485 2073; x_wconf 89' lang='lat' dir='ltr'><strong>feminis</strong></span> <span class='ocrx_word' id='word_1_204' title='bbox 1516 2025 1575 2072; x_wconf 87' lang='lat' dir='ltr'><strong>ad</strong></span> <span class='ocrx_word' id='word_1_205' title='bbox 1614 2042 1796 2073; x_wconf 90' lang='lat' dir='ltr'><strong>manum</strong></span> <span class='ocrx_word' id='word_1_206' title='bbox 1843 2034 1917 2073; x_wconf 88' lang='lat' dir='ltr'><strong>est</strong></span> 
     </span>
     <span class='ocr_line' id='line_1_28' title="bbox 283 2094 1915 2158; baseline 0.002 -18"><span class='ocrx_word' id='word_1_207' title='bbox 283 2094 523 2150; x_wconf 88' lang='lat' dir='ltr'><strong>Lucretia,</strong></span> <span class='ocrx_word' id='word_1_208' title='bbox 558 2110 675 2157; x_wconf 90' lang='lat' dir='ltr'><strong>quae</strong></span> <span class='ocrx_word' id='word_1_209' title='bbox 708 2096 797 2140; x_wconf 93' lang='lat' dir='ltr'><strong>vim</strong></span> <span class='ocrx_word' id='word_1_210' title='bbox 830 2095 977 2158; x_wconf 90' lang='lat' dir='ltr'><strong>stupri</strong></span> <span class='ocrx_word' id='word_1_211' title='bbox 1010 2111 1149 2157; x_wconf 91' lang='lat' dir='ltr'><strong>passa</strong></span> <span class='ocrx_word' id='word_1_212' title='bbox 1182 2095 1380 2141; x_wconf 86' lang='lat' dir='ltr'><strong>cultrum</strong></span> <span class='ocrx_word' id='word_1_213' title='bbox 1414 2095 1502 2142; x_wconf 88' lang='lat' dir='ltr'><strong>sibi</strong></span> <span class='ocrx_word' id='word_1_214' title='bbox 1534 2094 1699 2158; x_wconf 80' lang='lat' dir='ltr'><strong>adegit</strong></span> <span class='ocrx_word' id='word_1_215' title='bbox 1730 2097 1774 2143; x_wconf 89' lang='lat' dir='ltr'><strong>in</strong></span> <span class='ocrx_word' id='word_1_216' title='bbox 1803 2112 1915 2143; x_wconf 80' lang='lat' dir='ltr'><strong>con·-</strong></span> 
     </span>
     <span class='ocr_line' id='line_1_29' title="bbox 285 2165 1912 2230; baseline 0.001 -20"><span class='ocrx_word' id='word_1_217' title='bbox 285 2173 448 2227; x_wconf 89' lang='lat' dir='ltr'><strong>spectu</strong></span> <span class='ocrx_word' id='word_1_218' title='bbox 494 2166 886 2228; x_wconf 90' lang='lat' dir='ltr'><strong>propinquorum,</strong></span> <span class='ocrx_word' id='word_1_219' title='bbox 949 2173 999 2211; x_wconf 92' lang='lat' dir='ltr'><strong>ut</strong></span> <span class='ocrx_word' id='word_1_220' title='bbox 1045 2165 1241 2227; x_wconf 86' lang='lat' dir='ltr'><strong>gloriam</strong></span> <span class='ocrx_word' id='word_1_221' title='bbox 1291 2166 1496 2212; x_wconf 86' lang='lat' dir='ltr'><strong>castitati</strong></span> <span class='ocrx_word' id='word_1_222' title='bbox 1542 2182 1655 2213; x_wconf 89' lang='lat' dir='ltr'><strong>suae</strong></span> <span class='ocrx_word' id='word_1_223' title='bbox 1700 2168 1912 2230; x_wconf 87' lang='lat' dir='ltr'><strong>pareret.</strong></span> 
     </span>
     <span class='ocr_line' id='line_1_30' title="bbox 285 2234 1935 2294; baseline 0.001 -13"><span class='ocrx_word' id='word_1_224' title='bbox 285 2235 469 2282; x_wconf 83' lang='lat' dir='ltr'><strong>Mucius</strong></span> <span class='ocrx_word' id='word_1_225' title='bbox 515 2251 695 2281; x_wconf 88' lang='lat' dir='ltr'><strong>manum</strong></span> <span class='ocrx_word' id='word_1_226' title='bbox 745 2251 874 2281; x_wconf 90' lang='lat' dir='ltr'><strong>suam</strong></span> <span class='ocrx_word' id='word_1_227' title='bbox 923 2234 1165 2282; x_wconf 84' lang='lat' dir='ltr'><strong>dexteram</strong></span> <span class='ocrx_word' id='word_1_228' title='bbox 1211 2236 1256 2280; x_wconf 92' lang='lat' dir='ltr'><strong>in</strong></span> <span class='ocrx_word' id='word_1_229' title='bbox 1305 2251 1385 2282; x_wconf 90' lang='lat' dir='ltr'><strong>ara</strong></span> <span class='ocrx_word' id='word_1_230' title='bbox 1433 2237 1680 2294; x_wconf 90' lang='lat' dir='ltr'><strong>cremavit,</strong></span> <span class='ocrx_word' id='word_1_231' title='bbox 1737 2245 1787 2284; x_wconf 89' lang='lat' dir='ltr'><strong>ut</strong></span> <span class='ocrx_word' id='word_1_232' title='bbox 1824 2236 1935 2284; x_wconf 69' lang='lat' dir='ltr'><strong>hoc&#39;</strong></span> 
     </span>
     <span class='ocr_line' id='line_1_31' title="bbox 288 2304 1915 2371; baseline 0.002 -20"><span class='ocrx_word' id='word_1_233' title='bbox 288 2306 459 2351; x_wconf 81' lang='lat' dir='ltr'><strong>factum</strong></span> <span class='ocrx_word' id='word_1_234' title='bbox 493 2306 592 2352; x_wconf 90' lang='lat' dir='ltr'><strong>eius</strong></span> <span class='ocrx_word' id='word_1_235' title='bbox 626 2304 745 2352; x_wconf 88' lang='lat' dir='ltr'><strong>fama</strong></span> <span class='ocrx_word' id='word_1_236' title='bbox 777 2304 992 2352; x_wconf 89' lang='lat' dir='ltr'><strong>haberet.</strong></span> <span class='ocrx_word' id='word_1_237' title='bbox 1058 2305 1211 2352; x_wconf 90' lang='lat' dir='ltr'><strong>Minus</strong></span> <span class='ocrx_word' id='word_1_238' title='bbox 1243 2306 1462 2353; x_wconf 83' lang='lat' dir='ltr'><strong>fecerunt</strong></span> <span class='ocrx_word' id='word_1_239' title='bbox 1492 2306 1786 2371; x_wconf 86' lang='lat' dir='ltr'><strong>philosophi:</strong></span> <span class='ocrx_word' id='word_1_240' title='bbox 1821 2306 1915 2355; x_wconf 81' lang='lat' dir='ltr'><strong>He-</strong></span> 
     </span>
     <span class='ocr_line' id='line_1_32' title="bbox 288 2375 1918 2439; baseline 0.002 -18"><span class='ocrx_word' id='word_1_241' title='bbox 288 2375 503 2432; x_wconf 83' lang='lat' dir='ltr'><strong>raclitus,</strong></span> <span class='ocrx_word' id='word_1_242' title='bbox 539 2376 614 2439; x_wconf 91' lang='lat' dir='ltr'><strong>qui</strong></span> <span class='ocrx_word' id='word_1_243' title='bbox 650 2391 702 2422; x_wconf 90' lang='lat' dir='ltr'><strong>se</strong></span> <span class='ocrx_word' id='word_1_244' title='bbox 735 2375 907 2422; x_wconf 90' lang='lat' dir='ltr'><strong>bubulo</strong></span> <span class='ocrx_word' id='word_1_245' title='bbox 941 2385 1156 2422; x_wconf 87' lang='lat' dir='ltr'><strong>stercore</strong></span> <span class='ocrx_word' id='word_1_246' title='bbox 1191 2375 1381 2423; x_wconf 91' lang='lat' dir='ltr'><strong>oblitum</strong></span> <span class='ocrx_word' id='word_1_247' title='bbox 1415 2378 1620 2436; x_wconf 80' lang='lat' dir='ltr'><strong>cxussit3</strong></span> <span class='ocrx_word' id='word_1_248' title='bbox 1663 2377 1775 2425; x_wconf 88' lang='lat' dir='ltr'><strong>item</strong></span> <span class='ocrx_word' id='word_1_249' title='bbox 1807 2377 1918 2424; x_wconf 90' lang='lat' dir='ltr'><strong>Em-</strong></span> 
     </span>
     <span class='ocr_line' id='line_1_33' title="bbox 289 2444 1919 2510; baseline 0.003 -19"><span class='ocrx_word' id='word_1_250' title='bbox 289 2445 539 2508; x_wconf 90' lang='lat' dir='ltr'><strong>pedocles,</strong></span> <span class='ocrx_word' id='word_1_251' title='bbox 595 2447 670 2510; x_wconf 95' lang='lat' dir='ltr'><strong>qui</strong></span> <span class='ocrx_word' id='word_1_252' title='bbox 704 2447 748 2492; x_wconf 91' lang='lat' dir='ltr'><strong>in</strong></span> <span class='ocrx_word' id='word_1_253' title='bbox 783 2447 920 2509; x_wconf 90' lang='lat' dir='ltr'><strong>ignes</strong></span> <span class='ocrx_word' id='word_1_254' title='bbox 950 2444 1157 2493; x_wconf 89' lang='lat' dir='ltr'><strong>Aetnaei</strong></span> <span class='ocrx_word' id='word_1_255' title='bbox 1190 2448 1358 2493; x_wconf 89' lang='lat' dir='ltr'><strong>montis</strong></span> <span class='ocrx_word' id='word_1_256' title='bbox 1398 2446 1626 2507; x_wconf 66' lang='lat' dir='ltr'><strong>dissiluitg</strong></span> <span class='ocrx_word' id='word_1_257' title='bbox 1686 2457 1734 2495; x_wconf 89' lang='lat' dir='ltr'><strong>et</strong></span> <span class='ocrx_word' id='word_1_258' title='bbox 1773 2447 1919 2496; x_wconf 87' lang='lat' dir='ltr'><strong>Pere-</strong></span> 
     </span>
     <span class='ocr_line' id='line_1_34' title="bbox 290 2516 1918 2582; baseline 0.002 -20"><span class='ocrx_word' id='word_1_259' title='bbox 290 2517 473 2578; x_wconf 86' lang='lat' dir='ltr'><strong>grinus,</strong></span> <span class='ocrx_word' id='word_1_260' title='bbox 508 2517 583 2580; x_wconf 91' lang='lat' dir='ltr'><strong>qui</strong></span> <span class='ocrx_word' id='word_1_261' title='bbox 617 2533 709 2563; x_wconf 91' lang='lat' dir='ltr'><strong>non</strong></span> <span class='ocrx_word' id='word_1_262' title='bbox 743 2517 851 2563; x_wconf 80' lang='lat' dir='ltr'><strong>olim</strong></span> <span class='ocrx_word' id='word_1_263' title='bbox 884 2532 935 2563; x_wconf 93' lang='lat' dir='ltr'><strong>se</strong></span> <span class='ocrx_word' id='word_1_264' title='bbox 967 2533 1087 2580; x_wconf 90' lang='lat' dir='ltr'><strong>rogo</strong></span> <span class='ocrx_word' id='word_1_265' title='bbox 1121 2516 1322 2573; x_wconf 85' lang='lat' dir='ltr'><strong>immisit,</strong></span> <span class='ocrx_word' id='word_1_266' title='bbox 1358 2533 1460 2564; x_wconf 91' lang='lat' dir='ltr'><strong>cum</strong></span> <span class='ocrx_word' id='word_1_267' title='bbox 1493 2518 1696 2565; x_wconf 85' lang='lat' dir='ltr'><strong>feminae</strong></span> <span class='ocrx_word' id='word_1_268' title='bbox 1730 2534 1918 2582; x_wconf 87' lang='lat' dir='ltr'><strong>quoque</strong></span> 
     </span>
     <span class='ocr_line' id='line_1_35' title="bbox 291 2586 1917 2651; baseline 0.002 -20"><span class='ocrx_word' id='word_1_269' title='bbox 291 2587 660 2649; x_wconf 88' lang='lat' dir='ltr'><strong>contempserint</strong></span> <span class='ocrx_word' id='word_1_270' title='bbox 707 2588 866 2651; x_wconf 86' lang='lat' dir='ltr'><strong>ignes3</strong></span> <span class='ocrx_word' id='word_1_271' title='bbox 935 2586 1079 2644; x_wconf 91' lang='lat' dir='ltr'><strong>Dido,</strong></span> <span class='ocrx_word' id='word_1_272' title='bbox 1135 2602 1192 2633; x_wconf 91' lang='lat' dir='ltr'><strong>ne</strong></span> <span class='ocrx_word' id='word_1_273' title='bbox 1233 2596 1339 2650; x_wconf 90' lang='lat' dir='ltr'><strong>post</strong></span> <span class='ocrx_word' id='word_1_274' title='bbox 1376 2589 1521 2634; x_wconf 92' lang='lat' dir='ltr'><strong>virum</strong></span> <span class='ocrx_word' id='word_1_275' title='bbox 1564 2586 1917 2635; x_wconf 86' lang='lat' dir='ltr'><strong>dilectissimum</strong></span> 
     </span>
     <span class='ocr_line' id='line_1_36' title="bbox 291 2656 1931 2722; baseline 0.002 -20"><span class='ocrx_word' id='word_1_276' title='bbox 291 2656 467 2703; x_wconf 87' lang='lat' dir='ltr'><strong>nubere</strong></span> <span class='ocrx_word' id='word_1_277' title='bbox 501 2666 783 2720; x_wconf 66' lang='lat' dir='ltr'><strong>cogereturg</strong></span> <span class='ocrx_word' id='word_1_278' title='bbox 816 2659 927 2705; x_wconf 92' lang='lat' dir='ltr'><strong>item</strong></span> <span class='ocrx_word' id='word_1_279' title='bbox 961 2656 1237 2704; x_wconf 85' lang='lat' dir='ltr'><strong>Asdrubalis</strong></span> <span class='ocrx_word' id='word_1_280' title='bbox 1269 2674 1409 2716; x_wconf 86' lang='lat' dir='ltr'><strong>uxor,</strong></span> <span class='ocrx_word' id='word_1_281' title='bbox 1444 2674 1563 2722; x_wconf 90' lang='lat' dir='ltr'><strong>quae</strong></span> <span class='ocrx_word' id='word_1_282' title='bbox 1595 2659 1686 2705; x_wconf 91' lang='lat' dir='ltr'><strong>iam</strong></span> <span class='ocrx_word' id='word_1_283' title='bbox 1719 2658 1931 2706; x_wconf 83' lang='lat' dir='ltr'><strong>ardente</strong></span> 
     </span>
     <span class='ocr_line' id='line_1_37' title="bbox 294 2720 1917 2793; baseline 0.002 -21"><span class='ocrx_word' id='word_1_284' title='bbox 294 2726 594 2789; x_wconf 82' lang='lat' dir='ltr'><strong>Carthagine,</strong></span> <span class='ocrx_word' id='word_1_285' title='bbox 630 2744 731 2774; x_wconf 90' lang='lat' dir='ltr'><strong>cum</strong></span> <span class='ocrx_word' id='word_1_286' title='bbox 766 2729 979 2775; x_wconf 86' lang='lat' dir='ltr'><strong>maritum</strong></span> <span class='ocrx_word' id='word_1_287' title='bbox 1013 2745 1140 2775; x_wconf 89' lang='lat' dir='ltr'><strong>suum</strong></span> <span class='ocrx_word' id='word_1_288' title='bbox 1175 2729 1429 2791; x_wconf 87' lang='lat' dir='ltr'><strong>supplicem</strong></span> <span class='ocrx_word' id='word_1_289' title='bbox 1451 2728 1689 2793; x_wconf 90' lang='lat' dir='ltr'><strong>Scipionis</strong></span> <span class='ocrx_word' id='word_1_290' title='bbox 1715 2720 1917 2788; x_wconf 65' lang='lat' dir='ltr'><strong>videret,</strong></span> 
     </span>
     <span class='ocr_line' id='line_1_38' title="bbox 293 2796 1921 2864; baseline 0.001 -21"><span class='ocrx_word' id='word_1_291' title='bbox 293 2812 396 2844; x_wconf 90' lang='lat' dir='ltr'><strong>cum</strong></span> <span class='ocrx_word' id='word_1_292' title='bbox 443 2796 549 2843; x_wconf 85' lang='lat' dir='ltr'><strong>filiis</strong></span> <span class='ocrx_word' id='word_1_293' title='bbox 595 2802 689 2844; x_wconf 91' lang='lat' dir='ltr'><strong>suis</strong></span> <span class='ocrx_word' id='word_1_294' title='bbox 735 2800 780 2844; x_wconf 90' lang='lat' dir='ltr'><strong>in</strong></span> <span class='ocrx_word' id='word_1_295' title='bbox 827 2798 1093 2846; x_wconf 83' lang='lat' dir='ltr'><strong>incendium</strong></span> <span class='ocrx_word' id='word_1_296' title='bbox 1135 2799 1314 2862; x_wconf 86' lang='lat' dir='ltr'><strong>patriae</strong></span> <span class='ocrx_word' id='word_1_297' title='bbox 1355 2797 1610 2847; x_wconf 88' lang='lat' dir='ltr'><strong>devolavit.</strong></span> <span class='ocrx_word' id='word_1_298' title='bbox 1690 2799 1921 2864; x_wconf 86' lang='lat' dir='ltr'><strong>Regulus,</strong></span> 
     </span>
     <span class='ocr_line' id='line_1_39' title="bbox 294 2866 1922 2932; baseline 0.001 -19"><span class='ocrx_word' id='word_1_299' title='bbox 294 2866 386 2914; x_wconf 85' lang='lat' dir='ltr'><strong>dux</strong></span> <span class='ocrx_word' id='word_1_300' title='bbox 418 2866 748 2924; x_wconf 88' lang='lat' dir='ltr'><strong>Romanorum,</strong></span> <span class='ocrx_word' id='word_1_301' title='bbox 786 2878 949 2932; x_wconf 88' lang='lat' dir='ltr'><strong>captus</strong></span> <span class='ocrx_word' id='word_1_302' title='bbox 982 2886 1008 2916; x_wconf 91' lang='lat' dir='ltr'><strong>a</strong></span> <span class='ocrx_word' id='word_1_303' title='bbox 1042 2869 1521 2932; x_wconf 83' lang='lat' dir='ltr'><strong>Carthaginiensibus,</strong></span> <span class='ocrx_word' id='word_1_304' title='bbox 1557 2886 1660 2917; x_wconf 92' lang='lat' dir='ltr'><strong>cum</strong></span> <span class='ocrx_word' id='word_1_305' title='bbox 1692 2886 1744 2918; x_wconf 88' lang='lat' dir='ltr'><strong>se</strong></span> <span class='ocrx_word' id='word_1_306' title='bbox 1776 2886 1922 2917; x_wconf 89' lang='lat' dir='ltr'><strong>unum</strong></span> 
     </span>
     <span class='ocr_line' id='line_1_40' title="bbox 293 2938 1922 3005; baseline 0.001 -22"><span class='ocrx_word' id='word_1_307' title='bbox 293 2953 378 3000; x_wconf 92' lang='lat' dir='ltr'><strong>pro</strong></span> <span class='ocrx_word' id='word_1_308' title='bbox 410 2938 564 2984; x_wconf 85' lang='lat' dir='ltr'><strong>multis</strong></span> <span class='ocrx_word' id='word_1_309' title='bbox 597 2939 793 3000; x_wconf 87' lang='lat' dir='ltr'><strong>captivis</strong></span> <span class='ocrx_word' id='word_1_310' title='bbox 826 2939 1291 3003; x_wconf 85' lang='lat' dir='ltr'><strong>Carthaginiensibus</strong></span> <span class='ocrx_word' id='word_1_311' title='bbox 1331 2942 1628 3005; x_wconf 88' lang='lat' dir='ltr'><strong>compensari</strong></span> <span class='ocrx_word' id='word_1_312' title='bbox 1666 2940 1922 2998; x_wconf 78' lang='lat' dir='ltr'><strong>noluisset,</strong></span> 
     </span>
     <span class='ocr_line' id='line_1_41' title="bbox 294 3007 1919 3076; baseline 0.002 -22"><span class='ocrx_word' id='word_1_313' title='bbox 294 3008 453 3055; x_wconf 89' lang='lat' dir='ltr'><strong>maluit</strong></span> <span class='ocrx_word' id='word_1_314' title='bbox 484 3007 695 3055; x_wconf 90' lang='lat' dir='ltr'><strong>hostibus</strong></span> <span class='ocrx_word' id='word_1_315' title='bbox 735 3008 870 3056; x_wconf 88' lang='lat' dir='ltr'><strong>reddi</strong></span> <span class='ocrx_word' id='word_1_316' title='bbox 912 3019 959 3058; x_wconf 89' lang='lat' dir='ltr'><strong>ct</strong></span> <span class='ocrx_word' id='word_1_317' title='bbox 998 3012 1043 3057; x_wconf 86' lang='lat' dir='ltr'><strong>in</strong></span> <span class='ocrx_word' id='word_1_318' title='bbox 1084 3026 1224 3059; x_wconf 89' lang='lat' dir='ltr'><strong>arcae</strong></span> <span class='ocrx_word' id='word_1_319' title='bbox 1257 3026 1406 3074; x_wconf 87' lang='lat' dir='ltr'><strong>genus</strong></span> <span class='ocrx_word' id='word_1_320' title='bbox 1445 3013 1663 3076; x_wconf 89' lang='lat' dir='ltr'><strong>stipatus,</strong></span> <span class='ocrx_word' id='word_1_321' title='bbox 1710 3009 1919 3075; x_wconf 63' lang='lat' dir='ltr'><strong>undique</strong></span> 
     </span>
    </p>
   </div>
   <div class='ocr_carea' id='block_1_4' title="bbox 410 3160 1269 3218">
    <p class='ocr_par' dir='ltr' id='par_1_5' title="bbox 410 3160 1269 3218">
     <span class='ocr_line' id='line_1_42' title="bbox 410 3160 1269 3218; baseline 0.005 -18"><span class='ocrx_word' id='word_1_322' title='bbox 410 3160 450 3211; x_wconf 74' lang='lat' dir='ltr'><strong>l)</strong></span> <span class='ocrx_word' id='word_1_323' title='bbox 483 3163 609 3201; x_wconf 74' lang='lat' dir='ltr'><strong>[Cor.</strong></span> <span class='ocrx_word' id='word_1_324' title='bbox 631 3166 670 3214; x_wconf 85' lang='lat'><strong>9,</strong></span> <span class='ocrx_word' id='word_1_325' title='bbox 692 3165 757 3201; x_wconf 87' lang='lat'><strong>25.</strong></span> <span class='ocrx_word' id='word_1_326' title='bbox 876 3163 920 3218; x_wconf 88' lang='lat'><strong>2)</strong></span> <span class='ocrx_word' id='word_1_327' title='bbox 953 3169 1100 3205; x_wconf 73' lang='lat' dir='ltr'><strong>Matth.</strong></span> <span class='ocrx_word' id='word_1_328' title='bbox 1120 3169 1185 3208; x_wconf 75' lang='lat'><strong>26,</strong></span> <span class='ocrx_word' id='word_1_329' title='bbox 1204 3169 1269 3204; x_wconf 86' lang='lat'><strong>41.</strong></span> 
     </span>
    </p>
   </div>
  </div>
 </body>
</html>
