1942 3554
279 189 391 240 1246
711 190 1203 230 ADNA'rloNES
1250 190 1436 227 111111.

278 333 335 380 de
369 338 638 392 contemptu
670 330 828 392 utique
861 337 1136 386 censentur,
1192 345 1323 392 quam
1357 342 1518 375 eorum
1551 328 1629 393 qui
1661 327 1930 394 eiusmodj‚{
1927 334 1942 378 1

277 402 515 456 factitant,
569 415 703 462 quam
744 415 904 445 eorum
945 399 1021 480 qui
1060 399 1126 445 ita
1164 398 1436 461 suscipiunt.
1514 397 1668 456 Quare
1708 400 1942 491 nescium}

276 488 335 519 ne
359 472 462 534 plus
481 468 538 516 de
562 469 697 516 vobis
722 466 798 515 dei
822 469 964 516 vestri
991 484 1125 532 quam
1152 467 1210 515 de
1237 468 1372 515 nobis
1399 476 1654 531 querantur
1754 503 1864 518 .....
1875 505 1899 532 ᾖ
1925 487 1942 533 1

278 558 339 590 ex
382 541 473 587 alia
517 547 652 603 parte
697 538 968 596 adulamini,
1017 537 1246 586 redimitis
1293 538 1333 584 si
1380 553 1468 602 qua
1508 536 1797 602 delinquitis,
1845 544 1942 631 αξξ

276 620 514 693 postremo
553 609 668 656 licet
703 608 836 656 vobis
874 609 920 655 in
962 625 1044 656 eos
1085 624 1200 672 quos
1240 623 1343 655 esse
1375 607 1615 667 voluistis3
1661 625 1746 656 nos
1777 607 1942 686 νει-οβ’
1912 641 1942 675 5

277 682 324 728 in
355 689 502 728 totum
534 694 815 729 aversamur.

410 784 490 829 11.
533 777 637 826 Nec
663 786 838 824 tantum
870 778 916 823 in
949 777 1038 823 hoc
1071 776 1259 822 nomine
1283 775 1355 822 rei
1388 773 1607 823 desertae
1640 778 1919 831 communias,

278 849 536 912 religionis,
550 846 634 895 sed
651 846 960 910 superductae
978 855 1300 893 monstruosae
1317 846 1680 910 superstitionis.
1699 845 1835 904 Nam,
1900 884 1902 892 .

279 916 483 983 quidam,
509 918 771 965 somniastis
797 926 933 997 caput
956 918 1180 963 asininum
1208 931 1315 962 esse
1340 913 1476 963 deum
1500 924 1722 964 nostrum.
1763 915 1895 965 Hane

281 989 528 1036 Cornelius
572 987 759 1034 Tacitus
805 987 1116 1049 suspicionem
1155 986 1284 1032 fecit.
1377 985 1422 1032 Is
1468 987 1590 1032 enim
1636 987 1682 1032 in
1730 991 1939 1049 quart

283 1059 578 1106 historiarum
611 1073 817 1114 suarum,
860 1056 935 1103 ubi
968 1055 1025 1104 de
1066 1056 1190 1103 bello
1230 1047 1423 1103 Iudaico
1452 1055 1660 1118 digerit,
1701 1055 1759 1103 ab
1801 1050 1918 1106 ori-*1²⁴

280 1130 388 1192 gine
428 1128 581 1191 gentis
621 1142 841 1183 exorsus,
891 1135 938 1172 et
976 1135 1067 1172 tam
1111 1125 1168 1173 de
1200 1127 1301 1188 ipsa
1331 1127 1516 1191 origine
1554 1142 1687 1189 quam
1720 1125 1780 1173 de
1810 1143 1916 1185 noe-24

279 1199 400 1245 mine
433 1197 680 1260 religionis
711 1206 762 1243 ut
797 1196 945 1243 voluit
983 1204 1353 1259 argumentatus,
1407 1194 1606 1243 ludaeos
1652 1195 1806 1244 refert
1848 1192 1934 1272 in}

280 1266 581 1349 expeditione
620 1266 762 1313 vastis
800 1267 846 1312 in
885 1266 1003 1313 locis
1043 1281 1190 1328 aquae
1244 1266 1403 1328 inopia
1458 1265 1728 1313 laborantes
1781 1254 1933 1326 ona-*5

281 1340 398 1401 gris,
442 1337 518 1401 qui
551 1335 610 1384 de
642 1344 777 1399 pastu
809 1351 971 1399 aquam
1003 1336 1195 1399 petituri
1233 1335 1621 1393 aestimabantur,
1661 1334 1918 1407 indicibus*

281 1409 422 1456 fontis
446 1409 490 1469 1)
515 1422 624 1454 usos
650 1407 876 1465 evasissc3
912 1407 975 1452 ita
1009 1405 1067 1453 ob
1095 1422 1194 1453 eam
1220 1407 1416 1469 gratiam
1442 1406 1699 1453 consimilis
1717 1405 1921 1454 bestians'

280 1478 575 1541 superficiem
607 1493 634 1524 a
666 1475 851 1522 Iudaeis
885 1476 993 1523 coli.
1065 1475 1178 1522 Inde
1211 1477 1380 1539 opinor
1409 1485 1776 1540 praesumptum,
1807 1480 1923 1530 nost*

282 1563 465 1612 quoque
503 1555 554 1593 ut
593 1544 811 1592 Iudaicae
848 1545 1093 1608 religionis
1131 1547 1420 1609 propinquos
1460 1545 1612 1593 eidem
1644 1546 1903 1594 simulacta·⁸

279 1619 471 1664 initiari.
529 1613 597 1663 At
628 1616 748 1662 enim
779 1613 901 1662 idem
930 1615 1177 1662 Cornelius
1207 1616 1421 1674 Tacitus,
1456 1632 1568 1664 sane
1599 1617 1679 1664 ille
1703 1616 1906 1667 mendo

281 1688 458 1734 ciorum
491 1685 865 1749 loquacissimus,
916 1685 1086 1732 oblitus
1118 1685 1436 1734 affirmationis
1468 1702 1580 1733 suae
1612 1687 1659 1733 in
1689 1695 1828 1750 poste
1857 1687 1870 1699 ‘

280 1757 439 1805 oribus
470 1757 640 1813 refert,
683 1755 954 1818 Pompeium
990 1772 1201 1817 magnum
1227 1755 1411 1803 ludaeis
1445 1756 1693 1804 debellatis
1726 1758 1918 1821 capti

281 1844 369 1891 que
395 1826 735 1889 Hierosolymis
769 1826 985 1888 templum
1016 1824 1170 1872 adisse
1197 1835 1245 1872 et
1266 1835 1606 1889 perscrutatum
1624 1826 1737 1874 nihil
1755 1828 1839 1874 sim

279 1898 396 1944 lacri
427 1896 678 1960 reperisse.
765 1895 852 1943 Ubi
886 1912 1003 1958 ergo
1035 1897 1075 1943 is
1115 1895 1229 1944 deus
1259 1897 1431 1944 fuerit?
1475 1897 1636 1961 utique
1670 1913 1902 1961 nnsqua

280 1968 426 2031 magis
458 1982 593 2030 quam
624 1966 670 2011 in
701 1965 875 2028 templo
907 1975 998 2012 tam
1029 1965 1343 2026 memorabili,
1374 1968 1652 2030 praesertim
1683 1967 1870 2016 omnibu
1914 1971 1915 1974 ’

277 2046 470 2102 praeter
494 2034 820 2083 sacerdotibus
845 2035 1026 2093 clauso,
1061 2053 1150 2099 quo
1176 2053 1268 2083 non
1300 2045 1580 2085 vererentur
1601 2045 1863 2086 extraneum

282 2107 378 2154 Sed
417 2105 528 2169 quid
568 2122 658 2169 ego
699 2104 970 2163 defendam,
1017 2106 1260 2168 professus
1309 2107 1496 2155 interim
1543 2107 1899 2157 confessione

279 2176 583 2239 temporalem
617 2175 816 2223 omnium
841 2177 886 2222 in
912 2175 1044 2222 vobis
1070 2191 1130 2222 ex
1153 2178 1254 2238 pari
1286 2177 1747 2226 transferendorum?
1777 2177 1842 2226 Cr
1772 2193 1942 2453 Ξ

281 2246 418 2294 datur
450 2245 563 2293 deus
602 2254 765 2293 noster
800 2246 979 2292 asinina
1017 2245 1171 2308 aliqua
1214 2261 1439 2308 persona3
1486 2257 1618 2296 certe
1657 2248 1830 2312 negabi

279 2333 363 2365 vos
396 2315 559 2364 eadem
592 2315 769 2363 habere
785 2295 1060 2362 nobiscum?
1089 2314 1215 2362 Sane
1233 2332 1315 2362 vos
1334 2324 1459 2364 tot-os
1483 2319 1641 2365 asinos
1658 2319 1814 2366 colitis

283 2403 384 2434 cum
416 2402 500 2433 sua
529 2385 717 2449 Epona,
751 2394 799 2432 et
830 2385 1202 2432 omniaiumenta
1219 2394 1267 2432 et
1281 2401 1460 2449 pecora
1478 2395 1526 2434 et
1539 2385 1737 2447 bestias,

280 2456 477 2521 perinde
511 2472 613 2503 cum
644 2456 738 2503 suis
762 2454 1069 2519 praesepibus
1094 2457 1402 2503 consecratis,
1477 2455 1539 2504 Et
1569 2457 1659 2506 hoc
1692 2459 1809 2506 forsi

282 2527 464 2575 crimini
504 2525 646 2583 datis,
694 2525 817 2590 quod
854 2527 980 2572 inter
1017 2525 1222 2573 cultores
1262 2527 1460 2573 omnium
1493 2536 1666 2575 tantum
1698 2529 1868 2576 asina

281 2613 454 2645 sumus.
550 2595 647 2643 Sed
692 2605 739 2643 et
786 2596 863 2660 qui
907 2612 991 2643 nos
1037 2596 1191 2643 crucis
1237 2596 1470 2644 antistites
1507 2596 1723 2656 affirmat,
1779 2614 1837 2646 co

282 2683 536 2715 secraneus
568 2667 659 2717 erit
687 2675 862 2715 noster.
1876 2675 1942 2760 ἐξ

428 2768 505 2815 12
584 2764 748 2812 Crucis
787 2765 1004 2829 qualitas,
1053 2764 1231 2827 signum
1273 2772 1345 2811 est
1374 2763 1433 2812 de
1466 2765 1619 2828 ligno·
1660 2766 1799 2813 etiam
1831 2763 1942 2838 d}

284 2836 476 2882 materia
508 2833 663 2882 colitis
692 2851 838 2899 penes
871 2850 951 2881 vos
985 2850 1083 2881 cum
1118 2832 1294 2895 effigie,
1331 2850 1602 2897 quamquam
1651 2835 1774 2883 sicut
1810 2832 1942 2901 veQ'

1643 2937 1646 2939 >
1863 2934 1891 2946 *4

328 3027 331 3030 ⁴
1865 2908 1891 3055 Ξ

398 3056 442 3104 1)
474 3058 542 3096 Sic
569 3060 683 3094 recte
717 3058 840 3095 iussit
876 3059 1052 3095 Haverc.
1076 3057 1203 3095 scribi
1236 3070 1310 3106 pro
1345 3058 1475 3109 vulga
1534 3059 1791 3108 fontibus;
1834 3055 1890 3108 οξ

280 3112 399 3162 Apol.
433 3115 496 3150 16.
1867 3151 1885 3183 ,ὃ

1844 3320 1883 3554 &Reum-22<
1870 3295 1874 3297 -
1864 3239 1877 3273 ’11.
1864 3114 1879 3145 11,
