1942 3554
1035 27 1068 50 σῳ,

1043 83 1065 107 0

331 194 464 239 104
619 195 702 232 DE
730 192 1250 231 EXHORTATIONE
1277 187 1681 234 casm-Tarm.

331 310 401 358 De
446 325 537 356 uno
582 307 875 354 matrimonio
921 321 1168 352 censemur
1209 304 1481 368 utrobique,
1529 313 1581 353 et
1614 305 1868 354 carnaliter

328 380 480 427 Adam
511 388 560 425 et
590 377 865 441 spiritaliter
900 377 948 421 in
979 375 1191 434 Christ03
1238 374 1431 422 duarum
1473 374 1763 426 nativitatum
1806 382 1942 428 unum

329 459 401 497 est
431 449 755 510 monogamiae
786 447 1145 511 praescriptum.
1219 445 1272 496 In
1315 454 1512 511 utraque
1543 446 1826 512 degenerat,
1864 447 1942 515 qffl

326 519 384 567 de
417 520 712 581 monogamia
743 518 995 564 exorbitat.
1041 517 1274 564 Numerus
1302 519 1607 576 matrimonii,
1637 534 1668 568 a
1689 519 1860 568 maledi

324 592 427 637 viro
461 591 634 653 coepit.
710 588 891 635 Primus
935 586 1141 635 Lamech
1158 589 1203 647 1)
1250 586 1428 638 duabus
1470 591 1711 638 maritatus
1753 525 1942 793 tres}

325 677 460 709 unam
493 676 680 708 carnem
713 660 891 707 effecit.
1879 697 1882 700 ,

465 737 513 784 6.
576 729 672 778 Sed
717 739 766 777 et
807 728 1071 786 benedicti,
1117 731 1292 793 inquis,
1335 732 1635 795 patriarchae
1677 739 1774 780 non
1800 750 1875 782 mo
1901 721 1939 789 ¹.

275 853 290 868 ·
319 803 528 866 pluribus
558 801 804 858 uxoribus,
835 816 996 860 verum
1028 801 1168 847 etiam
1195 794 1477 858 concubinis*
1494 804 1716 867 coniugia
1738 805 1942 855 miscue-

320 883 442 921 runt.
503 873 633 935 Ergo
664 881 919 935 propterea
956 870 1091 917 nobis
1130 887 1312 935 quoque
1344 873 1508 920 licebit
1534 872 1825 922 innumerum
1850 857 1942 925 mi-

318 945 467 992 bere?
526 941 650 990 Sane
682 943 868 999 licebit,
900 943 940 988 si
971 943 1047 1005 qui
1078 941 1229 989 adhuc
1253 944 1354 1006 typi
1378 944 1574 991 alicuius
1601 945 1746 993 futuri
1775 944 1942 995 sacri?—

317 1017 462 1063 menti
476 1016 524 1075 2)
572 1022 840 1077 supersunt,
889 1028 1003 1076 quos
1049 1014 1239 1076 nuptiae
1271 1023 1388 1062 tuae
1433 1011 1657 1078 figurent,
1709 1017 1785 1064 vel
1829 1019 1868 1064 si
1883 1007 1942 1078 ³31

317 1088 458 1133 etiam
490 1101 612 1131 nunc
643 1085 776 1131 locus
807 1093 880 1130 est
907 1084 1040 1130 vocis
1070 1084 1226 1130 illiusz·
1250 1085 1451 1132 crescite
1475 1091 1524 1133 et
1546 1086 1942 1150 multiplicamini...

314 1156 364 1203 id
395 1165 489 1213 est,
523 1157 561 1202 si
593 1153 795 1201 nondum
826 1154 919 1199 alia
947 1169 1042 1199 vox
1071 1155 1363 1235 supervenit:
1407 1164 1591 1219 tempus
1631 1157 1724 1204 iam
1753 1159 1801 1204 in
1830 1159 1942 1206 col-1

314 1226 441 1273 lecto
464 1242 603 1288 lesse,
650 1234 856 1280 restare,
903 1231 956 1269 ut
992 1232 1041 1270 et
1071 1240 1148 1286 qui
1178 1239 1351 1271 uxores
1386 1225 1564 1273 habent
1589 1234 1807 1290 tanquam
1836 1244 1942 1283 nom

314 1297 542 1344 habentes
573 1304 730 1358 agant.
779 1293 950 1358 Utique
981 1295 1104 1340 enim
1136 1295 1470 1343 continentiam
1493 1296 1707 1345 indicens
1730 1306 1780 1345 et
1803 1303 1942 1355 com-³-

311 1384 513 1432 pescens
545 1366 867 1422 concubitum,
900 1367 1196 1413 seminarium
1227 1367 1440 1429 generis,
1471 1367 1704 1434 abolescit
1727 1360 1942 1421 crescifi

311 1438 426 1497 illud
457 1447 507 1486 et
535 1437 920 1500 multiplicamini.
983 1434 1045 1484 Ut
1074 1437 1243 1499 opinor
1271 1445 1448 1495 autem,
1479 1440 1614 1486 unius
1643 1447 1694 1486 et
1722 1439 1942 1507 eiusdepss

312 1508 390 1557 dei
420 1518 616 1572 utraque
647 1508 967 1571 pronuntiatio
999 1515 1050 1555 et
1078 1505 1323 1571 dispositio
1354 1516 1449 1566 est,
1468 1517 1474 1524 ‘
1496 1510 1573 1573 qni
1602 1517 1712 1557 tunc
1743 1509 1942 1575 quidest!

309 1582 358 1627 in
387 1578 646 1644 primordio
678 1588 934 1625 sementem
965 1578 1154 1641 generis
1185 1579 1339 1625 emisit
1381 1578 1572 1628 indultis
1602 1576 1942 1644 coniugiorufii

241 1674 248 1680 ·
309 1651 527 1708 habenis,
561 1649 713 1696 donec
745 1648 942 1696 mundus
972 1649 1259 1711 repleretur,
1292 1647 1445 1696 donec
1475 1666 1626 1698 novae
1650 1644 1942 1715 disciplinalis}

310 1723 509 1769 materia
538 1721 810 1784 proficeret.
884 1719 1022 1766 Nunc
1066 1735 1180 1766 vero
1227 1719 1310 1766 sub
1342 1721 1715 1768 extremitatibus
1743 1719 1942 1786 tempo-{j

307 1809 408 1839 rum
440 1792 717 1855 compressit
749 1789 871 1853 quod
903 1791 1124 1837 emiserat
1153 1797 1202 1836 et
1231 1791 1473 1837 revocavit
1502 1790 1625 1855 quod
1648 1787 1942 1858 indulserat}

307 1879 401 1910 non
432 1865 532 1910 sine
563 1864 747 1909 ratione
778 1861 1134 1925 propagationis
1164 1861 1210 1906 in
1240 1859 1497 1923 primordio
1522 1870 1577 1916 et
1591 1860 1942 1926 repastinante-2}

306 1936 378 1981 nis
393 1937 441 1995 4)
474 1935 521 1980 in
551 1934 729 1980 ultimo.
792 1930 991 1995 Semper
1034 1932 1167 1978 initia
1198 1931 1435 1989 laxantur,
1481 1932 1598 1980 fines
1623 1926 1942 2001 contu-ahu&

304 2014 396 2052 tur.
458 2004 719 2068 Propterea
763 2003 923 2049 silvam
969 2003 1069 2065 quis
1113 2003 1313 2050 instituit
1356 2010 1406 2050 et
1443 2018 1663 2067 crescere
1693 2005 1825 2060 sinit,
1884 2055 1889 2058 ,

304 2085 516 2139 tempore
548 2091 632 2121 suo
665 2073 847 2120 caedat.
923 2071 1054 2119 Silva
1097 2081 1201 2119 erat
1242 2081 1376 2120 vetus
1407 2071 1677 2137 dispositio,
1723 2090 1843 2138 quae
1869 2073 1907 2130 ἱ,

305 2146 552 2208 evangelio
570 2143 617 2203 5)
650 2160 772 2190 novo
805 2143 1078 2206 deputatur,
1124 2144 1172 2189 in
1211 2138 1301 2206 quo
1332 2152 1382 2190 et
1410 2146 1590 2197 securis
1619 2143 1680 2192 ad
1708 2143 1840 2193 radic
1869 2160 1872 2162 ’

303 2217 488 2263 arboris
518 2216 672 2278 posita
703 2223 774 2260 est
791 2214 854 2272 ⁶).
930 2212 1012 2260 Sic
1051 2222 1099 2259 et
1137 2214 1320 2260 oculum
1355 2230 1443 2277 pro
1483 2215 1622 2262 oculo
1652 2223 1703 2263 et
1730 2215 1820 2263 den
1872 2226 1874 2229 ·

301 2303 388 2351 pro
422 2284 562 2332 dente
578 2286 626 2344 ⁷)
658 2286 746 2331 iam
779 2285 953 2339 senuit,
987 2299 1047 2330 ex
1078 2299 1167 2346 quo
1199 2284 1428 2330 iuvenuit:
1473 2284 1646 2332 Malum
1674 2301 1761 2348 pro
1792 2286 1910 2332 malt·-

302 2373 438 2404 nemo
470 2354 717 2413 reddatss).
791 2354 908 2400 Puto
955 2363 1109 2400 autem
1155 2354 1295 2400 etiam
1339 2355 1387 2400 in
1430 2353 1652 2405 humanas
1689 2357 1900 2404 constitu·

301 2430 456 2476 tiones
486 2436 624 2490 atque
656 2424 849 2472 decreta
889 2433 1079 2487 postera
1110 2425 1317 2487 pristinis
1346 2426 1640 2487 praevalere.

442 2502 489 2549 7.
565 2496 661 2543 Cur
704 2504 858 2542 autem
904 2494 962 2542 de
1008 2496 1214 2558 pristinis
1259 2495 1484 2558 exemplis
1525 2511 1622 2543 non
1665 2511 1725 2544 ea
1759 2497 1877 2560 poti,
1922 2503 1924 2506 '

300 2585 623 2632 agnoscamus,
657 2582 773 2630 quae
807 2583 909 2614 cum
939 2566 1141 2629 posteris
1173 2567 1526 2625 communicant-
1545 2565 1835 2631 disciplinam
1862 2568 1904 2622 G·

299 2642 496 2687 formam
512 2640 557 2699 9)
589 2638 836 2684 vetustatis
867 2635 926 2683 ad
956 2638 1210 2683 novitatem
1240 2637 1587 2684 transmittunt?
1627 2637 1758 2685 Ecce
1789 2638 1881 2685 en*

299 2713 347 2757 in
376 2711 527 2758 veteri
559 2711 665 2771 lege
698 2706 1017 2756 animadverto
1051 2715 1300 2754 castratam
1339 2707 1576 2754 licentiam
1613 2709 1798 2772 saepius
1826 2707 1901 2762 nd}

1872 2802 1883 2825 Q

412 2864 458 2917 1)
476 2866 626 2905 cenes.
645 2868 684 2913 4,
704 2868 770 2904 19.
866 2865 910 2913 2)
927 2863 1016 2912 Rig.
1042 2863 1085 2901 si
1115 2863 1281 2918 adhue
1311 2863 1447 2910 typi,
1469 2863 1650 2902 ‘futuri
1679 2853 1895 2903 alicuid

298 2926 648 2970 sacramenta,
682 2924 977 2970 supersunt.
1095 2921 1139 2968 3)
1171 2921 1359 2968 Rig.vel
1392 2920 1456 2968 si,
1490 2921 1553 2959 ed.
1576 2920 1701 2958 Fran.
1731 2923 1819 2958 aut
1845 2919 1898 2959 ἡ

299 2978 424 3017 Seml.
458 2980 591 3025 quod
622 2979 678 3015 si.
791 2979 837 3026 4)
870 2978 962 3025 Rig.
991 2976 1388 3025 prorogationis
1420 2977 1470 3014 in
1497 2987 1569 3024 pr.
1597 2979 1648 3014 et
1677 2976 1894 3025 pastina·

296 3035 461 3071 tionis
493 3036 542 3071 in
575 3035 665 3072 ult.
767 3036 811 3082 5)
843 3035 995 3082 Rigalt.
1021 3036 1079 3071 ab
1105 3044 1175 3070 ev.
1253 3033 1299 3080 6)
1316 3033 1523 3082 Matth.3‚
1540 3034 1606 3072 1⁰.
1693 3033 1739 3081 7)
1754 3031 1897 3071 Mat&

300 3094 337 3139 5,
357 3092 421 3127 38.
524 3088 568 3141 8)
588 3092 702 3128 Rom.
721 3093 787 3137 12,
806 3093 871 3129 17.
961 3088 1008 3142 9)
1027 3090 1115 3139 Rig.
1142 3093 1269 3137 quae
1298 3100 1335 3128 e.
1360 3088 1748 3138 posterioribus
1773 3094 1888 3128 con.

297 3149 355 3185 de
387 3146 672 3193 disciplina
704 3151 752 3183 et
783 3148 947 3185 forma
979 3149 1060 3185 etc.
1870 3146 1875 3166 ἲ
