1942 3554
291 265 371 312 ΕΒ
786 268 866 304 AD
906 264 1176 303 UXOREM
1218 264 1329 301 Lm.
1359 265 1407 301 11.

295 389 389 435 tur,
421 386 471 423 ut
499 377 546 422 in
577 376 689 438 ipsis
721 374 1045 439 deprehensae
1078 391 1105 422 a
1136 373 1250 431 deo,
1284 383 1332 422 et
1355 374 1572 422 iubentur
1599 380 1915 439 perseverare

291 457 338 495 et
369 446 722 493 sanctificantur
752 454 800 491 et
829 461 957 508 spem
989 445 1262 492 lucrationis
1294 445 1545 508 accipiunt.
1602 443 1654 491 Si
1685 447 1910 508 ergo'ra-

289 526 384 562 tum
416 523 488 562 est
517 514 639 577 apud
671 513 807 561 deum
838 515 1180 567 matrimonium
1209 513 1493 571 huiusmodi,
1541 530 1626 561 cur
1669 530 1762 561 non
1798 531 1913 578 pro-1

291 600 428 649 spere
462 583 624 640 cedat,
671 592 722 630 ut
760 593 808 631 et
838 601 866 631 a
896 585 1127 648 pressuris
1158 593 1207 631 et
1236 585 1461 647 angustiis
1491 592 1540 631 et
1569 583 1917 648 impedimentis

291 664 339 702 et
368 655 726 718 inquinamentis
757 656 948 701 nonita
986 655 1268 711 lacessatur,
1314 655 1404 700 iam
1449 653 1626 700 habens
1672 670 1732 701 ex
1775 659 1919 718 parte‘

291 724 475 771 divinae
508 725 690 785 gratiae
721 725 1064 786 patrocinium?
1120 723 1241 770 Nam
1281 731 1330 771 et
1366 722 1425 770 ad
1464 724 1664 786 aliquam
1691 725 1917 770 virtutem*

292 794 548 841 coelestem
574 792 866 840 documentis
892 792 1178 855 dignationis
1202 794 1398 839 alicuius
1421 801 1591 839 vocata
1609 793 1688 840 illa
1713 792 1771 840 de
1798 798 1917 855 gen-‘⁴

290 864 412 910 tibus
430 865 475 924 1)
508 863 682 910 terrori
713 871 785 910 est
815 864 1001 925 gentili,
1036 879 1126 926 quo
1156 863 1304 908 minus
1335 862 1423 908 sibi
1456 862 1718 926 obstrepat,
1765 864 1917 909 minus‘

291 934 433 989 sciat,
466 933 614 980 minus
638 933 922 996 speculetur.
972 931 1130 979 Sensit
1155 932 1402 993 magnalia,
1433 930 1552 978 vidit
1574 934 1916 995 experimenta,

291 1003 382 1049 scit
412 1003 653 1050 meliorem
684 1003 880 1061 factam,
913 1003 981 1049 sic
1013 1010 1062 1048 et
1091 1003 1190 1065 ipse
1223 1000 1299 1048 dei
1331 999 1606 1048 candidatus
1631 1009 1702 1049 est
1726 1002 1911 1048 timore.

290 1071 363 1119 Ita
393 1073 577 1119 facilius
607 1071 870 1118 huiusmodi
901 1072 1019 1118 lucri
1051 1072 1186 1127 fiunt,
1234 1071 1281 1116 in
1327 1087 1441 1134 quos
1487 1069 1562 1118 dei
1607 1070 1759 1134 gratia
1800 1087 1914 1118 con-

290 1141 583 1189 suetudinem
613 1142 744 1188 fecit.
807 1141 1027 1188 Ceterum
1058 1139 1183 1187 aliud
1215 1148 1287 1187 est
1315 1141 1438 1186 ultro
1471 1148 1519 1199 et
1542 1149 1706 1210 sponte
1732 1142 1779 1186 in
1803 1157 1914 1204 pro-

289 1207 441 1257 hibita
472 1209 781 1257 descendere.
845 1210 974 1268 Quae
1007 1209 1195 1256 domino
1234 1225 1327 1255 non
1365 1210 1577 1272 placent,
1623 1210 1782 1272 utique
1830 1209 1915 1256 do-

289 1281 459 1326 minum
502 1278 770 1337 offendunt,
823 1280 983 1343 utique
1028 1280 1151 1326 malo
1197 1294 1247 1326 se
1293 1279 1576 1338 inferunt2>.
1646 1278 1748 1326 Hoc
1795 1280 1915 1342 signi

290 1350 404 1406 erit,
439 1347 564 1412 quod
595 1350 706 1396 solis
737 1350 977 1412 peioribus
994 1351 1040 1410 3)
1068 1350 1228 1413 placet
1251 1365 1421 1396 nomen
1439 1348 1766 1395 Christianum.
1801 1349 1924 1396 Ideo-

291 1419 612 1476 inveniuntur,
662 1420 738 1482 qui
768 1420 887 1466 tales
919 1436 1013 1466 non
1045 1420 1353 1476 exhorreant,
1399 1427 1450 1465 ut
1487 1420 1819 1476 exterminent,
1865 1426 1916 1466 ut

290 1489 526 1552 abripiant
540 1490 612 1548 4),
644 1497 695 1534 ut
724 1505 753 1535 a
783 1488 875 1536 fide
907 1488 1175 1536 excludant.
1238 1488 1394 1535 Habes
1426 1485 1660 1546 caussam,
1702 1504 1791 1552 qua
1822 1505 1915 1535 non

291 1558 500 1615 dubites,
548 1559 720 1605 nullum
765 1558 1028 1605 huiusmodi
1072 1558 1412 1606 matrimonium
1442 1574 1669 1622 prospere
1702 1558 1914 1618 decurri3

295 1627 443 1691 [dum]
477 1643 505 1674 a
534 1628 656 1674 malo
691 1629 992 1685 conciliatur,
1024 1644 1053 1674 a
1083 1627 1271 1674 domino
1302 1644 1418 1675 vero
1451 1627 1709 1675 damnatur.

435 1702 483 1747 8.
543 1695 619 1743 Ad
650 1697 741 1744 hoc
775 1714 1071 1760 quaeramus,
1119 1715 1178 1745 an
1221 1698 1346 1755 iure,
1394 1698 1523 1761 quasi
1561 1713 1729 1744 revera
1761 1697 1942 1761 dispe-⁴

292 1776 451 1815 ctores
483 1766 741 1813 divinarum
773 1768 1125 1815 sententiarum.
1199 1766 1370 1814 Non-ne
1411 1769 1550 1814 etiam
1586 1783 1732 1831 penes
1763 1769 1916 1814 natio-

290 1853 374 1883 nes
420 1837 705 1884 severissimi
752 1838 919 1900 quique
973 1836 1149 1884 domini
1202 1844 1251 1883 et
1303 1835 1578 1900 disciplinae
1630 1838 1919 1884 tenacissimi

291 1907 438 1953 servis
470 1907 564 1953 suis
594 1906 724 1954 foras
754 1907 932 1954 nubere
970 1906 1287 1954 interdicunt?
1352 1907 1537 1954 scilicet
1581 1921 1639 1953 ne
1684 1907 1731 1952 in
1777 1908 1916 1954 lasci-

288 1978 410 2022 viam
444 1974 700 2034 excedant,
751 1977 910 2024 officia
955 1975 1197 2034 deserant,
1245 1975 1478 2024 dominica
1524 1977 1762 2023 extraneis
1804 1993 1918 2041 pro-

289 2055 430 2092 mant.
491 2045 663 2093 Nonne
694 2047 886 2110 insuper
917 2055 1201 2094 censuerunt
1230 2047 1443 2093 servituti
1472 2045 1804 2104 vindicandos,
1838 2047 1918 2110 qui

291 2132 394 2162 cum
426 2116 592 2162 alienis
637 2118 784 2163 servis
823 2126 931 2180 post
970 2116 1261 2166 dominorum
1293 2115 1691 2163 denuntiationem
1723 2116 1771 2162 in
1803 2132 1917 2163 con-

290 2184 535 2231 suetudine
566 2189 1020 2248 perseveraverunt?
1075 2185 1354 2233 Severiores
1378 2186 1674 2232 habebuntur
1694 2194 1917 2233 terrenae

290 2253 566 2316 disciplinae
600 2255 885 2302 coelestibus
914 2256 1251 2318 praescriptis?
1308 2264 1359 2301 ut
1389 2256 1589 2317 gentiles
1617 2254 1801 2318 quidem
1833 2265 1916 2307 ex-

287 2324 467 2370 traneis
497 2323 685 2370 iunctae
720 2324 985 2370 libertatem
1016 2341 1142 2371 suam
1176 2324 1410 2380 amittant,
1443 2333 1634 2371 nostrae
1664 2339 1780 2371 vero
1813 2323 1915 2371 dia-

287 2391 386 2438 boli
425 2408 587 2440 servos
627 2393 714 2439 sibi
761 2394 1048 2456 coniungant
1101 2402 1149 2440 et
1191 2394 1239 2438 in
1284 2401 1406 2439 statu
1451 2409 1534 2440 suo
1578 2398 1914 2457 perseverent?

289 2460 488 2509 Scilicet
517 2463 757 2524 negabunt
787 2463 875 2509 sibi
905 2479 934 2509 a
964 2462 1151 2509 domino
1183 2478 1269 2525 per
1299 2464 1560 2526 apostolum
1592 2462 1800 2511 eiusdem
1831 2463 1942 2511 de-'

287 2533 561 2578 nuntiatum.
640 2532 785 2590 Quam
830 2532 964 2579 huius
1010 2533 1240 2579 amentiae
1287 2548 1497 2579 caussam
1529 2531 1786 2589 detineam,
1825 2528 1912 2580 nisi

287 2600 398 2647 fidei
429 2601 799 2649 imbecillitatem
828 2618 1023 2665 pronam
1070 2617 1255 2665 semper
1297 2603 1344 2650 in
1377 2603 1806 2665 concupiscentiam
1838 2619 1912 2651 se·

289 2671 512 2718 cularium
545 2671 852 2733 gaudiorum?
911 2670 1045 2730 Quod
1078 2671 1261 2735 quidem
1291 2672 1534 2735 plurimum
1564 2673 1611 2718 in
1636 2673 1913 2720 lautioribus

288 2739 630 2803 deprehensum
682 2750 776 2800 est,
839 2757 943 2789 nam
997 2751 1168 2805 quanto
1223 2740 1352 2789 dives
1406 2743 1561 2805 aliqua
1613 2751 1685 2789 est
1736 2751 1911 2790 matro-
1938 2761 1942 2785 .-

400 2949 445 2997 1)
467 2952 527 2988 Ita
543 2950 582 2987 h.
599 2951 626 2988 1.
645 2951 806 2989 emend.
822 2953 870 2989 A.
886 2953 1095 2991 Neander.
1123 2954 1303 3000 Optime.
1327 2953 1434 3002 Rig„
1460 2963 1581 2999 quem
1601 2953 1643 2990 in
1662 2952 1814 2990 ceteris
1840 2964 1908 2991 se·

286 3005 375 3042 cuti
402 3017 564 3045 sumus:
603 3011 824 3046 vocatus
858 3008 953 3046 il'le
990 3009 1047 3046 de
1086 3011 1330 3057 gentibus
1362 3009 1556 3047 terrori
1588 3012 1668 3046 est
1697 3009 1907 3057 gentil&

286 3061 331 3109 2)
363 3061 453 3109 Rig.
480 3073 504 3098 a
533 3063 669 3100 Malo
701 3064 1025 3102 inferuntur.
1154 3066 1198 3114 3)
1231 3066 1363 3103 Rhen.
1394 3064 1570 3112 aliique:
1613 3065 1719 3102 Hoc
1767 3064 1906 3113 signi
1936 3089 1939 3090 ν

284 3116 387 3155 erit
420 3120 473 3154 ut
504 3118 658 3166 solis,
692 3121 826 3165 quod
857 3121 985 3159 solis
1016 3121 1333 3168 petitoribus
1368 3121 1428 3168 pl.
1453 3123 1534 3158 etc.
1613 3120 1657 3168 4)
1684 3119 1814 3157 Rhen.
1851 3122 1905 3159 ut
1940 3152 1942 3155 .

284 3175 474 3211 exerta
504 3174 751 3224 eminent,
787 3176 869 3225 (ed.
890 3179 917 3214 Ι.
951 3179 1139 3215 exerte
1170 3174 1450 3228 animent,)
1483 3179 1537 3214 ut
1568 3175 1846 3224 arripiant.
