1942 3554
573 175 656 214 DE
686 174 1133 212 {DOLOLATR1A.
1607 174 1674 224 ,ῃ

29 325 101 372 *et
119 311 337 386 exempla
366 317 619 366 adimentia
649 316 733 364 tibi
765 331 947 363 omnem
981 316 1344 364 caussationem.
1395 316 1516 375 Quid
1549 318 1672 364 enim

28 393 195 453 sdfieis?
247 389 430 455 Egebo.
513 386 610 436 Sed
663 387 833 435 felices
887 402 1068 450 egenos
1113 386 1328 434 domiuus
1382 387 1670 451 appellatl).

32 462 232 513 ‘Victum
263 478 356 509 non
386 458 596 507 habebo:
638 457 723 505 sed
755 458 927 515 nolite,
962 458 1132 522 inquit,
1168 459 1384 520 cogitare
1419 457 1478 506 de
1510 459 1666 518 victu3

40 542 95 583 et
121 533 320 583 vestitus
348 530 570 579 babemus
602 529 866 593 exemplum
892 528 990 575 lilia
1005 529 1065 591 2).
1115 528 1388 576 Substantia
1412 529 1523 576 mihi
1550 546 1670 593 opus

39 613 172 654 eratz
209 603 368 669 atquin
394 601 547 648 omnia
570 598 818 649 vendenda
842 608 949 646 sunt
975 608 1023 647 et
1048 599 1300 664 egentibus
1326 598 1579 648 dividenda
1595 601 1665 660 3).

24 673 141 725 ‘Sed
171 675 281 724 liliis
311 682 360 722 et
386 671 652 737 posteritati
690 668 1058 735 providendum:
1107 687 1246 718 nemo
1286 680 1445 718 aratro
1486 687 1670 719 manum

36 748 284 812 imponens
315 753 365 792 et
392 751 522 791 retro
553 750 772 806 spectans
803 749 938 805 aptus
972 750 1045 789 est
1076 742 1210 806 operi
1226 742 1287 803 4).
1364 740 1463 789 Sed
1503 741 1670 790 condi-

44 816 230 870 tionalis
259 831 410 864 eram:
457 830 594 862 nemo
628 811 807 860 duobus
841 811 1041 860 dominis
1083 814 1266 860 servire
1299 813 1534 877 potest5).
1615 811 1668 860 Si

44 888 112 936 vis
139 885 314 935 domini
345 883 598 949 discipulus
630 900 760 942 esse,
797 899 986 931 crucem
1020 892 1143 931 tuam
1175 883 1315 931 tollas
1349 891 1398 930 et
1429 882 1667 931 domiuum

31 957 255 1024 ‘sequaris
283 971 482 1004 necesse
516 954 674 1013 est⁶)‚
709 953 757 1001 id
790 963 879 1012 est,
915 955 1155 1018 angustias
1190 963 1239 1002 et
1270 955 1509 1003 cruciatus
1542 963 1664 1013 tuos,

32 1029 130 1079 vel.
161 1044 331 1092 corpus
370 1026 542 1085 solum,
590 1024 715 1090 quod
754 1028 799 1072 iu
840 1024 1024 1072 modum
1065 1026 1220 1073 crucis
1261 1034 1358 1085 est3
1423 1035 1664 1090 parentes,

31 1100 289 1164 coniuges,
336 1097 474 1146 liberi
511 1105 709 1160 propter
746 1094 883 1143 deum
915 1095 1214 1160 relinquendi
1247 1105 1400 1144 eruut.
1476 1096 1549 1144 De
1589 1113 1667 1143 ar-

35 1165 161 1219 tibtts
192 1178 242 1218 et
270 1166 696 1234 negotiationibus,
732 1175 780 1214 et
811 1165 868 1214 de
899 1166 1276 1230 professionibus
1311 1169 1452 1215 etiam
1485 1167 1666 1215 libero-

39 1257 136 1288 rum
162 1249 210 1288 et
233 1247 476 1304 parentum
502 1254 668 1285 caussa
692 1236 908 1284 dubitas?
942 1237 1035 1284 Iam
1060 1246 1169 1285 tunc
1197 1237 1566 1285 demonstratum
1593 1247 1667 1285 est

39 1310 173 1358 nobis
198 1319 247 1357 et
270 1311 467 1374 pignora
493 1317 542 1356 et
564 1307 765 1356 artificia
796 1316 846 1355 et
882 1308 1078 1372 negotia
1101 1317 1296 1372 propter
1320 1308 1556 1356 dominum
1581 1307 1665 1356 de-

19 1379 365 1445 relinquenda,
419 1396 522 1427 cum
561 1377 762 1427 Iacobus
800 1387 849 1425 et
886 1378 1086 1426 Ioannes
1124 1380 1282 1426 vocati
1320 1396 1347 1437 a
1386 1378 1574 1427 domino
1615 1388 1665 1427 et

32 1460 212 1516 patrem
251 1466 510 1514 navemque
551 1447 974 1513 derelinquunt⁷);
1027 1466 1130 1497 cum
1167 1449 1438 1498 Matthaeus
1485 1449 1543 1499 de
1590 1459 1665 1498 te-

25 1524 172 1570 loneo
203 1522 458 1569 suscitatur
473 1520 542 1583 ⁸);
594 1536 697 1567 cum
731 1520 870 1567 etiam
903 1520 1113 1583 sepelire
1144 1529 1324 1584 patrem
1359 1520 1542 1569 tardum
1574 1522 1664 1568 fuit

23 1590 224 1652 fidem.
296 1590 449 1639 Nemo
482 1606 666 1648 eorum,
714 1607 832 1654 quos
865 1589 1078 1638 dominus
1117 1591 1303 1656 allegit,
1360 1609 1454 1640 non
1486 1591 1658 1651 habeo,

0 1686 6 1728 j
34 1662 174 1722 dixit,
220 1679 311 1727 quo
342 1663 508 1710 vivam.
586 1660 726 1709 Fides
758 1661 927 1709 famem
958 1678 1051 1708 non
1083 1662 1239 1722 timet3
1295 1664 1387 1711 scit
1418 1665 1558 1712 etiam
1590 1665 1661 1711 fa·

0 1729 149 1805 lmen
185 1749 279 1781 non
317 1734 467 1780 minus
506 1731 593 1780 sibi
634 1731 1026 1780 contemnendam
1064 1742 1265 1797 propter
1311 1733 1471 1793 deum,
1521 1752 1659 1799 quam

0 1809 166 1869 lzomne
200 1804 363 1852 mortis
396 1819 559 1868 genus.
636 1801 816 1850 Didicit
853 1819 947 1850 non
985 1805 1230 1866 respicere
1269 1806 1434 1863 vitam,
1483 1814 1657 1869 quanto

0 1872 178 1940 magis
209 1876 412 1923 victum?
472 1873 851 1937 Quotusquisque
884 1874 1003 1921 haec
1044 1872 1347 1938 adimplevit?
1407 1874 1506 1923 Sed
1537 1892 1656 1940 quae

0 1929 3 2007 l
30 1962 176 2010 penes
205 1945 418 1993 homines
450 1942 679 2002 difficilia,
713 1959 860 2007 penes
894 1942 1028 1992 deum
1062 1944 1334 2008 facilia10).

0 2010 1 2019 ³
171 2019 253 2068 13.
308 2014 388 2063 Sic
434 2023 588 2063 tamen
635 2014 772 2061 nobis
819 2013 876 2062 de
923 2015 1278 2064 mansuetudine
1319 2025 1367 2064 et
1405 2017 1654 2065 clementia

0 2087 107 2139 edei
135 2085 449 2144 blandiamur,
483 2095 533 2132 ut
562 2101 656 2132 non
689 2100 833 2149 usque
866 2085 925 2132 ad
956 2084 1256 2134 idololatriae
1289 2086 1539 2135 affinitates
1572 2104 1656 2136 ne-

27 2156 326 2218 cessitatibus
357 2157 635 2221 largiamur3
671 2154 756 2203 sed
787 2172 970 2204 omnem
1002 2157 1203 2205 afflatum
1236 2158 1337 2205 eius
1368 2159 1472 2206 vice
1504 2161 1653 2224 pestis

0 2229 167 2279 etiam
196 2226 257 2277 de
289 2228 546 2293 longinquo
580 2226 863 2284 devitemus,
912 2244 1003 2275 non
1045 2228 1116 2275 bis
1148 2237 1323 2276 tantum
1363 2246 1482 2293 quae
1513 2246 1653 2294 prae-

0 2295 255 2361 vafinus,
287 2297 374 2348 sed
403 2300 449 2346 in
482 2299 700 2346 universa
729 2299 855 2345 serie
888 2299 1114 2347 humanae
1148 2301 1516 2364 superstitionis,
1550 2302 1651 2349 sive

0 2366 134 2428 hd&
156 2370 276 2429 suis,
327 2371 427 2418 sive
467 2367 726 2427 defunctis,
773 2370 871 2417 sive
911 2369 1104 2434 regibus
1143 2372 1564 2435 mancipatae,ssut
1593 2370 1654 2420 ad

16 2435 221 2498 enodem
249 2441 440 2505 spiritus
471 2439 730 2488 immundos
760 2442 1066 2504 pertinentis,
1114 2440 1254 2489 modo
1293 2458 1382 2505 per
1413 2442 1652 2491 sacrificia

3 2518 83 2559 “et
101 2510 395 2570 sacerdotia,
444 2510 582 2558 modo
614 2526 703 2575 per
741 2512 1016 2576 spectacula
1063 2521 1112 2559 et
1150 2512 1241 2560 hoc
1281 2527 1454 2576 genus,
1509 2511 1651 2561 modo

0 2595 117 2648 Ῥω
142 2581 288 2641 festos
319 2581 436 2631 dies.
514 2580 611 2630 Sed
650 2580 708 2629 de
747 2582 994 2630 sacrificiis
1034 2591 1083 2629 et
1120 2581 1178 2629 de
1218 2581 1500 2631 sacerdotiis
1540 2583 1652 2649 quid

29 2651 223 2719 loquar?
294 2653 365 2702 De
418 2653 700 2718 spectaculis
759 2662 915 2701 autem
962 2661 1010 2699 et
1054 2652 1370 2716 voluptatibus
1418 2655 1649 2703 eiusmodi

10 2735 159 2773 aum
188 2723 279 2771 iam
307 2724 522 2772 volumen
555 2723 863 2787 implevimus.
914 2723 1016 2770 Hoc
1049 2723 1157 2770 loco
1183 2726 1435 2772 retractari
1461 2735 1651 2789 oportet

0 2789 91 2842 {ab
134 2793 268 2842 festis
311 2793 497 2853 diebus,
561 2803 608 2841 et
653 2794 756 2841 aliis
803 2791 1192 2841 extraordinariis
1238 2795 1646 2855 sollemnitatibus,

20 2990 23 2994 “
52 2990 115 3041 ²51³.
141 2989 184 3040 1)
211 2990 362 3029 Matth.
391 2992 429 3039 5,
458 2993 494 3030 3.
641 2994 684 3041 2)
715 2993 867 3030 Matth.
895 2995 934 3037 6,
964 2994 1030 3029 25.
1059 2994 1124 3028 28.
1269 2993 1312 3041 3)
1347 2995 1446 3031 Luc.
1473 2996 1542 3040 18,
1577 2997 1646 3032 22.

77 3046 81 3050 ⁴
138 3049 258 3096 nmo,
277 3044 344 3085 62.
447 3049 490 3095 5)
521 3050 725 3097 Manno,
747 3051 814 3086 24.
919 3046 964 3096 6)
995 3049 1144 3086 Matth.
1163 3052 1229 3098 16,
1250 3052 1315 3087 24.
1419 3051 1465 3098 τ)
1495 3052 1648 3087 Matth.

107 3149 117 3154 ⁸
180 3105 246 3142 22.
363 3104 407 3150 8)
438 3105 588 3142 Matth.
608 3109 647 3153 9,
674 3109 710 3142 9.
828 3104 879 3156 9)
912 3105 1061 3142 Matth.
1079 3107 1126 3155 8,
1155 3108 1206 3143 21
1226 3118 1285 3154 sq.
1331 3108 1431 3145 Luc.
1451 3110 1490 3155 9,
1518 3110 1568 3143 59
1589 3119 1649 3152 sq.

134 3157 234 3199 Luc.
251 3162 318 3210 18,
337 3161 403 3198 26.
422 3162 488 3198 27.
