1942 3554
298 225 425 271 184
710 225 795 264 DE
823 223 1092 263 IEIUNHS
1121 221 1262 262 Anv.
1291 220 1502 261 rsrcn.
1570 212 1655 295 Q

300 341 425 388 neris
455 338 641 385 humani
674 337 916 384 suffecisse
948 353 1084 383 unam
1114 336 1300 384 interim
1331 335 1485 398 legem
1508 351 1536 381 a
1558 332 1783 397 sanguine
1800 333 1906 382 abs-

299 407 497 465 tinendi,
544 408 771 471 permisso
818 422 902 454 usu
941 416 1222 455 ceterorum.
1292 406 1388 455 Iam
1418 406 1540 453 enim
1571 404 1790 452 iudicium
1821 393 1908 451 do-

295 481 443 526 minus
491 477 764 525 ostenderat
808 493 894 541 per
933 476 1174 535 diluvium,
1221 475 1373 525 adhuc
1419 477 1559 524 etiam
1603 475 1915 531 ¹comminatus·

294 551 448 596 fuerat
477 564 563 611 per
594 549 949 612 exquisitionem
995 549 1232 611 sanguinis
1278 546 1335 594 de
1381 564 1516 595 manu
1561 547 1719 594 fratris
1763 552 1811 592 et
1849 542 1907 592 de

294 636 429 666 manu
459 619 639 666 bestiae
687 620 834 666 omnis
850 621 913 680 1).
988 619 1150 683 Itaque
1195 619 1415 665 iustitiam
1461 617 1619 665 iudicii
1657 615 1928 680 praemini-.

293 699 445 737 straus
475 691 715 736 materiam
748 690 978 737 libertatis
1009 691 1183 747 emisit,
1223 705 1310 753 per
1337 690 1520 736 veniam
1550 702 1804 751 supparans
1836 684 1909 732 ‹li-

293 762 558 824 sciplinam,
604 762 878 824 permittens
926 762 1101 818 omnia,
1154 768 1206 807 ut
1249 757 1461 807 demeret
1505 757 1751 825 quaedam,
1805 756 1906 819 plus

293 840 565 889 exacturus,
614 833 650 878 si
695 832 798 894 plus
830 833 1159 888 commisisset,
1207 830 1553 877 abstinentiam
1579 829 1904 892 imperaturus,

293 917 397 952 cum
427 901 762 964 indulgentiam
791 903 1102 966 permisisset,
1137 918 1225 965 quo
1257 902 1424 963 magis,
1471 908 1523 947 ut
1552 899 1764 957 diximus,
1810 899 1919 962 pri--

292 971 519 1020 mordiale
565 972 786 1019 delictum
833 974 1104 1036 expiaretur
1147 973 1335 1019 maioris
1381 971 1690 1021 abstinentiae
1737 986 1906 1034 opera·

291 1043 420 1090 tione
452 1044 499 1089 in
530 1044 718 1090 maioris
750 1042 970 1090 licentiae
1004 1043 1272 1091 occasione.

432 1118 479 1163 5.
539 1113 750 1175 Denique
782 1114 859 1160 ubi
890 1115 978 1160 i'am
1012 1122 1060 1160 et
1103 1114 1342 1160 familiaris
1387 1113 1582 1176 populus
1627 1112 1767 1175 allegi
1801 1111 1903 1159 *deo

292 1185 452 1246 coepit
481 1192 530 1230 et
559 1184 795 1230 restitutio
827 1184 1026 1230 hominis
1057 1183 1197 1230 imbui
1226 1185 1400 1247 potuit,
1447 1192 1556 1229 tunc
1602 1184 1732 1245 leges
1764 1181 1905 1230 disci-

290 1255 537 1317 plinaeque
571 1269 731 1300 omnes
763 1255 1033 1317 impositae,
1067 1255 1207 1301 etiam
1240 1267 1357 1318 quae
1390 1253 1704 1316 decerperent
1733 1255 1906 1300 victum

290 1323 518 1388 ademptis
550 1323 819 1387 quibusdam
850 1326 993 1372 veluti
1023 1321 1289 1383 immundis,
1323 1341 1412 1388 quo
1444 1325 1626 1372 facilius
1657 1322 1907 1387 aliquando

289 1395 463 1443 ieiunia
508 1396 739 1443 toleraret
783 1395 920 1442 homo
965 1404 1195 1459 perpetua
1237 1396 1286 1441 in
1325 1395 1593 1459 quibusdam
1625 1395 1906 1442 abstinentia

291 1482 412 1512 usus.
473 1462 592 1512 Nam
639 1475 687 1513 et
728 1468 902 1530 primus
944 1467 1143 1530 populus
1185 1466 1322 1532 primi
1363 1460 1560 1514 hominis
1589 1465 1908 1529 resculpserat

290 1538 489 1594 crimen,
521 1538 717 1600 pronior
745 1538 898 1584 ventri
931 1554 1064 1601 quam
1096 1535 1186 1586 deo
1219 1537 1560 1601 deprehensus,
1595 1554 1696 1585 cum
1729 1535 1786 1584 de
1819 1535 1903 1583 du-

288 1609 398 1654 ritia
428 1606 694 1671 Aegyptiae
728 1609 965 1655 servitutis
994 1607 1149 1655 valida
1179 1625 1316 1658 manu
1361 1607 1437 1656 dei
1483 1617 1532 1656 et
1575 1608 1763 1656 sublimi
1796 1607 1905 1654 bra-

290 1679 396 1725 chio
429 1687 618 1742 ereptus
650 1677 860 1726 dominus
893 1681 991 1726 eius
1020 1680 1144 1727 visus
1176 1688 1262 1738 est,
1295 1688 1345 1726 et
1369 1688 1524 1727 terrae
1550 1679 1671 1727 lacte
1694 1687 1743 1726 et
1764 1677 1904 1726 melle

289 1750 494 1795 mananti
525 1747 808 1806 destinatus,
841 1751 994 1797 statim
1026 1759 1178 1798 autem
1210 1749 1473 1798 solitudinis
1502 1750 1777 1814 incopiosae
1811 1750 1905 1797 eir·

290 1829 559 1882 cumspectu
598 1818 963 1877 scandalizatus,
1009 1822 1268 1868 saturitatis
1310 1821 1578 1885 Aegyptiae
1624 1819 1906 1869 detrimenta

288 1892 525 1954 suspirans
557 1892 603 1937 in
633 1891 831 1955 Moysen
871 1901 920 1938 et
948 1889 1111 1939 Aaron
1150 1893 1430 1940 mussitavit:
1479 1890 1659 1938 Utinam
1707 1891 1909 1938 obiisse-

286 1978 387 2008 mus
419 1963 630 2025 percussi
660 1979 689 2009 a
721 1960 908 2009 domino
940 1964 986 2009 in
1018 1971 1145 2011 terra
1174 1961 1406 2027 Aegypti,
1447 1961 1631 2027 quando
1662 1978 1803 2027 super
1833 1961 1905 2008 ol-

286 2032 356 2078 las
389 2033 596 2079 carnium
627 2031 902 2080 sedebamus
934 2042 983 2081 et
999 2050 1156 2096 panes
1200 2035 1247 2082 in
1292 2033 1638 2098 plenetudinem
1685 2032 1904 2082 comede-

285 2102 463 2149 bamus.
532 2102 775 2160 Quomodo
792 2105 837 2161 2)
887 2103 1087 2152 eduxisti
1132 2121 1217 2153 nos
1261 2107 1308 2151 in
1353 2105 1471 2152 haec
1518 2104 1706 2152 deserta
1744 2104 1806 2152 ad
1833 2105 1904 2151 in-

287 2172 610 2219 terficiendam
662 2189 950 2237 synagogam
1002 2175 1136 2223 istam
1188 2176 1308 2222 fame
1326 2176 1412 2236 ³)?
1497 2174 1673 2223 Eadem
1724 2177 1903 2224 ventris

286 2243 581 2307 praelatione
627 2242 955 2306 deploraturus
1001 2254 1105 2291 erat
1150 2244 1339 2294 eosdem
1384 2244 1528 2294 duces
1573 2261 1680 2294 suos
1731 2254 1781 2294 et
1824 2245 1903 2292 dei

287 2314 513 2370 arbitroS,
561 2327 675 2377 quos
707 2313 944 2361 desiderio
992 2316 1146 2362 carnis
1190 2323 1239 2363 et
1280 2314 1534 2363 recordatu
1562 2313 1901 2380 Aegyptiarum

289 2386 528 2448 copiarum
560 2384 892 2431 exacerbabat.
969 2385 1080 2444 Quis
1126 2402 1212 2435 nos
1243 2394 1405 2433 vescet
1443 2388 1616 2434 carne?
1671 2395 1903 2434 venerunt

287 2456 334 2501 in
366 2462 567 2501 mentem
597 2455 731 2502 nobis
761 2455 939 2518 pisces,
980 2472 1094 2520 quos
1124 2456 1172 2503 in
1200 2454 1422 2521 Aegypto
1455 2455 1705 2504 edebamus
1737 2458 1900 2520 gratis,

287 2534 337 2572 et
368 2541 641 2572 cucumeres
673 2534 720 2573 et
749 2541 959 2590 pepones
990 2535 1039 2575 et
1067 2527 1198 2591 porri
1229 2535 1278 2574 et
1308 2542 1433 2591 cepe
1456 2535 1506 2575 et
1527 2527 1652 2574 allia.
1690 2526 1757 2574 At
1781 2538 1911 2608 nune

287 2596 441 2643 anima
471 2605 632 2643 nostra
662 2596 810 2654 arida,
843 2597 956 2646 nihil
980 2598 1129 2658 n1s14)
1156 2614 1320 2645 manna
1342 2596 1503 2645 vident
1526 2595 1654 2645 oculi
1673 2580 1911 2660 11031115).Ὶῐ

287 2666 358 2714 Ita
389 2675 438 2713 et
466 2667 558 2714 illis
587 2667 911 2731 xerophagiae
941 2684 1087 2733 panes
1117 2668 1322 2732 angelici
1367 2662 1699 2732 displicebant,
1746 2670 1904 2718 allium

286 2739 443 2819 potin-s
476 2746 525 2784 et
555 2754 695 2801 cepe,
730 2755 863 2802 quam
896 2739 1078 2787 coelum
1116 2739 1331 2802 fragrare
1375 2739 1624 2787 malebant.
1697 2737 1759 2786 Et
1792 2738 1902 2787 ideo

285 2815 382 2854 tam
412 2809 608 2871 ingratis
639 2810 850 2871 gratiora
881 2817 930 2856 et
959 2809 1277 2860 esculentiora
1308 2825 1517 2874 quaeque
1543 2808 1759 2858 detracta
1781 2818 1903 2868 sunt,

286 2877 551 2942 puniendae
583 2880 715 2926 simul
747 2881 884 2942 gulae
924 2888 972 2927 et
1014 2879 1313 2940 exercendae
1359 2881 1675 2953 continentiae
1722 2896 1904 2940 caussa,

286 2956 339 2994 ut
368 2948 446 2994 illa
478 2949 797 3007 damnaretur,
829 2951 920 2997 ista
948 2950 1230 3000 erudiretur.

404 3117 448 3166 1)
480 3117 582 3156 Gen.
614 3121 662 3170 9,
693 3122 731 3159 5.
847 3121 892 3168 2)
922 3121 1026 3160 Alii:
1056 3121 1313 3169 quoniam.
1441 3119 1486 3171 3)
1516 3121 1652 3162 Exod.
1680 3123 1755 3170 16,
1787 3122 1812 3157 2
1841 3130 1899 3166 ⁸¹1·

291 3175 335 3225 4)
353 3172 458 3213 Alii:
490 3174 615 3214 siue,
731 3173 776 3228 5)
793 3177 915 3215 Num.
933 3181 998 3227 11,
1015 3177 1042 3217 4
1059 3190 1147 3226 sqq.
