1942 3554
1815 0 1929 71 Ἤ

1895 71 1925 95 ’ΐὲ

297 234 422 279 216
678 233 761 270 DE
790 232 1160 270 VIRGlNlssUs
1192 231 1532 272 VELAND1S.
1913 238 1925 281 ς.

297 357 347 397 et
375 344 571 411 perduci
603 343 662 390 ad
692 353 873 407 partum
904 347 1116 407 integros
1148 343 1357 403 duxerit,
1404 342 1666 394 debellatos
1695 345 1925 410 aliquamff

297 419 377 466 diu
408 433 436 463 a
466 415 705 462 matribus.
768 415 1007 462 Facillime
1039 431 1225 479 semper
1270 415 1542 479 concipiunt
1571 425 1620 472 et
1648 416 1927 487 felic-issimq

230 500 236 507 ·
295 489 483 553 pariunt
512 485 776 533 huiusmodi
804 487 1038 549 virgines,
1085 485 1348 550 etquidem
1392 485 1649 534 simillimos
1692 488 1924 571 patribus}

294 559 425 606 Haec
472 555 675 604 admittit
719 557 897 619 flagitia
942 565 1111 604 coacta
1156 565 1205 603 et
1247 557 1453 615 invita1)
1493 558 1754 622 virginitas.
1815 547 1937 636 Ipse&

295 628 683 692 concupiscentia
714 644 806 674 non
837 626 1015 674 latendi
1046 643 1138 674 non
1171 636 1243 675 est
1271 626 1467 691 pudica,
1513 628 1691 692 patitur
1728 627 1923 753 aliqui&

295 698 419 764 quod
463 699 658 761 virginis
706 715 799 744 non
831 699 912 756 sit,
961 697 1160 745 studium
1204 697 1449 762 placendi,
1493 700 1748 762 utique.et
1790 700 1880 747 viri
1930 740 1932 744 ,

296 771 525 830 Quantum
555 769 694 826 velis,
742 768 868 816 bona
898 777 1053 816 mente
1086 777 1306 827 conetur,
1353 785 1550 816 necesse
1596 777 1668 817 est
1711 770 1937 839 publica}

294 843 423 888 tione
455 841 525 887 sui
555 840 874 903 periclitetur,
908 838 1013 886 dum
1044 840 1307 902 percutitur
1337 841 1486 888 oculis
1517 841 1711 889 incertis
1737 848 1786 887 et
1807 841 1930 890 muk-

294 913 378 969 tis,
411 910 518 958 dum
551 909 712 972 digitis
744 909 1158 964 demonstrantium
1189 911 1420 967 titillatur,
1454 909 1560 957 dum
1586 911 1772 967 nimium
1796 917 1930 958 ama-'⁵v

295 992 394 1040 tur,
429 981 536 1029 dum
567 982 693 1027 inter
722 981 961 1044 amplexus
993 989 1042 1027 et
1073 981 1235 1027 oscula
1265 980 1452 1028 assidua
1483 981 1788 1029 concalescit.
1841 979 1922 1031 Sic

295 1054 430 1100 frons
462 1052 679 1109 duratur,
713 1052 781 1098 sic
811 1050 964 1115 pudor
993 1052 1184 1109 teritur,
1231 1052 1299 1099 sic
1344 1052 1562 1110 solvitur,
1611 1053 1681 1099 sic
1727 1050 1929 1099 discitur

295 1124 435 1171 aliter
464 1123 555 1169 iam
585 1122 776 1184 placere
809 1120 1098 1168 desiderare.

440 1197 520 1243 15.
585 1190 682 1238 Sed
728 1192 850 1238 enim
894 1207 1008 1238 vera
1052 1199 1100 1238 et
1144 1199 1244 1239 tota
1288 1200 1338 1238 et
1380 1207 1497 1256 pura
1532 1193 1777 1255 virginitas
1808 1193 1937 1240 nihil.

295 1265 443 1326 magis
488 1264 644 1320 timet,
693 1278 827 1325 quam
874 1262 1193 1324 semetipsam3
1249 1263 1388 1309 etiam
1432 1263 1707 1310 feminarum
1761 1263 1933 1312 oculos-

296 1336 394 1400 pati
425 1350 519 1380 non
549 1333 669 1391 vult,
702 1333 820 1380 alios
850 1333 951 1396 ipsa
983 1333 1147 1379 oculos
1178 1332 1344 1392 hahet3
1378 1334 1592 1396 confugit
1621 1332 1682 1381 ad
1710 1333 1934 1387 velamen·

299 1406 465 1469 capitis
498 1405 628 1468 quasi
659 1402 718 1450 ad
750 1403 954 1466 galeam,
989 1404 1118 1466 quasi
1143 1402 1202 1450 ad
1227 1404 1466 1468 clypeum,
1499 1402 1576 1467 qui
1599 1403 1770 1452 bonum
1796 1404 1938 1453 suum

296 1484 522 1541 protegat
551 1474 776 1523 adversus
807 1472 928 1521 ictus
960 1475 1292 1532 tentationum,
1339 1473 1563 1522 adversus
1602 1475 1757 1522 iacula
1788 1489 1924 1525 scau.—

299 1547 534 1603 dalorum,
568 1545 792 1593 adversus
824 1545 1117 1609 suspiciones
1148 1554 1197 1592 et
1226 1561 1442 1592 susurros
1473 1554 1522 1592 et
1546 1545 1924 1603 aemulationem,

296 1620 447 1682 ipsum
479 1633 662 1680 quoque
695 1618 905 1663 livorem.
966 1615 1086 1662 Nam
1119 1625 1191 1663 est
1221 1615 1396 1679 aliquid
1427 1618 1566 1663 etiam
1612 1614 1734 1680 apud
1773 1615 1942 1675 ethni--

299 1706 383 1736 cos
414 1687 735 1744 metuendum,
769 1686 893 1750 quod
923 1687 1150 1734 fascinum
1180 1695 1377 1744 vocant,
1424 1687 1737 1734 infeliciorem
1777 1685 1923 1734 laudis

300 1769 349 1807 et
380 1759 561 1822 gloriae
595 1758 875 1805 enormioris
907 1766 1137 1804 eventum.
1215 1757 1316 1804 Hoc
1356 1773 1443 1803 nos
1474 1756 1704 1805 interdum
1735 1755 1922 1804 diabolo

298 1833 687 1894 interpretamur3
735 1829 880 1892 ipsius
919 1836 992 1875 est
1022 1830 1143 1876 enim
1175 1828 1286 1875 boni
1334 1826 1512 1887 odium3
1559 1826 1790 1889 interdum
1835 1825 1937 1875 deo

300 1901 591 1965 deputamus.
653 1899 781 1946 Illius
813 1908 885 1946 est
916 1900 1038 1947 enim
1069 1899 1318 1963 superbiae
1364 1897 1610 1960 iudicium,
1657 1898 1921 1946 extollentis

299 1973 496 2019 humiles
527 1980 577 2019 et
607 1970 911 2035 deprimentis
943 1970 1094 2018 elatos
1111 1971 1175 2030 2).
1235 1969 1438 2017 Timebit
1460 1969 1624 2033 >itaque
1653 1970 1789 2032 virgo
1821 1984 1905 2016 san

302 2045 446 2099 ctior,
478 2043 554 2089 vel
585 2043 632 2088 in
664 2043 849 2088 nomine
880 2042 1073 2098 fascini,
1106 2040 1216 2087 hinc
1248 2039 1592 2098 adversarium,
1625 2038 1733 2087 inde
1765 2037 1918 2095 deum:

300 2115 423 2160 illius
456 2111 644 2160 lividum
675 2113 934 2174 ingenium,
968 2112 1101 2158 huius
1134 2113 1398 2159 censorium
1431 2112 1609 2169 lumem
1657 2118 1706 2157 et
1749 2108 1918 2172 gaude-

300 2185 392 2241 bit,
425 2183 514 2230 sibi
545 2184 634 2230 soli
666 2190 715 2229 et
745 2182 835 2229 deo
868 2191 1003 2239 nota,
1037 2181 1120 2229 sed
1153 2183 1241 2229 etsi
1273 2183 1348 2229 cui
1379 2182 1657 2238 innotuerit,
1698 2181 1841 2244 sapit,
1887 2182 1918 2226 si

304 2253 640 2301 tentationibus
693 2252 888 2315 gradum
941 2253 1228 2299 obstruxerit
1251 2251 1315 2313 ³).
1401 2251 1510 2310 Quis
1563 2253 1684 2299 enim
1736 2249 1917 2298 audebit

304 2324 454 2372 oculis
484 2325 578 2370 suis
607 2338 825 2386 premere
856 2323 1027 2370 faciem
1060 2323 1279 2378 clausam,
1311 2322 1482 2368 faciem
1507 2338 1599 2368 non
1629 2322 1915 2368 sentientem.

303 2396 499 2451 faciem,
546 2402 598 2440 ut
628 2392 848 2449 dixerim,
896 2393 1109 2440 tristem?
1182 2392 1454 2454 Quicunque
1499 2392 1645 2438 malus
1691 2391 1942 2453 cogitatus⁴

303 2468 405 2529 ipsa
435 2466 689 2512 severitate
722 2464 981 2525 frangetur.
1058 2463 1153 2510 Iam
1198 2478 1248 2510 se
1296 2463 1435 2515 etiam
1480 2462 1721 2510 mulierem
1766 2468 1914 2524 negat.

305 2551 423 2600 quae
454 2537 684 2598 virginem
718 2535 855 2582 celat.

451 2611 532 2658 16.
594 2605 646 2653 111
679 2605 750 2652 his
783 2606 997 2653 consistit
1028 2603 1241 2652 defensio
1274 2613 1463 2652 nostrae
1497 2603 1730 2667 opinionis
1760 2617 1914 2649 secun·

306 2677 412 2725 dum
443 2678 745 2740 scripturam,
779 2675 1033 2723 secundum
1065 2684 1300 2734 naturam,
1333 2673 1584 2722 secundum
1618 2671 1914 2736 disciplinam*
1940 2708 1942 2735 3

308 2747 556 2812 Scriptura
587 2748 740 2809 legem
774 2746 956 2803 condit,
990 2755 1156 2794 natura
1187 2755 1501 2802 contestatur,
1549 2743 1797 2807 disciplina
1827 2742 1912 2789 exi·
1938 2755 1942 2770 ²

308 2820 391 2881 git.
454 2818 540 2865 Cui
573 2834 633 2865 ex
662 2818 733 2864 his
766 2816 1055 2864 consuetudo
1090 2819 1323 2881 opinionis
1353 2815 1568 2880 prodest,
1617 2814 1690 2862 vel
1737 2814 1812 2876 qui
1857 2809 1938 2859 di«

305 2905 472 2936 versae
505 2889 767 2936 sententiae
802 2889 936 2935 color
965 2891 1067 2935 est?
1125 2888 1214 2935 Dei
1246 2896 1318 2935 est
1348 2889 1603 2951 scriptura,
1636 2883 1712 2932 dei
1743 2891 1815 2931 est
1845 2895 1910 2937 na·

422 3073 467 3121 2)
486 3072 616 3112 Rhen.
635 3074 696 3111 ed.
713 3075 742 3112 1.
762 3075 804 3111 et
821 3074 910 3113 cod.
927 3075 1218 3113 Divionensis:
1246 3074 1490 3112 invitata.
1608 3067 1650 3119 2)
1672 3068 1739 3106 Pu.
1764 3065 1864 3112 147,
1890 3065 1909 3099 ὓ

309 3130 411 3168 Luc.
429 3130 468 3177 1,
489 3130 554 3168 52.
671 3129 716 3182 3)
734 3133 797 3167 lta
814 3132 973 3171 emend.
991 3132 1204 3182 Latinius,
1235 3129 1409 3179 Rigalt„
1439 3129 1507 3167 Fr.
1533 3125 1702 3173 lunium
1734 3123 1788 3161 cf.
1815 3122 1904 3167 Apo

310 3186 393 3234 log.
414 3185 939 3234 273a1iiobtraxerit.
