1942 3554
632 210 714 247 DE
745 209 1196 249 SPECTAGULIS.
1693 208 1727 258 9

86 357 202 401 *enm
259 352 365 416 ipso
423 351 468 398 in
526 351 889 415 perversitatem
951 350 1202 398 demutarit
1261 349 1488 398 adversus
1541 349 1720 396 institu-

69 421 338 487 v‚jt‹›1·em¹):
378 429 428 469 ut
457 436 592 485 quam
625 419 842 469 doluerat
871 421 1048 468 homini
1082 436 1373 479 concessam,
1407 437 1499 467 non
1532 419 1641 478 sibi,
1678 420 1722 467 in

90 508 152 541 ea
190 493 293 557 ipsa
330 501 379 539 et
414 491 648 545 hominem
687 507 820 540 reum
860 491 952 540 deo
992 492 1200 550 faceret,
1255 500 1304 539 et
1343 507 1469 539 suam
1513 489 1721 538 domina-

89 564 268 611 tionem
285 561 576 610 '‘collocaret.

173 652 175 657 ·
232 634 280 699 3.
334 631 433 679 Hac
466 632 761 679 conscientia
790 633 1007 680 instructi
1048 631 1272 680 adversus
1313 633 1582 695 opinionem
1616 631 1720 679 eth-

85 705 330 760 nicorum,
399 710 731 750 convertamur
781 704 933 766 magis
987 701 1046 749 ad
1098 711 1365 750 nostrorum
1413 711 1716 750 retractatus.

84 770 386 837 Quorundam
441 772 563 820 enim
624 769 742 820 fides
801 782 882 820 aut
942 774 1217 839 simplicior
1260 782 1339 820 aut
1392 773 1718 836 scrupulosior

78 842 145 892 ad
180 843 303 890 banc
342 841 692 892 abdicationem
731 844 1110 907 spectaculorum
1159 843 1218 891 de
1266 844 1510 908 scripturis
1550 851 1718 890 aucto-

82 915 269 970 ritatem
308 914 548 978 exposcit,
605 923 654 962 et
692 929 743 961 se
781 915 828 960 in
868 916 1100 962 incertum
1142 915 1406 972 constituit,
1463 913 1588 978 quod
1620 929 1713 960 non

83 983 408 1049 significanter
450 1000 605 1048 neque
651 985 922 1033 nominatim
969 984 1272 1033 denuntietur
1316 985 1467 1033 servis
1514 983 1591 1032 dei
1631 983 1714 1031 ab-

68 1049 301 1103 stinentia
319 1053 564 1102 eiusmodi.
612 1054 756 1103 Plane
776 1073 998 1121 nusquam
1016 1057 1293 1114 invenimus,
1321 1053 1710 1119 quemadmodum

78 1132 242 1191 aperte
272 1126 474 1191 positum
507 1135 606 1173 est:
664 1124 774 1173 Non
807 1126 1026 1185 occides,
1084 1143 1174 1173 non
1207 1126 1382 1173 idolum
1415 1127 1573 1183 coles,
1616 1142 1708 1172 non

52 1194 375 1254 -adulterium,
410 1212 503 1242 nou
528 1195 739 1244 fraudem
766 1197 984 1245 admittes
999 1199 1065 1257 2).
1127 1197 1195 1244 Ita
1221 1206 1409 1244 exserte
1444 1195 1706 1243 delinitum:

76 1265 186 1314 Non
217 1267 262 1313 in
295 1267 473 1314 circum
504 1267 619 1325 ibis,
660 1284 752 1314 non
777 1269 822 1314 in
849 1262 1106 1326 theatrum,
1154 1283 1377 1331 agonem,
1418 1283 1581 1314 munus
1613 1283 1708 1313 non

72 1335 335 1400 spectabis.
385 1334 483 1384 Sed
506 1338 764 1385 invenimus
788 1338 847 1385 ad
871 1339 991 1386 hanc
1017 1355 1201 1403 quoque
1228 1340 1435 1402 speciem
1461 1339 1705 1402 pertinere

74 1406 201 1454 illam
223 1408 420 1471 primam
444 1423 610 1455 vocem
630 1408 801 1466 David,
837 1409 991 1467 Felix,
1025 1411 1175 1473 inquit
1189 1411 1253 1468 ³),
1288 1410 1365 1472 qui
1398 1425 1492 1455 nou
1518 1408 1636 1455 abiit
1659 1409 1705 1454 in

52 1491 56 1496 ’“
75 1477 327 1526 concilium
358 1479 618 1541 impiorum,
662 1487 708 1525 et
739 1480 785 1525 in
815 1480 892 1527 via
923 1488 1231 1543 peccatorum
1263 1495 1355 1526 non
1388 1480 1536 1536 stetit,
1577 1487 1627 1526 et
1656 1479 1703 1524 in

65 1546 300 1597 cathedra
330 1549 528 1612 pestium
561 1565 653 1596 non
680 1548 821 1597 sedit.
885 1549 1005 1597 Nam
1039 1551 1130 1598 etsi
1162 1551 1330 1597 iustum
1363 1549 1491 1596 illum
1515 1547 1705 1597 videtur

69 1617 398 1684 praedicasse,
447 1618 572 1683 quod
608 1621 653 1666 in
694 1620 900 1668 concilio
955 1630 1004 1669 et
1048 1621 1095 1668 in
1143 1636 1372 1668 consessu
1418 1617 1702 1667 Iudaeorum

67 1686 132 1739 fle
162 1688 254 1736 'deo
287 1688 570 1753 denegando
585 1691 631 1749 4)
668 1691 1028 1739 consultantium
1054 1708 1147 1738 non
1182 1691 1567 1748 communicavit3
1606 1689 1700 1736 late

68 1766 225 1807 umen
256 1775 446 1823 semper
474 1761 710 1823 scriptura
741 1760 898 1809 divina
930 1761 1173 1818 dividitur,
1221 1761 1489 1824 ubicunque
1530 1775 1702 1808 secun-

69 1826 177 1876 dum
206 1830 471 1894 praesentis
501 1831 572 1876 rei
603 1845 790 1877 sensum
822 1831 963 1877 etiam
996 1829 1245 1894 disciplina
1277 1832 1502 1887 munitur,
1542 1838 1594 1877 ut
1624 1830 1700 1876 hic

70 1915 258 1964 quoque
298 1916 390 1947 non
431 1900 492 1945 sit
529 1899 683 1946 aliena
721 1917 814 1947 vox
853 1917 878 1947 a
920 1900 1295 1963 spectaculorum
1345 1899 1698 1947 interdictione.

0 1966 1 1990 ³
54 1967 125 2017 'Si
157 1970 279 2018 enim
309 1969 536 2032 pauculos
567 1978 676 2016 tunc
695 1969 896 2017 Iudaeos
928 1971 1173 2035 impiorum
1207 1970 1460 2017 concilium
1492 1971 1696 2026 vocavit,

70 2048 243 2105 quanto
275 2040 422 2104 magis
460 2048 635 2086 tantum
669 2050 948 2088 conventum
987 2041 1163 2087 ethnici
1203 2041 1394 2103 populi?
1432 2041 1563 2103 impii
1595 2039 1699 2087 eth·
1738 2079 1741 2081 a

69 2110 224 2173 nic15)
263 2111 412 2157 minus
443 2118 750 2173 peccatores,
797 2112 946 2158 minus
985 2111 1146 2158 hostes
1181 2110 1377 2168 Christi,
1420 2126 1554 2174 quam
1586 2119 1698 2156 tunc

46 2179 262 2243 judaei?
323 2179 424 2239 Quo
465 2189 514 2227 et
552 2189 714 2228 cetera
755 2190 1038 2246 congruunt.
1103 2180 1224 2228 Nam
1263 2180 1385 2245 apud
1422 2181 1698 2244 spectacula

67 2257 118 2299 et
146 2251 193 2298 in
230 2251 307 2298 via
336 2259 509 2310 statur3
555 2253 656 2299 vias
689 2253 811 2299 enim
845 2261 1018 2300 vocant
1051 2251 1270 2299 cardines
1307 2251 1569 2299 balteorum
1612 2267 1699 2314 per

47 2320 303 2389 ambitum,
337 2330 387 2370 et
409 2320 681 2370 discrimina
711 2324 1004 2404 popularium
1036 2338 1124 2386 per
1153 2323 1437 2386 proclivum3
1471 2321 1698 2370 cathedra

40 2401 253 2461 *quoque
283 2394 550 2439 nominatur
579 2393 680 2456 ipse
712 2395 758 2440 in
791 2395 1005 2442 anfractu
1036 2393 1095 2440 ad
1128 2408 1401 2441 consessum
1431 2394 1563 2441 situs.
1604 2391 1699 2438 lta·

37 2466 159 2528 “Jqpe
199 2478 226 2510 e
266 2464 506 2510 contrario
546 2463 715 2511 infelix
752 2466 830 2529 qui
869 2466 916 2512 in
956 2463 1268 2529 quodcunque
1315 2463 1566 2511 concilium
1613 2463 1699 2508 im-

82 2619 95 2667 }
182 2617 226 2665 1)
257 2619 334 2656 Est
356 2618 462 2657 haec
487 2621 700 2668 scriptura
724 2622 766 2658 in
793 2621 883 2659 cod.
908 2621 1048 2658 Fulvii
1073 2622 1226 2658 Ursini.
1279 2623 1324 2658 ln
1351 2621 1442 2658 cod.
1466 2619 1699 2669 Agobardit

56 2670 310 2719 jubitate
353 2680 578 2724 oportet.
654 2679 773 2715 Cum
820 2678 987 2725 ipsum
1033 2678 1288 2715 hominem
1327 2698 1380 2705 -—
1421 2677 1699 2729 deiecerit,

64 2729 365 2775 nniversam
397 2752 455 2760 -—
485 2734 777 2772 demutavit
808 2735 1061 2772 adversus
1095 2734 1476 2772 institutorem.

61 2786 96 2842 ,ἑ
151 2834 154 2835 ⁷
180 2785 227 2834 2)
260 2787 480 2839 Exod.20,
501 2792 553 2827 14
570 2802 629 2838 sq.
764 2787 806 2840 3)
836 2791 959 2840 Ps.1‚
986 2793 1024 2827 1.
1157 2789 1199 2841 4)
1231 2792 1301 2829 De
1338 2791 1574 2829 necando
1607 2789 1699 2827 do-

67 2842 224 2896 -stnio,
256 2843 480 2895 Rigaltius,
509 2847 581 2894 qui
598 2847 702 2885 haec
729 2848 942 2895 pertinere
966 2848 1164 2894 opinatus
1191 2850 1256 2885 est
1277 2847 1330 2885 ad
1353 2847 1579 2896 Iosephum
1603 2846 1699 2883 Ari-

65 2904 99 2929 ι’
137 2898 379 2938 thaeensem
406 2902 527 2950 (Luc.
553 2905 625 2952 23,
652 2904 895 2951 50—53.),
931 2904 1250 2950 quastiides
1274 2905 1465 2942 futuram
1488 2904 1581 2941 eius
1606 2902 1698 2951 pie-

19 2963 33 2980 ·
66 2955 196 3011 3
223 2957 481 2996 vaticinatus
512 2962 640 2998 esset.
760 2961 804 3009 5)
836 2960 1037 3008 populi:
1078 2962 1130 2999 ni
1174 2962 1247 3009 pii
1290 2961 1496 2999 ethnici
1526 2980 1579 2988 —
1611 2961 1699 2996 Iu-

259 3023 355 3061 quo
401 3017 451 3052 et
495 3019 672 3055 cetera
714 3020 1024 3066 congruunt.
1093 3018 1321 3056 Rhenanus
1363 3021 1405 3055 et
1436 3017 1613 3054 Semler.
1643 3035 1699 3041 —

89 3067 276 3117 'pum
307 3070 475 3108 minus
497 3072 641 3121 impii
665 3073 1158 3112 ethnici—Iudaei?
1192 3075 1327 3118 Quid
1350 3074 1485 3122 quod
1515 3075 1565 3111 et
1590 3084 1624 3109 c.
1642 3082 1697 3119 c.‚

20 3157 63 3181 ἡ,
101 3124 292 3167 Itius.
315 3146 371 3154 —
404 3127 605 3166 ethnici
637 3130 843 3178 populi‘.¹
877 3130 1040 3178 impii,
1089 3132 1256 3169 minus
1297 3134 1613 3179 peccatores
1648 3150 1693 3156 -

26 3179 267 3232 daei,
310 3183 456 3230 quid?
498 3196 598 3223 non
630 3190 679 3223 et
710 3198 744 3223 c.
770 3198 825 3230 c.,
860 3188 1074 3224 VVouwer.
