1942 3554
574 189 658 228 DE
693 188 1348 228 PAT1EN'121A.‘
1562 182 1636 227 22

56 314 82 319 ’”
131 306 310 370 impetu
339 304 537 379 transigi
568 304 721 362 novit,
754 303 869 351 nihil
899 304 1076 367 impetu
1106 309 1285 358 actum,
1328 307 1409 347 aut
1441 312 1535 347 non
1567 299 1640 346 of-

14 375 155 425 -ndit
182 385 265 425 aut
295 375 476 425 corruit
504 384 585 423 aut
614 390 847 440 praeceps
878 374 1009 425 abiit.
1085 372 1182 421 Iam
1221 373 1259 421 si
1293 371 1440 420 levius
1474 369 1641 418 defen-

12 449 156 506 ,-,3ι·ἰε,
201 448 431 505 insanies,
477 447 517 495 si
561 447 776 504 uberius,
825 445 1117 494 oneraberis.
1209 441 1330 502 Quid
1374 442 1488 490 mihi
1538 458 1643 489 cum

12 521 209 577 ³ltione,
257 520 389 567 cuius
419 516 606 566 modum
636 533 810 581 regere
841 534 935 565 non
967 532 1156 581 possum
1187 530 1275 579 per
1303 515 1644 579 impatientiam

16 591 216 639 oloris?
275 588 452 649 Quodsi
482 590 739 654 patientiae
771 588 1030 645 incubabo,
1077 603 1171 634 non
1218 584 1416 643 dolebo,
1464 587 1504 632 si
1550 600 1645 632 non

15 661 204 719 ·.olebo,
235 661 406 709 ulcisci
436 677 530 707 non
561 658 863 707 desiderabo.

151 738 231 784 11.
292 731 405 780 Post
449 731 534 779 has
575 730 863 795 principales
918 727 1238 793 impatientiae
1292 728 1541 785 materias,
1595 736 1647 774 ut

24 804 262 861 otuimus,
294 810 524 866 regestas,
559 800 669 865 quid
692 802 819 848 inter
845 808 1033 848 ceteras
1056 814 1326 862 evagemur,
1361 814 1482 862 quae
1502 798 1644 855 domi,

19 889 127 963 nae
155 874 304 921 foris?
361 872 482 920 Lata
511 881 670 936 atque
684 870 853 919 diffusa
892 879 966 919 est
997 871 1215 935 operatio
1248 869 1382 927 mali,
1423 869 1647 932 multipli-

57 946 301 1010 spiritus
331 945 636 992 incitamenta
664 943 938 1000 iaculantis,
979 951 1029 990 et
1066 939 1206 989 modo
1239 941 1457 1005 parvula,
1505 938 1646 987 modo

35 1036 66 1059 ιπ
94 1055 98 1059 Α
117 1017 221 1064 ἰιι3.
298 1013 396 1063 Sed
425 1015 621 1080 parvula
652 1013 710 1062 dc
742 1031 827 1062 sua
856 1012 1190 1061 mediocritate
1224 1021 1515 1070 contemnas,
1548 1027 1646 1058 ma-

13 1087 144 1135 ·‹·'›is
171 1103 260 1153 pro
291 1102 375 1135 sua
405 1087 739 1151 exsuperantia
778 1084 936 1134 cedas.
1013 1083 1104 1132 Ubi
1149 1084 1304 1131 minor
1341 1084 1534 1140 iniuria,
1583 1082 1651 1129 ibi

16 1191 20 1201 ,ι
62 1171 66 1173 “
88 1159 137 1207 la
165 1159 432 1215 necessitas
449 1158 794 1222 impatientiae.
854 1155 922 1204 At
951 1155 1031 1203 ubi
1060 1156 1213 1202 maior
1241 1155 1434 1212 iniuria,
1468 1154 1534 1201 ibi
1565 1169 1650 1201 ne-

19 1230 249 1280 cessarior
277 1230 478 1277 iniuriae
511 1225 711 1286 medela,
744 1229 988 1292 patientia:
1068 1225 1314 1274 Certemus
1354 1227 1500 1289 igitur
1532 1240 1650 1288 quae

27 1319 41 1348 ι
76 1301 199 1353 malo
245 1301 519 1364 infliguntur
555 1300 812 1357 sustinere,
860 1308 926 1346 ut*
957 1298 1106 1346 hostis
1151 1295 1352 1344 studium
1398 1296 1650 1344 aemulatio

21 1381 203 1421 nostrae
234 1372 610 1436 aequanimitatis
642 1369 816 1418 eludat.
879 1368 931 1416 Si
960 1385 1076 1417 vero
1117 1366 1346 1433 quaedam
1377 1368 1466 1432 ipsi
1491 1369 1539 1414 in
1566 1384 1652 1414 nos

39 1451 94 1492 ut
121 1441 432 1507 imprudentia
465 1451 547 1489 aut
577 1450 744 1506 sponte
778 1442 918 1488 etiam
941 1438 1339 1504 ⁴superduc'imuS,
1387 1454 1537 1502 aeque
1569 1455 1653 1502 pa-

8 1515 188 1564 ''ionter
217 1514 463 1571 obeamus,
498 1528 616 1577 quae
648 1513 783 1560 nobis
814 1504 1109 1576 imputamus.
1187 1509 1366 1569 Quodsi
1398 1526 1426 1556 a
1459 1508 1650 1556 domino

19 1585 234 1636 ιοπιιιιΙΙ3
265 1583 500 1633 credimus
530 1585 701 1642 incuti,
750 1584 826 1631 cui
871 1584 1029 1646 magis
1067 1582 1343 1646 patientiam
1384 1589 1527 1644 ‘quam
1567 1579 1653 1627 do-

28 1668 125 1701 mm·
167 1655 508 1722 praebeamus?
567 1655 688 1714 Quin
727 1656 919 1719 insuper
956 1653 1186 1717 gratulari
1230 1661 1279 1699 et
1316 1651 1526 1714 gaudere
1566 1668 1654 1699 nos

14 1750 48 1790 jv
90 1737 159 1777 et
188 1726 462 1792 dignatione
493 1725 682 1774 divinae
715 1726 1060 1788 castigationis.
1135 1714 1265 1786 Ego,
1314 1724 1488 1786 inquit,
1537 1739 1655 1787 quos

52 1803 184 1864 go,
218 1800 400 1862 castigo
418 1800 482 1858 1).
559 1797 596 1845 Ο
629 1813 813 1845 servum
844 1797 972 1843 illum
1002 1795 1214 1851 beatum,
1266 1795 1397 1840 cuius
1430 1793 1654 1841 emenda-

13 1870 131 1919 ἱππί
161 1869 375 1918 dominus
405 1870 570 1926 instat,
619 1869 695 1916 cui
727 1866 948 1930 dignatur
975 1866 1145 1922 irasci,
1194 1880 1330 1929 quem
1368 1863 1656 1912 admonendi

42 1941 384 1990 §simulatione
415 1956 511 1986 non
542 1938 742 2003 decipit!
806 1936 1019 2001 Undique
1066 1936 1212 1998 igitur
1250 1934 1467 1982 adstricti
1498 1952 1654 1983 sumus

24 2012 177 2068 officio
209 2011 466 2076 patientiae
498 2007 910 2058 administrandae.
983 2006 1178 2070 Quaqua
1209 2022 1270 2054 ex
1297 2015 1434 2070 parte
1465 2015 1547 2054 aut
1578 2023 1654 2054 er·-

20 2083 202 2131 roribus
232 2083 405 2130 nostris
448 2090 530 2128 aut
571 2082 680 2129 mali
718 2078 898 2127 insidiis
937 2087 1018 2126 aut
1048 2076 1445 2125 admonitionibus
1477 2077 1656 2125 domini

10 2155 271 2218 'intervenit
299 2169 430 2211 usus,
463 2153 564 2200 eius
595 2151 741 2199 officii
772 2166 942 2214 magna
972 2165 1184 2207 merces,
1217 2149 1423 2196 felicitas
1448 2150 1653 2197 scilicet.

12 2230 146 2277 ..tuns
177 2227 299 2272 enim
329 2224 496 2272 felices
530 2222 764 2279 dominus,
813 2223 902 2269 nisi
925 2222 1184 2286 ,patientes
1230 2222 1542 2285 nuncupavit,
1584 2219 1656 2268 di-

32 2295 196 2344 ζιιιίοε
227 2295 367 2344 Beati
388 2310 625 2359 pauperes
645 2294 826 2358 spiritu,
858 2293 1045 2341 illorum
1072 2300 1145 2340 est
1168 2292 1292 2340 enim
1316 2307 1514 2355 regnum
1541 2308 1656 2339 coe-

36 2370 38 2372 ’
107 2389 111 2409 ι
137 2388 157 2411 ιι
193 2367 258 2428 2).
347 2365 514 2414 Nullus
565 2366 785 2430 profecto
840 2364 1006 2429 spiritu
1057 2379 1261 2428 pauper,
1316 2363 1407 2409 nisi
1453 2363 1653 2409 humilis.

12 2443 127 2487 istm<
166 2439 288 2486 enim
319 2437 527 2495 humilis,
563 2437 653 2483 nisi
682 2437 899 2500 patiens?
961 2436 1080 2498 ‘quia
1111 2449 1248 2482 nemo
1280 2433 1517 2480 subiicere
1549 2448 1655 2480 sese

50 2510 66 2522 ”
116 2517 200 2566 st,
231 2509 332 2556 sine
362 2508 512 2572 prima
540 2508 770 2572 patientia
800 2506 1109 2553 subiectionis
1146 2505 1306 2568 ipsius.
1382 2502 1543 2561 Beati,
1584 2505 1656 2550 in·-

34 2579 142 2638 mit,
188 2579 355 2626 flentes
400 2586 539 2643 atque
579 2579 796 2641 lugentes
820 2576 887 2636 ³).
965 2575 1078 2634 Quis
1122 2575 1237 2621 talia
1281 2575 1381 2621 sine
1426 2575 1657 2638 patientia

36 2649 227 2698 'lent-'f
297 2647 459 2712 Iffiue
504 2649 675 2696 talibus
720 2656 770 2694 et
813 2644 1064 2694 advocatio
1111 2653 1161 2693 et
1196 2646 1317 2692 risus
1347 2646 1653 2708 promittitur.

24 2720 162 2769 eati
190 2720 326 2767 mites
339 2718 405 2779 ⁴).
467 2718 569 2766 Hoc
603 2716 788 2783 quidem
817 2717 1051 2766 vocabulo
1083 2717 1383 2780 impatientes
1415 2732 1510 2763 non
1541 2717 1656 2765 licet

15 2836 18 2837 a
84 2791 230 2840 nino
247 2790 447 2838 censeri.
522 2790 640 2838 Item
672 2805 776 2837 cum
807 2789 1034 2853 pacificos
1066 2785 1234 2835 eodem
1264 2787 1401 2834 titulo
1446 2788 1654 2836 felicita·-

114 2869 250 2910 notat
278 2868 329 2908 et
357 2859 478 2908 filios
506 2859 586 2908 dei
616 2868 875 2923 nuncupat,
923 2855 1144 2923 numquid
1181 2858 1479 2923 impatientes
1519 2861 1654 2924 pacis

11 2932 224 2986 fines?
282 2929 462 2979 Stultus
491 2931 583 2979 hoc
615 2932 831 2979 senserit.
907 2930 1022 2978 Cum
1051 2945 1193 2989 vero,
1242 2927 1446 2994 gaudete
1485 2939 1535 2979 et
1571 2946 1654 2979 ex-

46 3093 81 3146 5'
141 3104 188 3155 1)
216 3103 339 3142 Prov.
360 3103 398 3152 3,
417 3103 483 3140 12.
527 3103 654 3141 Hebr.
673 3104 739 3151 12,
769 3102 806 3142 6.
848 3102 1024 3153 Apocal.
1044 3103 1083 3154 3,
1109 3103 1173 3141 19.
1298 3102 1344 3154 2)
1377 3102 1526 3143 Matth.
1548 3104 1585 3153 5,
1614 3103 1651 3142 3.

9 3155 256 3212 sajoni-tui.
289 3161 382 3211 5‚5.
498 3158 545 3211 4)
575 3159 671 3198 ima.
692 3163 728 3209 5,
747 3161 785 3199 4.
