1942 3554
594 246 678 291 DE
706 247 1049 287 PUDICITIA.
1506 244 1629 292 182

13 355 107 408 ”2
167 358 255 419 Qui
286 359 550 419 furabatur,
590 362 680 408 iam
718 377 812 417 non
848 362 1031 409 furetur
1045 362 1108 421 1).
1170 357 1266 408 Sed
1304 368 1354 408 et
1391 361 1469 425 qui
1505 377 1636 410 moe-

74 431 75 434 ’
122 438 247 479 atur
274 429 517 488 hactenus,
549 448 642 479 non
673 432 964 490 moechetur,
985 432 1140 496 etqui
1170 431 1495 480 fornicabatur
1523 431 1638 480 hac-

65 524 69 533 ·
98 517 176 560 us,
221 517 316 549 non
353 501 630 550 fornicetur.
688 502 962 551 Adiecisset
991 503 1114 551 enim
1145 511 1195 550 et
1223 503 1366 560 haec,
1399 504 1438 551 si
1469 502 1645 551 talibus

6 550 199 664 gaiam
229 573 478 637 porrigere
519 582 795 621 consuesset
842 574 919 622 vel
948 574 1131 639 porrigi
1169 575 1356 621 omnino
1393 574 1638 631 voluisset,

58 642 80 707 J
124 642 213 693 n'ec
249 643 402 712 verbo,
435 643 582 708 pollui
617 645 797 692 volens.
867 644 1040 704 Omnis,
1081 646 1251 708 inquit,
1298 660 1451 692 sermo
1490 645 1641 709 turpis

58 771 63 775 ¹
94 740 96 747 v
145 713 378 779 procedat
414 731 477 763 ex
513 731 597 763 ore
641 724 815 763 vestro.
904 716 1065 766 Itemt,
1092 715 1361 763 Fornicatio
1399 723 1555 779 autem
1593 722 1644 763 et

52 842 54 845 y
91 783 304 834 unditia
334 787 483 834 omnis
520 802 578 834 ne
610 787 876 834 nominetur
906 785 1090 850 quidem
1121 788 1246 834 inter
1271 803 1372 844 vos,
1405 787 1527 834 sicut
1557 784 1643 834 de-

67 865 98 917 5·
124 864 333 918 sanctos,
367 860 520 916 (tanto
551 856 687 904 abest
718 865 768 903 ut
797 861 1087 917 excusetur‚)
1121 857 1212 904 hoc
1245 858 1474 914 scientes,
1517 854 1643 920 quod

208 926 473 975 fornicator
522 935 604 974 aut
647 926 904 974 immundus
949 944 1042 974 non
1088 927 1262 976 habeat
1306 926 1384 975 dei
1427 943 1641 990 regnum.

4 1017 44 1085 Ν
70 1014 168 1065 71no
196 1013 282 1048 vos
312 996 510 1046 seducat
548 998 762 1045 inanibus
800 998 973 1046 verbis.
1034 996 1239 1062 Propter
1274 998 1367 1051 hoc
1405 999 1536 1046 venit
1571 999 1645 1046 ira

27 1069 103 1109 ⁸„
123 1083 265 1132 super
294 1068 416 1117 filios
439 1067 790 1117 incredulitatis
805 1070 870 1128 ²).
933 1068 1045 1128 Quis
1076 1068 1262 1117 seducit
1291 1069 1506 1117 inanibus
1535 1085 1645 1117 ver-

3 1114 88 1195 '⁴9
133 1140 223 1189 nisi
255 1140 334 1204 qui
365 1140 677 1189 concionatur
705 1139 1032 1187 remissibilem
1064 1155 1169 1187 esse
1209 1140 1505 1205 moechiam?
1548 1157 1650 1187 non-

31 1224 200 1267 'flens
244 1211 387 1266 etiam
430 1208 734 1258 fundamenta
777 1211 879 1258 eius
926 1210 984 1258 ab
1031 1211 1248 1274 apostolo
1295 1211 1491 1268 effossa,
1523 1228 1645 1259 *cum

37 1278 272 1336 prietates
310 1289 360 1329 et
403 1282 772 1329 comessationes
818 1282 1100 1345 compescit,
1148 1282 1269 1328 sicut
1314 1290 1363 1329 et
1405 1281 1507 1329 hic:
1582 1280 1646 1328 Et

5 1353 165 1402 nolite
193 1351 420 1401 inebriari
448 1353 582 1410 vino,
621 1353 669 1399 in
700 1368 790 1416 quo
831 1351 1114 1399 estluxuria
1131 1353 1219 1412 ³)..
1257 1351 1560 1405 Demonstrat
1597 1360 1648 1400 et

6 1476 22 1479 ⁷.
53 1422 376 1474 lossensibus
391 1423 470 1484 ⁴),
525 1439 644 1487 quae
682 1422 891 1471 membra
935 1422 1224 1471 mortificent
1266 1439 1409 1488 super
1451 1432 1644 1481 terram,

105 1494 408 1551 icatione'm,
462 1492 826 1551 immunditiam,
886 1493 1158 1552 libidinem,
1212 1494 1647 1558 concupiscentiam

120 1581 183 1612 ιιι
214 1572 264 1612 et
292 1564 640 1628 turpiloquium.
689 1563 912 1612 Concede
944 1566 1034 1612 iam
1065 1573 1137 1612 tot
1166 1581 1222 1612 ac
1255 1565 1426 1612 talibus
1457 1574 1648 1615 senten-

1 1654 6 1670 2·
125 1651 265 1684 unum
295 1633 428 1693 illud,
461 1634 587 1700 quod
618 1644 776 1695 tenes,
808 1652 961 1700 pauca
991 1636 1160 1693 multis,
1195 1634 1338 1684 dubia
1368 1637 1529 1693 certiS,
1562 1636 1648 1684 ob-

2 1712 158 1760 *stra
186 1706 447 1754 manifestis
478 1705 828 1755 adumbrantur.
889 1706 1044 1755 Etiam
1082 1708 1122 1754 si
1151 1723 1238 1771 pro
1280 1716 1414 1755 certo
1454 1716 1647 1771 aposto-

123 1776 382 1834 ‚Corinthio
428 1777 498 1825 illi
542 1778 904 1826 fornicationem
957 1777 1276 1836 donasset5),
1330 1787 1459 1826 esset
1502 1776 1647 1834 aliud,

57 1858 60 1863 '
92 1846 144 1896 d
189 1849 335 1898 semel
372 1856 541 1904 contra
584 1850 844 1896 institutum
888 1865 1018 1896 suum
1064 1865 1150 1913 pro
1197 1849 1382 1896 ratione
1421 1850 1649 1912 temporis

0 1919 59 1980 'sss
99 1927 218 1968 eret.
281 1918 591 1967 Circumcidit
626 1919 918 1968 Timotheum
957 1917 1129 1978 solum,
1177 1928 1226 1967 et
1261 1928 1417 1967 tamen
1457 1919 1650 1967 abstulit

0 1997 3 2000 ’
48 2016 68 2040 n
93 1990 427 2040 cumcisionem
442 1989 508 2050 ⁶).

164 2065 244 2112 18.
306 2058 413 2108 Sed.
439 2055 582 2119 haec,
615 2062 785 2125 inquit,
817 2060 878 2109 ad
922 2060 1302 2109 interdictionem
1347 2061 1651 2126 pertinebunt

0 2127 25 2196 3'
52 2132 170 2190 gnis
200 2130 524 2196 impudicitiae
557 2141 607 2180 et
644 2131 964 2180 addictionem
1003 2133 1152 2180 omnis
1190 2131 1471 2196 pudicitiae,
1519 2133 1649 2180 salvo

0 2197 28 2224 ”
210 2202 318 2251 loco
350 2203 540 2260 veniae,
588 2219 706 2267 quae
737 2220 831 2250 non
869 2204 1026 2251 statim
1064 2203 1349 2266 denegatur,
1397 2205 1435 2251 si
1474 2202 1649 2251 delicta

59 2283 63 2287 ⁴
96 2281 314 2331 ·11antur,
348 2272 532 2338 quando
562 2275 729 2322 veniae
768 2283 950 2338 tempus
982 2291 1086 2322 cum
1116 2273 1415 2325 damnatione
1449 2291 1651 2322 concur-

142 2350 278 2409 quam
315 2343 554 2392 excludit.
611 2342 907 2408 Sequebatur
944 2354 993 2393 et
1029 2345 1145 2403 hoc,
1178 2345 1434 2410 psychicos
1463 2361 1649 2410 sapere,

75 2407 209 2476 {ideo
239 2416 580 2463 reservavimus
610 2416 717 2464 huic
749 2417 875 2475 loco,
909 2433 1027 2480 quae
1059 2425 1223 2481 aperte
1255 2415 1315 2464 ad
1333 2417 1659 2463 communica-v

90 2498 198 2535 uem
229 2486 601 2534 ecclesiasticam
634 2488 810 2534 caussis
841 2486 1068 2535 eiusmodi
1102 2486 1363 2550 negandam
1396 2488 1536 2534 etiam
1567 2503 1651 2533 an-

90 2578 94 2592 ·
125 2557 214 2605 ‘tus
253 2565 390 2604 cauta
427 2565 547 2604 sunt.
607 2556 727 2604 Nam
768 2566 818 2605 et
853 2558 900 2604 in
938 2558 1202 2620 proverbiis
1234 2555 1480 2618 Salomon,
1530 2573 1649 2621 quae

88 2629 279 2691 ,ιιμίας
308 2625 518 2685 dicimus,
550 2628 823 2692 specialiter
854 2626 912 2675 de
944 2627 1142 2674 moecho
1161 2643 1383 2691 nusquam
1400 2628 1647 2692 expiabili:

282 2706 461 2755 autem,
506 2698 674 2762 inquit,
721 2714 808 2761 per
837 2697 1142 2761 indigentiam
1173 2714 1387 2746 sensuum
1418 2697 1650 2763 perditio-

162 2769 345 2826 animae
385 2783 497 2815 suae
535 2770 759 2832 acquirit,
807 2767 997 2817 dolores
1035 2777 1084 2816 et
1121 2768 1536 2822 dehonestationes
1573 2786 1649 2817 su-

245 2839 507 2903 Ignominia
536 2848 697 2893 ‚autem
737 2840 836 2886 eius
881 2857 973 2886 non
1019 2839 1284 2887 abolebitur
1320 2842 1367 2887 in
1403 2841 1645 2902 aevum7).

86 2925 174 2958 *sa
210 2911 333 2958 enim
369 2910 461 2974 zeli
498 2907 757 2972 indignatio
795 2911 897 2957 viro
937 2927 1028 2957 non
1067 2919 1234 2974 parcet
1270 2911 1316 2958 in
1355 2909 1431 2960 die
1468 2911 1645 2960 iudicii.

142 3091 188 3146 1)
204 3094 311 3144 Eph.
328 3095 369 3143 4,
387 3096 453 3132 20.
472 3096 538 3133 28.
724 3092 771 3147 2)
789 3095 895 3144 Eph.
914 3099 952 3146 5,
972 3097 1009 3134 3.
1036 3099 1059 3133 5
1077 3107 1138 3144 aq.
1312 3097 1355 3147 3)
1379 3097 1487 3147 Eph.
1514 3101 1551 3145 5,
1578 3099 1644 3136 18.

94 3157 137 3201 yn,-
151 3149 251 3201 19⁸⁸·
271 3152 310 3203 3,
330 3154 368 3191 5.
527 3150 572 3200 5)
598 3152 635 3190 2.
653 3152 746 3190 Cor.
773 3149 811 3191 2)
967 3154 1011 3195 6)
1035 3154 1129 3192 Act.
1157 3154 1223 3203 16,
1250 3154 1286 3191 3.
1457 3154 1503 3203 7)
1526 3155 1644 3194 Prot'.
