1942 3554
461 162 551 199 DE
581 161 871 199 CORONA
901 162 1204 201 MILITIS.
1540 166 1652 215 197

45 298 178 360 :tal-e,
226 317 330 349 cum
374 317 402 348 a
445 300 840 364 praecedentibus
886 302 1024 364 culpa
1068 302 1158 348 sit?
1203 300 1509 350 Credimusne
1563 306 1648 354 hu-

30 389 202 421 ·manum
233 380 572 419 sacramentum
606 371 763 418 divino
802 371 1056 434 superduci
1103 372 1273 429 licere,
1322 381 1371 419 et
1414 374 1462 419 in
1507 375 1648 422 alium

32 444 258 490 lominum
296 440 587 505 respondere
626 450 732 504 post
771 441 1026 498 Christum,
1075 450 1123 488 et
1161 442 1346 489 eierare
1377 452 1557 506 patrem
1589 462 1645 492 ac

28 522 216 561 ‚matrem
247 521 297 559 et
326 527 506 558 omnem
554 513 837 574 proximum,
870 527 986 574 quos
1020 520 1066 558 et
1097 512 1175 557 lex
1205 512 1429 559 honorari
1461 523 1509 561 et
1538 524 1647 578 post

32 595 159 630 -ieum
200 581 331 645 diligi
375 582 631 644 praecipit,
680 597 796 644 quos
842 590 891 627 et
935 581 1252 643 evangelium,
1302 583 1405 629 solo
1455 583 1643 632 Christo

31 654 166 700 :luris
198 668 289 698 non
321 652 526 707 faciens,
560 651 629 697 sic
662 666 847 714 quoque
879 651 1157 697 honoravit?
1188 650 1380 698 Licebit
1404 654 1449 698 in
1480 654 1642 718 gladio

18 722 318 779 -·ouversari,
352 721 539 769 domino
570 721 902 783 pronuntiante
929 719 1087 783 gladio
1112 721 1394 782 periturum,
1430 724 1507 786 qui
1539 725 1642 787 gla-

31 793 100 839 ÷tio
129 792 274 838 fuerit
303 793 444 838 usus?
483 793 525 853 1)
573 790 634 836 Et
661 790 846 854 proelio
886 790 1162 853 operabitur
1199 790 1321 837 filius
1359 793 1514 855 pacis,
1564 796 1641 841 cui

29 877 108 911 uec
138 862 326 925 litigare
360 862 642 909 conveniet?
670 860 734 907 Et
765 860 948 907 vincula
980 869 1028 907 et
1059 876 1305 908 carcerem
1331 871 1380 908 et
1404 871 1641 910 tormenta

28 941 73 980 iet
111 932 339 995 supplicia
382 931 746 986 administrabit,
801 947 889 978 nec
936 946 1120 978 suarum
1167 931 1292 978 ultor
1336 933 1641 981 iniuriarum?

30 1018 112 1050 nam
142 1002 371 1049 stationes
401 1011 480 1049 aut
511 1001 590 1049 alii
629 1002 776 1064 magis
814 1000 987 1059 faciet,
1038 1018 1171 1064 quam
1213 1001 1424 1059 Christ0,
1473 1013 1552 1050 aut
1590 1014 1638 1052 et

29 1072 251 1119 dominico
284 1070 384 1130 die,
418 1071 599 1135 quando
631 1087 719 1117 nec
754 1070 974 1118 Christo?
1011 1070 1073 1117 Et
1103 1071 1358 1118 excubabit
1393 1089 1480 1135 pro
1519 1082 1639 1121 tem-

26 1141 131 1199 alis,
167 1141 333 1206 quibus
358 1142 670 1189 renuntiavit?
699 1141 760 1187 Et
785 1141 1006 1188 coenabit
1029 1141 1147 1198 illic,
1182 1140 1261 1187 ubi
1286 1140 1516 1205 Apostolo
1543 1161 1635 1191 non
1679 1175 1684 1177 -

27 1212 200 1259 'lacet?
243 1211 305 1258 Et
344 1228 458 1275 quos
496 1211 699 1258 interdiu
738 1212 1015 1258 exorcismis
1047 1211 1254 1274 fugavit,
1303 1213 1520 1260 noctibus
1553 1214 1638 1262 de-

25 1282 242 1339 ·ensabit,
286 1282 558 1329 incumbens
604 1290 652 1328 et
696 1282 1002 1345 requiescens
1042 1297 1184 1344 super
1222 1282 1416 1340 lonche,
1460 1300 1549 1347 qua
1585 1286 1632 1343 2)

26 1353 280 1400 ··erl'ossum
326 1361 399 1399 est
451 1353 568 1399 latus
622 1351 826 1398 Christi?
900 1351 1137 1398 Vexillum
1192 1368 1375 1416 quoque
1427 1354 1636 1416 portabit

22 1423 242 1470 aemulum
278 1421 479 1469 Christi?
507 1421 569 1468 Et
599 1423 780 1484 signum
812 1421 1068 1485 postulabit
1098 1438 1121 1468 a
1156 1423 1392 1485 principe,
1435 1426 1511 1486 qui
1543 1426 1634 1486 iam

40 1534 42 1536 ,
73 1491 162 1540 deo
194 1494 411 1556 accepit?
438 1492 652 1540 Mortuus
679 1492 818 1539 etiam
852 1491 959 1539 tuba
982 1492 1323 1558 inquietabitur
1345 1497 1632 1553 aeneatoris,

22 1559 93 1610 aui
123 1564 318 1611 excitari
351 1581 378 1611 a
409 1563 518 1611 tuba
547 1563 704 1627 angeli
737 1565 1014 1627 exspectat?
1062 1562 1121 1610 Et
1152 1564 1438 1612 cremabitur
1470 1582 1529 1612 ex
1562 1565 1633 1613 di-

16 1633 209 1697 ciplina
239 1636 466 1681 castrensi
499 1633 816 1691 Christianus,
868 1635 943 1681 cui
976 1650 1188 1682 cremare
1228 1652 1320 1682 non
1353 1636 1506 1694 licuit,
1556 1638 1631 1684 cui

30 1703 225 1751 §hristus
256 1706 421 1751 merita
454 1705 578 1767 ignis
611 1703 829 1750 indulsit?
874 1705 1055 1763 Quanta
1093 1705 1184 1751 alia
1222 1706 1269 1751 in
1310 1705 1496 1753 delictis
1538 1709 1632 1754 cir-

31 1774 235 1836 mmspici
268 1783 459 1838 possunt
490 1775 796 1821 castrensium
827 1776 1052 1831 munium,
1085 1777 1452 1838 transgressioni
1483 1780 1631 1824 inter-

43 1842 262 1891 retanda!
299 1844 451 1906 Ipsum
484 1843 540 1890 de
574 1844 739 1890 castris
772 1843 891 1890 lucis
924 1845 969 1890 in
1010 1853 1165 1891 castra
1203 1845 1505 1892 tenebrarum
1547 1864 1631 1894 no-

18 1930 118 1962 nen
150 1912 364 1971 deferre,
396 1913 711 1977 transgressio
746 1922 833 1960 est.
898 1913 1041 1960 Plane
1081 1916 1120 1961 si
1152 1931 1267 1978 quos
1300 1916 1460 1962 militia
1491 1933 1632 1979 prae-

43 1993 180 2032 entos
213 1981 329 2031 fides
359 1985 601 2047 posterior
630 1984 828 2039 invenit,
864 1984 955 2030 alia
981 1984 1191 2031 conditio
1218 1994 1311 2042 est,
1344 1994 1395 2031 ut
1426 1986 1628 2045 illorum,

20 2071 128 2102 =·uos
160 2052 360 2100 loannes
391 2053 665 2102 admittebat
695 2053 753 2100 ad
785 2054 1039 2111 lavacrum,
1074 2064 1123 2102 ut
1154 2056 1479 2102 centurionum
1512 2056 1629 2104 fide-

30 2125 311 2182 issimorum,
360 2140 492 2189 quem
541 2123 752 2171 Christus
783 2123 971 2188 probat,
1020 2134 1068 2171 et
1113 2142 1247 2189 quem
1286 2124 1453 2173 Petrus
1499 2136 1630 2175 cate-
1680 2172 1682 2175 ,

21 2194 188 2242 ίιΙιὶῑειῑε
221 2192 325 2241 dum
357 2203 511 2242 tamen
543 2203 764 2258 suscepta
797 2193 886 2242 lide
919 2203 1057 2258 atque
1089 2196 1272 2258 signata
1296 2204 1376 2243 aut
1400 2194 1629 2245 deseren-

32 2280 117 2318 ιιιιιι
146 2265 300 2312 statim
331 2265 411 2323 sit,
445 2274 494 2312 ut
516 2282 542 2312 a
566 2265 719 2312 multis
751 2274 928 2323 actum,
961 2274 1040 2312 aut
1063 2266 1275 2313 omnibus
1301 2265 1450 2313 modis
1483 2268 1628 2315 cavil-
1697 2293 1701 2296 ⁴

16 2332 222 2393 mudum,
255 2351 314 2382 ne
346 2333 456 2399 quid
486 2334 710 2383 adversus
741 2334 877 2382 deum
911 2337 1249 2394 committatur,
1286 2352 1404 2400 quae
1444 2353 1533 2384 nec
1567 2354 1627 2384 ex

14 2400 174 2452 militia
203 2406 555 2468 permittuntur,
602 2414 682 2452 aut
712 2406 964 2452 novissime
997 2405 1357 2469 perpetiendum
1398 2422 1481 2468 pro
1516 2406 1623 2464 deo,

29 2473 134 2525 :uod
178 2490 327 2538 aeque
367 2474 482 2522 fides
520 2491 703 2538 pagana
743 2475 969 2522 condixit.
1045 2475 1150 2523 Nec
1190 2476 1313 2542 enim
1346 2474 1625 2523 delictorum

20 2545 327 2608 “inpunitatem
358 2554 437 2592 aut
461 2546 786 2609 martyriorum
814 2545 1147 2592 immunitatem
1171 2544 1335 2590 militia
1366 2546 1622 2607 promittet.

16 2612 246 2679 'dasquam
279 2614 569 2662 Christianus
599 2614 724 2662 aliud
756 2624 842 2662 est.
918 2613 1062 2660 Unum
1096 2614 1390 2677 evangelium
1423 2624 1471 2662 et
1501 2615 1625 2664 idem

23 2698 163 2742 esus,
196 2693 451 2747 negaturus
482 2701 665 2732 omnem
698 2694 977 2748 negatorem
1011 2693 1058 2730 et
1097 2684 1402 2730 confessurus
1442 2702 1625 2734 omnem

15 2755 330 2802 1·onfessorem
369 2754 467 2812 dei,
515 2764 565 2802 et
601 2755 772 2802 salvam
812 2755 1019 2802 facturus
1059 2755 1256 2800 animam
1304 2770 1406 2818 pro*
1437 2757 1624 2804 nomine

119 2973 167 3024 1)
196 2977 345 3014 Matth.
378 2979 444 3023 26,
477 2979 544 3014 52.
677 2977 721 3025 2)
753 2980 814 3015 lta
854 2978 965 3015 hunc
1004 2978 1145 3015 locum
1177 2980 1338 3016 emend.
1371 2981 1536 3028 [unium
1568 2983 1624 3021 cf.

37 3043 73 3074 v.
102 3034 165 3071 ἵο.
205 3035 280 3079 19,
321 3034 386 3070 34.
444 3033 574 3072 Rhesi.
622 3044 778 3081 super
820 3033 1038 3079 luncho,
1085 3046 1195 3081 quo.
1261 3037 1351 3084 Rig.
1392 3040 1435 3074 et
1476 3037 1627 3077 SemL=

27 3098 164 3138 =uper
193 3089 375 3136 pilum,
407 3101 526 3135 quo,
559 3100 667 3136 quae
698 3093 763 3126 est
793 3089 1085 3137 interpretatio
1117 3102 1154 3130 v,
1184 3103 1246 3140 gr.
1278 3089 1429 3142 λόγχη.

60 3535 112 3554 ιιιιι
