1942 3554
256 244 385 289 134
799 245 883 284 DE
924 245 1330 284 MONOGAMIA.

260 368 362 408 ctus
392 358 573 405 iteratis
611 358 916 404 matrimoniis
955 358 1204 420 colligant,
1249 358 1396 405 ubera
1433 358 1661 406 fluitantia
1691 367 1741 406 et
1770 368 1885 421 ute-v
1929 381 1933 384 ’

258 446 338 477 ros
383 436 664 474 nauseantes
712 436 761 474 et
805 428 1007 474 infantes
1044 429 1294 491 pipianteS.
1369 427 1544 476 Parent
1581 429 1878 488 antichristo,
1914 442 1916 444 ’

258 502 303 546 in
349 514 466 561 quae
513 496 806 570 libidinosius
851 499 1084 556 saeviat·
1094 497 1312 566 adducet
1355 499 1447 546 illis
1501 499 1748 547 carnifices
1782 494 1879 547 'ob-

256 570 490 617 stetriceS.

401 644 480 689 17.
543 637 795 686 Habebunt
825 639 963 702 plane
997 638 1186 686 Christo
1220 638 1345 702 quod
1375 640 1584 703 allegent
1613 628 1889 704 speciosum}¹

256 710 575 791 privilegium,
625 711 779 757 carnis
819 726 1149 774 usquequaque
1180 710 1566 758 imbecillitatem.
1629 710 1726 758 Se'd
1757 711 1891 759 hanes

256 780 571 828 iudicabunt
560 797 650 827 iam
682 798 773 827 non
806 780 938 828 Isaac
970 797 1274 843 monogamus
1305 790 1442 844 pater
1472 789 1648 839 noster,
1681 797 1770 828 nec
1804 781 1880 829 lo-

257 867 402 899 annes
433 851 576 914 aliqui
610 851 783 897 Christi
816 850 980 915 spado,
1013 867 1101 898 nec
1115 818 1289 898 t>Iudith
1322 852 1418 898 filia
1446 851 1648 910 Merari,
1689 868 1777 899 nec
1809 859 1883 899 tot

256 923 351 969 alia
389 922 603 984 exempla
642 931 926 968 sanctorum.
990 920 1157 969 Solent
1194 923 1370 969 ethnici
1408 921 1589 970 iudices
1634 921 1894 970 destinari.¹

257 992 494 1055 Exsurget
545 993 712 1055 regina
758 992 1056 1055 Caithaginis
1095 1001 1144 1039 et
1197 992 1427 1040 decernet
1469 994 1518 1039 in
1571 983 1879 1050 Christianas,
1925 1021 1935 1026 -

259 1079 376 1127 quae
408 1064 611 1127 profuga
641 1072 690 1110 et
721 1064 767 1110 in
799 1062 954 1110 alieno
995 1064 1097 1110 solo
1131 1072 1179 1110 et
1204 1071 1367 1110 tantae
1408 1064 1611 1121 civitatis
1644 1080 1753 1114 cum
1784 1079 1882 1110 ma·
1934 1064 1937 1065 ⁷

256 1135 380 1181 xime
411 1134 674 1190 formatrix,
715 1150 818 1180 cum
849 1135 977 1195 regis
1009 1135 1192 1203 nuptias
1230 1134 1353 1180 ultro
1394 1142 1582 1197 optasse
1620 1132 1879 1191 debuisset,

257 1220 316 1251 ne
348 1212 503 1250 tamen
541 1201 772 1250 secundas
804 1219 885 1250 eas
917 1205 1238 1267 experiretur,
1279 1205 1441 1251 maluit
1471 1220 1497 1251 e
1537 1206 1777 1252 contrario
1808 1205 1883 1252 uri
1933 1254 1938 1257 ,

258 1290 393 1337 quam
424 1274 618 1320 nubere.
679 1272 924 1320 Assidebit
951 1283 1003 1320 et
1032 1275 1100 1320 illi
1131 1283 1345 1320 matrona
1376 1273 1612 1356 Romana,
1643 1290 1761 1340 quae
1794 1275 1885 1328 etsi
1940 1275 1942 1292 ⁴

256 1360 344 1409 per
372 1346 465 1391 vim
504 1352 781 1390 nocturnam
820 1345 1118 1391 nihilominus
1158 1353 1355 1408 experta
1393 1346 1533 1396 alium
1569 1346 1744 1428 virum,
1785 1361 1884 1409 ma·

259 1415 409 1463 culam
450 1415 604 1462 carnis
650 1431 734 1461 suo
781 1416 1006 1477 sanguine
1054 1415 1221 1473 abluit,
1268 1423 1320 1462 ut
1348 1417 1692 1498 monogamiam
1731 1417 1779 1463 in
1810 1431 1886 1463 se·-
1935 1439 1942 1471 ·;

256 1487 500 1550 metipsam
529 1483 811 1533 vindicaret.
873 1485 1079 1532 Fuerunt
1109 1495 1158 1534 et
1196 1501 1313 1549 quae
1344 1502 1436 1550 pro
1469 1488 1583 1535 viris
1621 1502 1740 1535 mori
1770 1487 1885 1534 mal·

260 1562 380 1614 lent,
414 1573 548 1620 quam
587 1565 694 1619 post
729 1557 857 1603 viros
896 1557 1089 1604 nubere.
1151 1556 1296 1604 Idolis
1329 1565 1460 1604 certe
1500 1566 1549 1605 et
1588 1558 1886 1620 monogamia
1932 1550 1942 1602 2}

259 1636 309 1676 et
336 1626 538 1676 viduitas
577 1635 822 1690 apparent.
884 1625 1119 1674 Fortunae
1158 1627 1373 1675 muliebri
1413 1637 1637 1676 coronam
1675 1629 1885 1676 non-im-
1924 1683 1942 1690 ,

259 1699 408 1763 ponit,
441 1699 529 1745 nisi
559 1699 764 1755 univira,
803 1698 925 1745 sicut
954 1713 1042 1746 nec
1075 1700 1212 1746 matri
1247 1698 1476 1746 Matutae.
1536 1698 1758 1747 Pontifex
1786 1714 1885 1750 ma·
1938 1742 1942 1743 ⁷

258 1770 409 1816 ximus
446 1778 513 1816 et>
538 1769 772 1815 flaminica
808 1769 987 1817 nubunt
1024 1770 1184 1816 semel.
1275 1763 1481 1816 Cerc‘ris·
1502 1769 1778 1830 sacerdotes
1814 1770 1886 1818 vi-

258 1839 474 1887 ventibus
513 1839 654 1887 etiam
690 1839 804 1886 viris
843 1848 900 1906 et·
938 1839 1342 1887 consentientibus
1389 1841 1540 1892 amica
1584 1841 1884 1904 separatione
1938 1856 1942 1902 j

259 1909 522 1958 viduantur.
587 1908 706 1956 Sunt
736 1918 784 1957 et
815 1918 947 1973 quae*
974 1910 1032 1958 de
1065 1919 1165 1957 tota
1204 1911 1497 1958 continentia
1533 1910 1747 1959 iudicent
1782 1926 1885 1969 nos,

259 1982 468 2044 virgines
504 1979 682 2028 Vestae
722 1989 771 2028 et
809 1980 998 2028 Iunonis
1033 1980 1276 2029 Achaicae
1315 1990 1365 2028 et
1402 1981 1581 2041 Dianae
1603 2029 1605 2033 Α
1629 1979 1887 2045 Scythicae

261 2061 312 2099 et
340 2050 575 2116 Apollinis
606 2050 779 2115 Pythii.
869 2051 1025 2099 Etiam
1055 2052 1190 2100 bovis
1229 2053 1353 2099 illius
1382 2051 1612 2119 Aegyptii
1652 2053 1887 2100 antistites

261 2121 321 2170 de
354 2122 646 2170 continentia
677 2122 994 2169 infirmitatem
1027 2122 1398 2187 Christianorum
1429 2122 1738 2172 iudicabunt.-
1763 2119 1888 2175 *Ei-u,-
1940 2166 1942 2169 ,

261 2193 429 2250 besec,
477 2199 613 2249 carc,
662 2208 780 2255 quae
821 2191 1055 2240 Christum
1095 2191 1301 2240 induisti.
1370 2191 1582 2241 Sufficiat
1614 2193 1704 2242 tihi
1734 2191 1888 2242 ,semel

262 2263 456 2320 nubere,
489 2264 536 2309 in
569 2261 693 2324 quod
724 2278 752 2308 a
780 2261 1038 2325 primordio
1070 2263 1199 2310 facta
1229 2279 1296 2320 eS,
1328 2263 1375 2309 in
1408 2262 1532 2326 quod
1562 2279 1592 2310 a
1614 2263 1712 2310 {ine
1732 2264 1777 2323 ¹)
1810 2278 1888 2311 re-

261 2334 465 2381 vocaris.
527 2330 647 2378 Redi
678 2333 725 2379 in
754 2331 909 2379 Adam
938 2333 1026 2379 vel·
1044 2334 1275 2396 priorem,
1308 2333 1347 2380 si
1385 2333 1445 2393 in,
1465 2333 1762 2381 novissimum
1793 2349 1888 2380 non

263 2412 415 2467 potes.
478 2400 636 2450 Semel
667 2404 871 2465 gustavit
900 2403 980 2450 ille
1013 2401 1071 2450 de
1103 2403 1299 2460 arbore,
1331 2403 1477 2450 semel
1509 2404 1888 2467 concupiit,-se·
1933 2455 1942 2461 ,

263 2474 356 2521 mel
400 2471 619 2538 pudenda
663 2475 894 2536 protexit,
934 2474 1080 2521 semel
1118 2472 1209 2521 deo
1242 2473 1451 2531 erubuit,
1490 2474 1638 2529 semel
1667 2471 1888 2522 ruborem

263 2561 394 2592 suum
425 2542 688 2601 abscondit,
721 2544 867 2591 semel
900 2542 958 2592 de
989 2543 1209 2608 paradiso
1242 2545 1505 2602 sanctitatis
1536 2544 1781 2601 exsulavit,
1813 2559 1888 2592 se-

265 2615 356 2662 mel
402 2613 572 2663 exinde
619 2615 791 2678 nupsit.
855 2613 907 2662 Si
944 2616 993 2662 in
1031 2615 1111 2662 illo
1143 2616 1294 2673 fuisti,
1335 2614 1480 2662 habes
1511 2615 1887 2673 tuam'formatm

265 2686 305 2732 si
342 2686 389 2732 in
430 2685 663 2732 Christum
703 2686 934 2742 transisti,
981 2687 1150 2733 melior
1186 2701 1291 2733 esse
1331 2683 1557 2734 debebis.
1616 2685 1799 2737 Exhibe
1830 2687 1886 2733 te

265 2757 454 2804 tertium
482 2755 636 2804 Adam
667 2764 717 2803 et
744 2756 867 2804 hunc
899 2755 1147 2819 digamum,
1180 2765 1231 2805 et
1258 2764 1369 2804 tunc
1398 2756 1578 2820 poteris
1609 2771 1730 2814 esse,
1764 2753 1888 2820 quod
1939 2768 1942 2769 ’

267 2827 393 2874 inter
423 2825 539 2873 duos
570 2842 663 2874 non
693 2835 846 2891 potes.

384 2981 428 3030 1)
446 2981 575 3019 Rhen.
593 2981 902 3022 etFr.1unius:
933 2982 983 3021 in
1015 2982 1144 3031 quod
1175 2986 1227 3021 et
1256 2982 1368 3020 fine
1397 2992 1498 3021 rev.

808 3129 1345 3151 ψ
