1942 3554
475 170 697 213 CONTRA
729 167 1037 212 GNOSTtooS
1067 164 1381 211 s'coRPIAcE.
1618 170 1734 219 227

75 306 231 378 ⁸uem3
295 317 419 365 ultro
461 316 731 380 inteHigere
771 313 994 362 debemus
1035 312 1294 361 divinarum
1334 321 1382 360 et
1415 309 1734 360 denuntiatio-

75 401 210 438 ·num'
238 394 288 438 et
318 388 674 436 exsecutionum
712 386 1048 442 intentionem,
1098 385 1187 432 iam
1226 392 1339 430 tunc
1379 382 1618 447 martyriis
1650 398 1731 445 pa-

98 461 383 509 trocinatam
422 475 515 505 non
546 455 686 504 modo
734 468 827 503 non
867 452 1156 513 dubitandis,
1203 466 1366 502 verum
1406 454 1545 501 etiam
1594 453 1734 500 susti-

96 529 282 588 nendis,
317 528 484 593 quibus
514 528 701 575 scilicet
733 527 886 573 locum
918 525 1105 573 fecerat
1135 518 1433 589 prohibendo
1466 522 1734 571 idololatri-

93 611 200 660 επις
249 599 389 646 alit'er
419 599 540 645 e'nim
573 596 798 661 martyria
829 611 920 643 non
955 596 1219 643 evenirent.
1282 594 1343 641 Et
1373 595 1535 659 utique
1567 603 1734 642 aucto-

71 668 288 720 ·fita'te'm
321 681 449 716 suam
480 676 859 732 praestruxerat,
906 666 1072 713 volens
1104 680 1163 713 ea
1195 666 1412 722 evenire,
1462 666 1629 728 quibus
1662 665 1733 711 lo-

62 749 204 790 -eum
249 739 450 788 fecerat.
510 737 648 786 Nunc
696 739 817 785 enim
867 735 925 784 de
967 736 1044 784 dei
1081 735 1323 783 voluntate
1356 736 1732 799 compungimur,

99 807 150 860 ὀὶ
178 809 438 874 ingeminat
468 809 685 872 scorpius
716 808 920 872 plagam,
962 807 1082 854 hanc
1115 823 1310 870 negans,
1344 806 1465 853 hanc
1499 821 1732 853 accusans

65 891 69 894 ⁴
96 878 402 938 voluntatem,
435 887 486 927 ut
515 887 595 927 aut
625 879 763 926 alium
799 877 934 925 deum
967 878 1198 935 insinuet,
1233 878 1364 925 cuius
1396 877 1516 924 haec
1547 893 1641 923 non
1674 876 1734 923 sit

85 950 340 1010 ‘voiuntas'‚
387 958 467 999 aut
496 958 708 997 nostrum
738 949 1038 996 nibilominus
1079 947 1311 1006 destruat,
1361 947 1495 995 cuius
1534 947 1641 994 talis
1675 948 1735 993 sit

96 1022 330 1080 voluntas}
362 1030 442 1069 aut
473 1021 660 1068 omnino
681 1029 828 1084 neget
853 1020 1139 1067 voluntatem
1173 1018 1265 1077 dei,
1299 1019 1339 1065 si
1371 1018 1521 1082 ipsum
1553 1033 1733 1082 negare

99 1110 195 1142 non
239 1093 462 1158 potuerit.
524 1091 628 1138 Nos
677 1099 832 1138 autem
880 1090 938 1137 de
988 1089 1078 1136 deo
1119 1089 1230 1136 alibi
1270 1087 1552 1137 dimicantes
1592 1098 1642 1136 et
1673 1088 1732 1135 de

98 1162 284 1228 reliquo
333 1175 537 1227 corpore
584 1161 859 1209 haereticae
906 1162 1133 1224 cuiusque
1188 1159 1459 1218 doctrinae,
1515 1174 1638 1206 nunc
1686 1160 1732 1205 in

100 1250 237 1283 unam
268 1234 475 1298 speciem
508 1232 865 1296 congressionis
897 1239 1054 1279 certas
1077 1229 1408 1294 praeducimus
1440 1231 1605 1288 lineas,
1639 1246 1732 1277 non

96 1305 296 1352 alterius
350 1302 427 1351 dei
483 1318 617 1367 quam
664 1302 855 1350 Israelis
911 1300 1013 1349 eam
1060 1300 1375 1349 defendentes
1426 1302 1731 1358 voluntatem,

101 1378 223 1441 quae
254 1374 494 1439 martyriis
526 1373 680 1421 locum
711 1373 907 1431 fecerit,
947 1382 1040 1419 tam
1074 1387 1134 1420 ex
1165 1373 1434 1436 praeceptis
1465 1372 1733 1436 prohibitae

101 1455 311 1509 semper,
362 1460 496 1509 quam
544 1459 603 1491 ex
648 1443 835 1491 iudiciis
881 1444 1071 1506 punitae
1119 1442 1438 1490 idololatriae.
1511 1442 1562 1489 Si
1610 1443 1733 1489 enim

101 1524 405 1581 praeceptum
438 1513 734 1562 observando
766 1514 857 1561 vim
898 1513 1077 1576 patior,
1126 1513 1217 1561 hoc
1258 1514 1350 1560 erit
1389 1512 1732 1577 quodammodo

100 1584 385 1635 observandi
415 1593 742 1650 praeceptum,
788 1593 836 1631 ut
867 1582 916 1630 id
947 1585 1122 1648 patiar,
1168 1595 1258 1647 per
1288 1583 1413 1648 quod
1444 1593 1617 1648 potero
1650 1583 1735 1630 ob-

101 1668 295 1706 servare
327 1665 650 1721 praeceptum,
682 1656 774 1703 vim
807 1655 1008 1719 scilicet,
1044 1669 1354 1719 quaecunque
1379 1655 1492 1701 mihi
1523 1655 1735 1702 imminet

100 1727 289 1776 ¹'caventi
342 1726 400 1774 ab
455 1725 742 1774 idololatria.
823 1724 884 1771 Et
937 1725 1098 1788 utique
1154 1727 1231 1789 qui
1282 1726 1482 1789 imponit
1534 1739 1734 1788 praece-

102 1806 254 1864 ptum,
303 1806 556 1861 extorquet
595 1795 893 1859 obsequium,
955 1812 1048 1842 non
1088 1796 1242 1859 potuit
1283 1807 1400 1859 ergo
1434 1795 1644 1842 noluisse
1676 1807 1736 1842 ea

62 1882 69 1886 ·
102 1865 322 1926 evenire,
368 1879 455 1932 per
486 1882 605 1930 quae
639 1865 874 1912 constabit
915 1865 1207 1929 obsequium.
1268 1865 1620 1914 Praescribitur
1648 1865 1735 1911 mi-

100 1935 169 1996 bi,
200 1954 259 1986 ne
292 1948 430 2002 quem
460 1937 601 1983 alium
634 1935 770 1983 deum
804 1935 978 1994 dicam,
1021 1952 1080 1983 ne
1111 1937 1188 1983 vel
1223 1935 1425 1984 dicendo
1459 1953 1551 1983 non
1584 1938 1734 1983 minus

103 2008 263 2073 lingua
296 2016 429 2072 q‘uam
462 2022 596 2055 mann
630 2005 765 2054 deum
798 2007 990 2071 fingam,
1032 2021 1185 2071 neque
1217 2007 1357 2053 alium
1388 2006 1607 2064 adorem,
1654 2015 1735 2053 aut

106 2090 294 2144 quoquo
324 2076 465 2125 modo
495 2090 719 2135 venerer,
760 2088 954 2140 praeter
983 2078 1170 2124 unicum
1202 2077 1353 2136 illum,
1401 2078 1477 2142 qui
1510 2078 1575 2124 ita
1607 2093 1734 2123 man-

105 2149 199 2208 dat,
233 2158 370 2214 quem
402 2150 452 2196 et
481 2148 651 2196 iubeor
679 2148 863 2206 timere,
898 2164 956 2195 ne
990 2147 1047 2195 ab
1081 2164 1138 2194 eo
1174 2146 1391 2206 deserar,
1434 2157 1484 2195 et
1515 2146 1573 2194 de
1607 2149 1732 2194 omni

79 2220 364 2277 „substantia
410 2218 635 2284 dirigere,
682 2228 732 2266 ut
773 2235 861 2283 pro
909 2235 971 2267 eo
1014 2220 1204 2265 moriar.
1267 2218 1387 2266 Huic
1434 2227 1731 2266 sacramento

101 2290 305 2350 militaus
334 2289 393 2337 ab
424 2290 638 2338 hostibus
671 2301 948 2354 provocor,
983 2300 1070 2353 par
1107 2306 1205 2336 sum
1251 2290 1344 2337 inis
1376 2291 1416 2336 si
1447 2289 1540 2336 inis
1571 2304 1732 2336 manus

63 2390 66 2392 v
100 2351 311 2421 ‹feder03
347 2360 439 2409 hoe
471 2359 773 2408 defendendo
807 2359 1028 2426 depugno
1062 2361 1107 2406 in
1140 2361 1261 2417 acie,
1294 2360 1535 2416 vulneror,
1569 2359 1732 2406 conci-

76 2427 210 2490 Jdm‘,
241 2430 452 2479 occidor.
515 2431 627 2490 Quis
658 2431 782 2478 hunc
813 2430 948 2477 militi
980 2446 1065 2477 suo
1098 2431 1274 2478 exitum
1313 2430 1484 2486 voluit,
1533 2429 1622 2475 nisi
1654 2429 1733 2492 qui

79 2494 191 2569 71²5·
219 2512 321 2550 eum
353 2511 653 2550 sacramen-to·
682 2502 1009 2564 consignavit?

218 2570 266 2624 ὅ.
313 2570 470 2620 HaBes
515 2573 662 2635 igitur
707 2570 783 2617 dei
830 2571 922 2617 mei
968 2571 1271 2617 voluntatem.
1351 2569 1611 2616 Occursum
1659 2578 1733 2616 est

76 2637 215 2690 ‘linfa
258 2642 444 2707 plagae.
509 2643 559 2690 lu
606 2642 744 2688 alium
790 2641 935 2688 ictum
974 2638 1331 2688 consideremus
1376 2639 1437 2688 de
1480 2639 1732 2687 voluntatis

85 2709 346 2776 qualitate.
407 2712 621 2774 Longum
662 2718 757 2769 est,
806 2720 856 2758 ut
895 2711 1034 2758 deum
1071 2726 1223 2758 meum
1260 2710 1431 2758 bonum
1466 2708 1727 2769 ostendam,

75 2778 235 2846 'quod
279 2783 373 2828 iam
407 2798 433 2829 a
472 2781 609 2829 nobis
655 2781 924 2829 didicerunt
962 2780 1290 2829 Marcionitae.
1351 2781 1498 2829 Deum
1541 2781 1729 2828 interim

105 2848 282 2898 sufficit
313 2846 428 2909 diei,
474 2856 526 2899 ut
556 2862 755 2899 necesse
788 2848 848 2898 sit
880 2852 1048 2899 boumn
1082 2850 1240 2911 credi3
1290 2852 1458 2900 malum
1490 2852 1615 2899 enim
1647 2850 1733 2899 de-

70 2930 184 2979 gum
213 2921 292 2985 qni
320 2923 679 2984 praesumserit,
721 2928 941 2969 constare
974 2922 1021 2967 in
1052 2931 1251 2986 utroque
1283 2934 1375 2970 non
1407 2923 1610 2986 poterit,
1652 2932 1732 2969 aut

102 2988 241 3039 deum
275 3002 453 3055 negare·-
486 2991 694 3049 deheim,
735 3002 868 3055 quem
902 2993 1069 3039 maium
1102 2993 1404 3051 existimarit,
1447 3002 1527 3040 aut
1556 2993 1731 3039 bonum

79 3059 291 3126 T(licere,
343 3078 477 3126 quem
518 3061 653 3108 deum
694 3062 1020 3124 pronuntiarit.
1082 3062 1213 3110 Bona
1251 3065 1398 3127 igitur
1435 3066 1529 3111 erit
1568 3073 1616 3109 et
1646 3080 1730 3109 vo-

68 3129 254 3179 ‘luntas
294 3133 416 3190 cius,
467 3133 543 3196 qai
583 3132 673 3178 nisi
708 3131 885 3190 bonus,
930 3149 1022 3179 non
1061 3134 1154 3181 erit
1185 3133 1315 3182 deus.
1379 3133 1607 3181 Probabit
1638 3133 1729 3179 hoc

1271 3232 1374 3281 15*
