1942 3554
319 217 403 260 32>
907 216 990 253 DE
1027 214 1361 254 BAPTISMO.
1895 154 1910 253 i

322 332 527 394 gentium
558 338 738 384 terrae,
786 329 925 385 falsa,
972 328 1218 392 probrosa.
1293 325 1414 373 Nam
1459 334 1510 372 ut
1554 327 1602 373 in
1632 321 1942 391 istoqu0³

323 402 509 448 domino
556 398 768 445 diabolus
814 399 1152 456 aemularetur,
1214 398 1352 461 quasi.
1388 397 1526 461 plane
1573 412 1634 444 ex
1676 398 1779 461 pari
1825 402 1884 456 (

322 469 445 535 quod
490 470 592 533 ipsa
637 469 884 516 diversitas
930 470 1039 516 mali
1076 476 1128 516 'et
1163 468 1276 516 honi
1314 468 1575 532 aequaliter
1611 461 1899 530 magnitudi‘

320 558 407 606 par
437 545 525 597 est)
575 539 738 588 docuit
782 549 831 587 et
874 556 982 587 suos
1029 540 1300 604 patientiam
1344 539 1605 602 propriam:
1651 539 1777 586 illam
1815 528 1942 586 dis?

322 627 439 676 quae
470 612 664 658 maritos
695 610 806 658 dote
836 612 1028 658 venales
1073 618 1154 657 aut
1197 610 1444 657 lenociniis
1484 609 1782 672 negotiantes
1891 606 1894 612 ’

321 699 422 730 rum
481 683 792 746 potestatibus
851 681 1069 740 subiicit;
1139 696 1257 744 quae
1316 672 1604 744 aucupandis
1665 679 1855 729 orbitati
1870 672 1923 732 «j,-

324 769 505 801 omnem
538 754 694 806 coacti
726 753 940 817 obsequii
970 753 1181 800 laborem
1213 751 1418 799 mentitis
1448 750 1782 798 affectionibus
1822 747 1890 815 tol
1928 793 1930 796 ,

322 833 418 883 rat3
466 840 583 887 quae
613 825 792 871 ventris
824 825 1069 887 operarios
1102 822 1452 870 contumeliosis
1490 821 1790 885 patrociniis,
1838 837 1874 868 s

322 896 529 943 iectione
562 894 794 942 libertatis
825 895 986 957 gulae,
1019 892 1200 941 addicit
1216 894 1278 953 1).
1353 892 1487 940 Talia
1516 892 1732 940 nationes
1762 892 1906 957 pati

321 967 417 1013 tiae
449 964 603 1013 studia
633 974 886 1022 noverunt,
935 973 983 1012 et
1027 964 1145 1011 tanti
1176 963 1289 1010 boni
1320 979 1491 1010 nomen
1521 961 1675 1010 foedis
1707 978 1926 1027 opera

322 1037 456 1085 nibus
496 1045 752 1100 occupant3
800 1037 1034 1100 patientes
1073 1035 1286 1081 rivalium
1324 1042 1374 1081 et
1410 1033 1602 1081 divitum
1641 1040 1691 1081 et
1726 1034 1907 1080 invita

322 1126 446 1166 rum,
479 1108 776 1171 impatientes
807 1107 951 1152 solius
982 1105 1060 1152 dci
1089 1106 1263 1151 vivunt.
1341 1102 1437 1151 Sed
1479 1103 1655 1151 viderit
1683 1119 1768 1152 sua
1799 1112 1850 1151 ct
1885 1125 1902 1154 ι..

322 1177 553 1243 praesidis
569 1180 614 1237 2)
648 1177 899 1241 patientia,
941 1191 1076 1239 quam
1115 1174 1277 1221 subter
1315 1174 1437 1236 ignis
1468 1181 1730 1237 exspectat.
1807 1173 1893 1230 Cq
1927 1171 1930 1174 ’

323 1266 424 1296 rum
455 1265 540 1295 nos
559 1264 776 1295 amemus
806 1247 1081 1311 patientiam
1113 1243 1215 1302 dei,
1247 1245 1521 1309 patientiam
1547 1244 1746 1303 Christi3
1777 1260 1862 1308 rep
1876 1231 1903 1303 Ἐγ
1935 1302 1939 1304 v

323 1320 484 1367 damus
515 1319 606 1376 illi,
655 1335 789 1383 quam
835 1334 922 1382 pro
969 1317 1103 1363 nobis
1142 1316 1242 1380 ipse
1275 1314 1524 1379 dependit3
1571 1314 1822 1363 offeramus

322 1391 533 1438 tientiam
579 1390 794 1454 spiritus,
858 1385 1140 1453 patientiam
1180 1387 1358 1446 carnis,
1420 1387 1498 1452 qui
1551 1386 1921 1447 resurrectioff

326 1463 480 1510 carnis
512 1470 560 1509 et
589 1462 779 1527 spiritus
812 1459 1060 1508 credimus.
1872 1451 1878 1466 f

859 1653 1390 1675 ————-—-=—·-—-----

1070 1828 1188 1882 ,DE
1868 1817 1942 1890 ‘33

679 1957 1590 2029 BAPTISMO.

472 2219 516 2264 1.
579 2213 711 2260 Felix
742 2221 1082 2259 sacramentum
1114 2228 1263 2275 aquae
1295 2219 1510 2268 nostrae,
1557 2210 1647 2275 qua
1692 2209 1838 2260 abluti
1867 2190 1914 2265 '‘⁴'sp

329 2285 451 2332 lictis
482 2285 707 2348 pristinae
741 2283 986 2330 caecitatis
1018 2283 1064 2328 in
1094 2284 1236 2329 vitam
1261 2290 1502 2329 aeternam
1535 2281 1809 2347 liberamur!
1888 2298 1924 2344 ,⁴2

330 2357 421 2404 erit
452 2356 651 2402 otiosum
691 2353 923 2416 digestum
961 2351 1108 2410 istud,
1155 2353 1388 2402 instruens
1432 2359 1527 2399 tam
1572 2366 1678 2409 eos,
1726 2351 1804 2415 qui
1866 2340 1894 2415 '¹‘

327 2428 526 2475 maxime
558 2427 839 2481 formantur,
874 2439 1007 2487 quam
1040 2431 1088 2469 et
1119 2422 1247 2479 illos,
1281 2422 1358 2485 qui
1389 2421 1668 2485 simpliciter
1691 2417 1866 2471 credid

331 2498 563 2554 contenti,
612 2512 704 2542 non
751 2495 1009 2559 exploratis
1054 2493 1312 2543 rationibus
1342 2491 1646 2539 traditionum
1676 2482 1890 2546 intenta-³

327 2563 620 2632 probabilem
653 2564 791 2612 fidem
821 2581 908 2628 per
938 2565 1216 2628 imperitiam
1247 2571 1450 2627 portant.
1524 2561 1681 2627 Atque
1713 2561 1834 2610 adeo

327 2655 416 2703 per
461 2645 741 2686 conversata
785 2637 893 2684 istic
940 2632 1167 2700 quaedam
1219 2630 1277 2682 de
1325 2633 1500 2680 Gaiana
1551 2633 1739 2682 haeresi
1788 2634 1832 2681 vi
1895 2662 1898 2677 1

1869 2724 1886 2757 ᾗ

1869 2754 1888 2811 ,2

444 2822 486 2873 1)
522 2823 613 2872 Rig.
655 2821 1058 2860 contumeliosis
1111 2818 1352 2868 patronis
1405 2817 1739 2858 subiectione
1781 2817 1899 2866 lib&

331 2880 460 2918 tatis
514 2879 725 2918 addicit.
771 2880 988 2917 Wouwer.
1036 2889 1059 2915 e
1107 2889 1183 2914 ms.
1230 2876 1650 2915 contumeliosos
1710 2877 1896 2935 patro?

332 2938 461 2975 subi.
495 2937 579 2975 lib.
612 2937 733 2985 gula
765 2936 975 2973 addicit.
1051 2933 1180 2972 Rhen.
1212 2945 1276 2971 vv.
1310 2933 1369 2970 ita
1401 2931 1606 2982 distingui
1637 2930 1771 2969 iubet:
1819 2943 1845 2979 q
1882 2951 1894 2965 -.

328 2994 534 3032 ventris
573 2993 875 3041 operarios,
925 2989 1339 3030 contumeliosis·
1379 2988 1699 3038 patrociniis
1745 2987 1895 3026 subi·

328 3050 474 3088 tione
505 3050 801 3093 libertatis,
849 3049 1007 3097 gulae
1039 3046 1246 3085 addicit.
1369 3047 1414 3095 2)
1445 3046 1691 3083 Rhenanus:
1735 3044 1830 3083 Sed
1864 3049 1893 3083 t

330 3107 501 3145 derint
540 3118 630 3143 sua
662 3109 711 3143 et
750 3105 830 3142 sui
863 3104 1155 3153 praesident,
1201 3099 1292 3152 (ed.
1324 3104 1450 3142 Fran.
1482 3106 1524 3140 et
1552 3103 1665 3140 Lata
1695 3112 1837 3139 suam
1863 3099 1918 3142 ⁵..-

331 3158 649 3215 praesides,)
683 3174 827 3210 quam
859 3161 1119 3210 patientia
1150 3162 1230 3197 etc.
