1942 3554
52 170 87 301 ᾗ
667 199 751 239 DE
779 200 1115 240 PumcmA.
1575 197 1696 243 ιὸῑ1

50 305 137 362 'et
163 311 417 376 naufragos
461 329 544 361 eos
588 315 716 362 iuxta
761 313 899 362 fidem
943 315 1278 379 pronuntiavit,
1332 330 1424 362 non
1468 313 1695 362 habentes

59 420 65 426 .*
82 385 175 432 iam
205 385 419 433 solatium
450 385 578 432 navis
609 386 862 450 ecclesiae.
921 386 1016 434 Illis
1047 387 1168 434 enim
1198 387 1335 435 venia
1364 394 1584 449 negatur,
1619 388 1695 450 qui

58 453 143 502 “de
174 453 269 502 fide
310 456 358 502 in
401 456 731 519 blasphemiam
777 457 1084 520 impegerunt.
1162 457 1380 506 Ceterum
1426 457 1602 504 ethnici
1647 466 1696 504 et

80 523 312 573 haeretici
344 525 550 590 quotidie
583 543 643 574 ex
670 528 958 590 blasphemia
989 537 1246 591 emergunt.
1304 527 1399 575 Sed
1431 529 1519 576 etsi
1545 526 1691 575 dixit.

0 624 7 664 ᾖ·
37 574 252 660 {tradidi
296 612 379 644 eos
409 606 600 645 satanae
632 600 697 645 uti
730 597 1019 667 disciplinam
1051 600 1324 662 acciperent
1353 616 1444 645 non
1475 599 1693 663 blasphe-

0 661 50 707 J
37 665 320 735 mandi1),
361 666 418 715 de
451 670 623 715 ceteris
655 668 793 726 dixit,
841 671 917 732 qui
947 670 1037 716 illis
1068 669 1250 716 traditis
1281 679 1495 728 satanae,
1542 669 1588 716 id
1619 679 1691 717 est

36 719 212 804 }extra
242 738 492 786 ecclesiam
522 741 770 802 proiectis,
805 739 979 787 erudiri
1011 740 1242 787 haberent
1278 740 1688 804 blasphemandum

3 806 9 809 “
42 823 169 855 ιιοιι
200 807 320 856 csse.
370 807 451 855 Sic
483 811 628 872 igitur
658 817 706 856 et
735 812 962 858 incestum
987 810 1323 858 fornicatorem
1350 829 1442 857 non
1466 813 1511 858 in
1530 828 1688 859 emen-

32 876 332 936 dationem,
365 879 448 926 sed
478 881 525 927 in
554 879 866 943 perditionem
892 879 1085 927 tradidit
1107 890 1314 939 satanae,
1348 881 1407 928 ad
1440 898 1572 945 quem
1597 884 1687 929 iam

32 941 215 1030 {super
243 949 457 997 ethnicos
487 949 800 1013 delinquendo
840 953 1112 1009 transierat,
1158 960 1210 999 ut
1254 951 1493 1000 discerent
1538 954 1685 1000 forni-

72 1017 269 1066 candum
291 1035 392 1066 non
417 1036 537 1068 esse.
570 1020 782 1085 Denique
815 1023 861 1068 in
893 1023 1151 1081 interitum,
1184 1023 1354 1087 inquit,
1389 1024 1558 1082 carnis,
1591 1041 1684 1070 non

35 1089 117 1136 in
148 1091 428 1149 cruciatum,
460 1108 606 1154 ipsam
636 1092 936 1139 substantiam
970 1092 1213 1151 damnans,
1259 1111 1302 1158 p·
1298 1110 1346 1141 ’,ι’
1384 1110 1517 1158 quam
1555 1096 1685 1142 exci-

69 1157 227 1219 derat,
262 1177 379 1225 quae
411 1161 580 1209 exinde
611 1164 702 1210 iam
732 1165 942 1225 perierat
970 1164 1246 1226 baptismate
1279 1166 1471 1220 amisso,
1510 1174 1562 1212 ut
1591 1167 1684 1247 spi-

67 1231 208 1288 rituS,
240 1232 410 1296 inquit,
443 1233 596 1280 salvus
627 1235 687 1280 sit
717 1234 764 1279 in
795 1233 872 1281 die
905 1233 1159 1295 domini2).
1235 1234 1296 1282 Et
1339 1234 1397 1282 de
1436 1236 1528 1283 hoc
1561 1238 1682 1283 enim

69 1311 342 1365 quaeratur,
375 1303 414 1350 si
444 1304 634 1367 spiritus
665 1304 862 1351 hominis
893 1306 1036 1369 ipsius
1067 1306 1218 1354 salvus
1258 1307 1362 1353 erit.
1430 1305 1559 1369 Ergo
1592 1307 1683 1354 sal-

64 1387 148 1419 vus
179 1374 271 1420 erit
299 1374 487 1436 spiritus
517 1383 647 1421 tanto
680 1375 862 1424 scelere
893 1373 1118 1440 pollutuS,
1151 1386 1346 1442 propter
1375 1377 1465 1424 hoc
1496 1377 1683 1441 perdita

65 1457 232 1498 carne,
278 1452 330 1490 ut
373 1445 526 1491 salvus
571 1446 632 1495 sit
674 1447 721 1494 in
765 1464 933 1511 poena.
1008 1447 1137 1511 Ergo
1177 1464 1375 1512 poenam
1406 1449 1506 1495 sine
1539 1465 1681 1496 carne

65 1514 279 1565 censebit
308 1516 547 1567 contraria
577 1519 919 1582 interpretatio.
983 1517 1062 1565 Sic
1080 1520 1126 1580 ³)
1158 1520 1551 1566 resurrectionem
1578 1536 1684 1567 car-

21 1578 29 1605 ³³
63 1583 135 1636 nis
166 1590 428 1636 amittimus.
493 1588 720 1653 Superest
749 1591 914 1652 igitur,
946 1598 997 1636 ut
1020 1605 1122 1637 eum
1147 1591 1361 1654 spiritum·
1383 1589 1568 1647 dixerit,
1604 1592 1681 1654 qui

18 1674 29 1727 ζ,
62 1659 112 1707 in
142 1661 350 1707 ecclesia
379 1671 621 1718 censetur,
655 1661 850 1718 salvum,
897 1658 946 1707 id
985 1669 1056 1708 est
1085 1662 1318 1724 integrum
1348 1660 1678 1725 praestandum

14 1766 26 1790 :⁷
61 1731 110 1778 in
140 1729 217 1778 die
249 1730 423 1778 domini
453 1731 511 1778 ab
543 1731 933 1778 immunditiarum
965 1733 1283 1795 contagione,
1305 1733 1461 1779 eiecto
1494 1733 1677 1780 incesto

10 1795 25 1866 ξ
60 1801 369 1850 fornicatore.
426 1800 665 1866 Siquidem
697 1802 954 1864 subiungit:
987 1798 1095 1849 Non
1120 1803 1264 1860 scitis,
1299 1801 1421 1866 quod
1446 1802 1677 1850 modicum

14 1919 18 1926 ,
60 1872 340 1919 fermentum
370 1880 516 1920 totam
548 1871 749 1936 desipiat
780 1874 1162 1936 conspersionem
1178 1875 1242 1932 4).
1303 1873 1364 1919 Et
1394 1882 1548 1922 tamen
1579 1875 1678 1920 for—

6 1985 22 2008 :
61 1943 240 1990 nicatio
271 1944 454 1990 incesta
484 1961 577 1991 non
602 1953 705 1991 erat
727 1942 982 2001 modicum,
1015 1942 1098 1990 sed
1122 1942 1300 2007 grande
1322 1944 1617 1991 fermentum.

205 2018 284 2064 14.
343 2013 407 2060 Et
435 2014 506 2061 his
538 2016 694 2078 itaque
726 2013 968 2071 discussis,
1015 2030 1132 2078 quae
1164 2016 1551 2072 intercesserant,
1599 2031 1676 2062 re-

14 2099 23 2103 ·
59 2082 255 2147 gredior
282 2080 624 2132 ad'secundam
643 2085 1011 2142 Corinthiorum,
1043 2093 1095 2131 ut
1123 2085 1315 2149 probem
1347 2084 1459 2131 illud
1492 2101 1674 2149 quoque

58 2155 261 2219 apostoli
292 2153 488 2202 dictum:
535 2156 738 2203 sufficiat
783 2154 1010 2219 eiusmodi
1055 2155 1229 2203 homini
1274 2157 1535 2220 increpatio
1568 2158 1672 2214 ista,

5 2245 24 2276 »ι
59 2240 178 2290 quae
208 2241 237 2272 a
265 2225 418 2273 multis
435 2227 505 2285 5'),
552 2243 644 2273 non
690 2228 736 2273 in
774 2227 1076 2273 fornicatoris
1114 2243 1361 2290 personam
1402 2228 1671 2274 convenire.

18 2326 23 2352 3
59 2294 113 2343 Si
142 2297 263 2344 enim
295 2295 556 2344 dedendum
588 2306 778 2345 satanae
809 2298 1194 2361 pronuntiaverat
1222 2299 1268 2344 in
1299 2298 1535 2344 interitum
1569 2314 1673 2345 car—

58 2367 153 2425 nis,
211 2368 370 2431 utique
417 2366 718 2415 damnaverat
761 2385 865 2416 eum
917 2370 1086 2430 magis,
1149 2384 1281 2431 quam
1328 2369 1670 2431 increpaverat.

55 2435 192 2486 Alius
221 2453 336 2500 ergo
369 2447 493 2497 erat,
534 2441 607 2486 cui
643 2439 792 2486 voluit
827 2439 1047 2486 sufficere
1092 2439 1483 2501 increpationem3
1531 2439 1672 2501 siqui-

19 2532 23 2547 1
57 2506 164 2555 dem
193 2507 454 2555 fornicator
482 2526 573 2557 non
604 2510 974 2571 increpationem
1006 2508 1063 2555 de
1095 2509 1324 2555 sententia
1366 2509 1465 2554 eius
1495 2509 1672 2556 retule-

22 2579 23 2582 ’
57 2587 154 2635 rat,
187 2576 270 2624 sed
301 2576 658 2627 damnationem.
704 2578 824 2625 Nam
856 2587 904 2625 et
934 2579 1022 2625 hoc
1054 2579 1209 2641 ipsum-
1225 2576 1562 2641 dispiciendum
1587 2579 1671 2626 tibi

26 2647 34 2707 ]
59 2648 234 2706 offero,
266 2664 325 2695 an
355 2649 529 2696 fuerint
556 2652 603 2697 in
636 2649 836 2712 epistola
880 2649 1029 2712 prima
1073 2656 1121 2695 et
1164 2649 1243 2694 alii
1290 2649 1365 2712 qui
1411 2650 1670 2712 apostolum

58 2720 440 2767 contristaverint
468 2719 708 2768 incondite
738 2727 958 2781 agenteS‚
1006 2726 1054 2766 et
1085 2720 1347 2766 contristati
1378 2720 1470 2766 sint
1499 2719 1556 2766 ab
1587 2720 1669 2767 illo

55 2789 427 2854 increpationem
457 2792 720 2839 referentes
750 2790 878 2836 iuxta
922 2805 1105 2836 sensum
1128 2823 1129 2826 ι
1151 2790 1378 2852 epistolae
1417 2789 1666 2848 secundae,

57 2874 119 2908 ex
149 2851 311 2925 quibus
342 2861 389 2907 in
421 2876 478 2907 ea
505 2862 687 2909 veniam
717 2860 882 2923 aliquis
926 2860 1132 2924 potuerit
1176 2858 1387 2924 adipisci.
1445 2858 1668 2909 Animad-

56 2939 290 2979 vertamus
320 2939 474 2978 autem
512 2940 656 2978 totam
702 2931 945 2995 epistolam
989 2931 1204 2995 primam,
1250 2939 1301 2977 ut
1343 2932 1408 2979 ita
1451 2930 1664 2989 dixerim,

26 3103 30 3105 ’
172 3101 216 3150 1)
234 3101 257 3136 1
277 3099 381 3137 Tim.
399 3101 437 3147 1,
456 3101 523 3140 20.
639 3099 681 3148 2)
701 3102 721 3137 1
742 3102 833 3138 Cor.
853 3103 890 3149 5,
911 3103 946 3140 5.
1064 3098 1108 3154 3)
1128 3101 1197 3139 Sic
1215 3100 1332 3140 codd.
1342 3102 1507 3141 Ποινῇ.
1524 3104 1567 3140 et
1581 3103 1663 3140 Ur·-

26 3190 30 3196 .
60 3155 162 3206 nini3
194 3157 343 3196 ceteri:
375 3156 439 3196 Si.
554 3154 599 3207 4)
619 3158 642 3193 1
662 3158 754 3197 Cor.
775 3160 812 3207 5,
832 3160 869 3194 6.
985 3157 1029 3207 5)
1045 3158 1070 3195 2
1090 3159 1181 3197 Cor.
1198 3159 1237 3210 2,
1257 3161 1294 3196 6.
