1942 3554
300 197 411 246 156
754 197 841 234 AD
880 196 1254 236 NATIONES
1286 196 1411 233 LIB.
1448 197 1479 232 1.

292 339 493 385 vinciam
527 337 767 395 sortitum3
800 334 907 383 sed:
941 336 1020 382 ille
1044 336 1334 399 provinciam
1365 336 1558 390 sortitus
1589 345 1686 395 est,
1721 346 1791 384 et:
1824 338 1942 388 hoc

293 409 467 455 factum
501 415 574 453 est
604 405 799 453 Romae.
890 404 1042 453 Nemo
1083 407 1248 454 famam
1286 406 1516 464 nominat,
1562 406 1654 454 nisi
1689 407 1942 468 incertus,

294 478 400 542 quia
439 493 576 524 nemo
615 478 675 523 sit
711 477 856 534 fama,
903 475 988 524 sed
1034 476 1330 525 conscientia
1360 485 1538 537 certus3
1579 492 1716 525 nemo
1763 471 1942 549 famaess¹

293 547 469 605 credit,
510 547 600 594 nisi
632 547 823 604 stultuS,
859 548 966 611 quia
997 547 1184 611 sapiens
1215 563 1307 594 non
1333 545 1487 594 credit
1512 547 1712 595 incerto.
1760 534 1942 608 Famas}

292 627 650 682 quantacunque
690 616 943 664 ambitione
986 616 1152 665 diffusa
1183 626 1277 674 est,
1325 617 1383 664 ab
1415 633 1507 664 uno
1546 617 1796 682 aliquando
1830 580 1942 668 orei

292 697 460 735 exorta
500 689 562 735 sit
608 703 807 737 necesse
847 696 942 748 est,
1000 686 1171 735 exinde
1222 688 1267 734 in
1305 686 1528 736 traduces
1574 677 1942 753 quodammodo}

292 760 555 823 linguarum
604 767 650 806 et
696 758 875 806 aurium
920 760 1070 822 serpit
1116 767 1164 805 et
1207 757 1441 805 modicum
1488 759 1720 822 originum
1751 760 1942 816 vitium]

292 845 507 876 tumores
539 829 784 887 obscurat,
824 838 876 876 ut
906 846 1043 877 nemo
1084 829 1348 892 lecogitet‚
1387 845 1446 876 ne
1484 829 1678 893 primum
1717 828 1831 876 illud
1863 837 1938 884 os}

291 899 538 947 mendacia
557 900 885 959 seminaverit,
906 899 1030 964 quod
1056 914 1198 962 saepe
1217 899 1268 946 fit
1284 907 1363 946 aut
1379 900 1704 947 aemulationis
1721 889 1942 964 ingenim?

293 979 373 1017 aut
403 971 687 1034 suspicionis
720 937 917 1017 arbitrio
949 979 1029 1017 aut
1054 971 1193 1017 etiam
1224 986 1343 1017 nova
1377 968 1629 1018 mentiendi
1654 964 1938 1034 voluptate-*f*

292 1040 390 1088 Sed
427 1041 574 1099 bene,
617 1038 741 1105 quod
781 1042 934 1087 omnia
973 1049 1155 1103 tempus
1193 1040 1398 1098 revelat,
1438 1040 1636 1088 testibus
1668 1041 1931 1101 sententiis{

290 1120 339 1159 et
385 1111 650 1176 proverbiis
696 1111 888 1169 vestris,
944 1111 1135 1174 ipsaque
1182 1120 1368 1168 natura,
1423 1125 1540 1174 quae
1592 1111 1656 1157 ita
1702 1104 1930 1168 ordinata]³

290 1191 384 1240 est,
418 1191 469 1229 ut
500 1182 612 1229 nihil
645 1182 809 1239 lateat,
844 1182 983 1229 etiam
1017 1180 1139 1245 quod
1171 1182 1294 1227 fama
1324 1197 1416 1227 non
1438 1179 1662 1244 prodidit.
1722 1179 1918 1240 Videtessss

291 1218 474 1317 qua’lem
499 1251 758 1316 prodiciam
776 1250 999 1299 adversus
1025 1268 1109 1298 nos
1135 1251 1424 1298 subornastis
1434 1286 1447 1308 ,
1484 1251 1591 1314 quia
1616 1248 1740 1314 quod
1769 1251 1922 1340 semel*

291 1323 460 1371 detulit
483 1331 709 1386 tantoque
735 1331 948 1386 tempme
974 1320 1033 1368 ad
1056 1320 1194 1368 fidem
1219 1320 1564 1378 corroboravit,
1594 1336 1738 1385 usque
1763 1302 1922 1388 adhue·

287 1394 493 1458 probare
535 1410 627 1440 non
667 1395 832 1456 potuit.
908 1392 1127 1455 Principe
1167 1390 1382 1455 Augusto
1423 1407 1592 1438 nomen
1631 1391 1722 1439 hoc
1763 1401 1922 1459 ortuiq

287 1473 383 1522 est,
436 1464 630 1511 Tiberio
671 1463 918 1528 disciplina
957 1463 1056 1509 eius
1096 1463 1271 1520 illuxit,
1319 1462 1402 1509 sub
1443 1461 1640 1510 Nerone
1680 1457 1929 1526 damnatio}

286 1535 502 1593 invaluit,
535 1544 585 1581 ut
616 1535 705 1581 iam
738 1534 845 1581 hinc
879 1534 936 1581 de
969 1550 1174 1597 persona
1198 1532 1519 1596 persecutoris
1543 1530 1841 1597 ponderetis:
1872 1532 1918 1591 si

284 1606 388 1669 pius
421 1605 501 1652 ille
533 1606 779 1669 princeps,
814 1605 941 1667 impii
974 1603 1251 1661 Christiani,
1291 1603 1331 1650 si
1362 1603 1535 1661 iustus,
1561 1603 1599 1649 si
1632 1611 1811 1661 castus,
1844 1595 1919 1657 ἰιιὲ

285 1676 395 1723 iusti
428 1684 477 1722 et
506 1677 675 1723 incesti
703 1675 976 1732 Christiani,
1011 1675 1049 1720 si
1074 1690 1166 1720 non
1192 1674 1338 1720 hostis
1360 1673 1594 1736 publicUS,
1629 1689 1716 1721 nos
1739 1667 1916 1755 public}
1939 1667 1942 1670 ⁴

284 1745 471 1804 hostes3
519 1746 680 1808 quales
729 1746 869 1792 simus
918 1743 1161 1791 damnator
1199 1745 1299 1807 ipse
1347 1743 1705 1802 demonstravit,
1754 1745 1913 1813 utique

287 1816 468 1863 aemula
508 1815 595 1862 sibi
627 1818 842 1878 puniens.
926 1813 987 1860 Et
1031 1823 1187 1861 tamen
1218 1814 1474 1878 permansit
1511 1814 1657 1862 erasis
1703 1807 1911 1871 omnibus

284 1885 375 1932 hoc
409 1885 558 1933 solum
600 1886 855 1933 institutum
886 1883 1223 1943 Neronianum,
1258 1885 1425 1931 iustum
1459 1883 1660 1948 denique
1692 1893 1743 1932 ut
1774 1876 1913 1952 dissi?

282 1957 392 2003 mile
426 1957 494 2003 sui
528 1958 756 2004 auctoris.
822 1955 972 2020 Igitur
1002 1956 1147 2003 aetati
1173 1964 1362 2003 nostrae
1395 1953 1596 2002 nondum
1628 1955 1736 2003 anni
1768 1954 1913 2005 CCL*

281 2026 373 2073 Tot
404 2027 551 2089 miqui
583 2028 792 2083 interea,
852 2035 922 2072 tot
962 2042 1129 2073 cruccs
1162 2025 1451 2073 divinitatem
1483 2034 1792 2084 consecutae,
1839 2031 1912 2075 toit
1939 2020 1942 2077 J

282 2097 507 2142 infantiae
540 2096 832 2154 trucidatae,
882 2105 953 2142 tot
982 2112 1129 2160 panes
1170 2097 1415 2154 cruentati,
1449 2103 1521 2142 tot
1541 2104 1726 2160 strages
1757 2096 1908 2144 luceni-
1938 2151 1942 2156 ⁴

281 2183 457 2224 narum,
487 2174 555 2212 tot
577 2182 767 2214 errores
793 2168 1069 2229 nuptiarum,
1103 2176 1150 2213 et
1181 2166 1331 2214 adhuc
1358 2165 1632 2213 Christianis
1658 2166 1758 2214 sola
1789 2167 1908 2226 fam)
1936 2172 1942 2201 5

284 2236 519 2284 decernit.
599 2236 753 2283 Habet
784 2235 970 2299 quidem
1002 2235 1182 2299 grande
1215 2235 1562 2283 fundamentum
1603 2235 1662 2284 de
1693 2237 1808 2285 vitio
1831 2236 1905 2288 ini·
1938 2292 1939 2295 ,

284 2308 410 2370 genii
459 2308 664 2365 humani,
727 2306 913 2354 felicius
960 2307 1006 2352 in
1055 2306 1241 2352 acerbis
1287 2306 1618 2369 atrocibusque
1663 2302 1903 2367 mentitum&
1940 2348 1942 2368 j

283 2386 454 2441 quanto
491 2379 611 2424 enim
644 2378 779 2440 proni
813 2375 871 2423 ad
904 2376 1146 2433 malitiam,
1182 2384 1311 2422 tanto
1344 2374 1403 2422 ad
1433 2375 1540 2422 mali
1572 2374 1711 2424 fidem
1737 2369 1902 2441 opponib
1936 2373 1942 2381 ⁹

283 2449 383 2494 tuni
426 2448 563 2506 estis,
605 2448 791 2494 facilius
832 2446 1034 2510 denique
1074 2446 1193 2493 falso
1241 2446 1384 2504 malo,
1440 2462 1575 2509 quam
1619 2462 1735 2495 vero
1781 2447 1900 2505 boul)

285 2516 514 2566 creditu1.
599 2517 648 2565 Si
690 2533 824 2582 quem
864 2527 1019 2565 tamen
1059 2516 1179 2580 apud
1209 2533 1294 2564 vos
1325 2514 1602 2580 prudentiae
1634 2517 1788 2565 locum
1817 2517 1930 2575 ini-

284 2590 437 2652 quitas
479 2589 770 2652 reliquisset,
817 2587 877 2635 ad
915 2586 1246 2652 explorandam
1279 2587 1428 2634 famae
1468 2586 1605 2634 fidem
1636 2588 1798 2652 utique
1835 2588 1894 2640 in·

284 2660 411 2706 stitia
442 2659 672 2723 poscebat
703 2658 961 2723 dispicere,
987 2675 1013 2706 a
1039 2658 1203 2722 quibus
1233 2658 1462 2721 potuisset
1490 2657 1612 2705 fama
1642 2658 1690 2705 in
1720 2658 1892 2721 vulgum,

284 2730 426 2776 etita
465 2731 511 2775 in
553 2738 698 2777 totum
753 2730 912 2777 orbem
954 2728 1072 2776 dari.
1162 2726 1237 2775 Ab
1291 2729 1407 2792 ipsis
1454 2729 1577 2775 enim
1627 2725 1891 2811 Christian&

283 2815 377 2845 non
417 2801 607 2862 opinor,
657 2817 760 2847 cum
797 2800 875 2847 vel
914 2815 974 2847 ex
1004 2800 1152 2847 forma
1190 2814 1245 2846 ac
1278 2799 1387 2863 lege
1420 2799 1622 2846 omnium
1653 2798 1926 2867 mysteria*

281 2884 382 2915 rum
417 2869 590 2917 silentii
624 2870 741 2919 fides
774 2870 1022 2929 debeature,
1058 2877 1230 2934 quanto
1262 2871 1410 2933 magis
1436 2869 1609 2927 talium,
1641 2885 1761 2933 quae
1790 2854 1886 2932 prii·

282 2937 376 2986 dita
409 2955 501 2986 non
535 2941 768 2989 evitarent
797 2942 983 2989 interim
1015 2941 1210 2988 humana
1242 2938 1644 2988 animadversione
1674 2952 1884 3021 praesen·

281 3019 469 3057 taneum
501 3011 807 3074 supplicium?
853 3011 904 3058 Si
936 3027 1053 3076 ergo
1085 3027 1178 3058 non
1207 3011 1297 3074 ipsi
1327 3008 1596 3075 proditores
1625 3010 1710 3068 sui,
1744 2999 1910 3073 sequi·

281 3089 358 3127 tur
381 3089 432 3127 ut
456 3082 687 3129 extranei.
742 3082 837 3131 Oro
864 3098 971 3141 vos,
1005 3080 1243 3131 extraneis
1266 3079 1390 3129 unde
1415 3080 1603 3138 notitia,
1637 3095 1741 3127 cum
1758 3081 1879 3127 θῐίιιιι

283 3151 406 3199 iusta
445 3160 493 3199 et
523 3152 653 3199 licita
683 3154 909 3217 mysteria
940 3167 1122 3201 omnem
1159 3151 1342 3199 arbitrii
1373 3158 1642 3199 extraneum
1676 3146 1877 3198 caveant
