<?xml version="1.0" encoding="UTF-8"?>
<!DOCTYPE html PUBLIC "-//W3C//DTD XHTML 1.0 Transitional//EN"
    "http://www.w3.org/TR/xhtml1/DTD/xhtml1-transitional.dtd">
<html xmlns="http://www.w3.org/1999/xhtml" xml:lang="en" lang="en">
 <head>
  <title>
</title>
<meta http-equiv="Content-Type" content="text/html;charset=utf-8" />
  <meta name='ocr-system' content='tesseract 3.04.00' />
  <meta name='ocr-capabilities' content='ocr_page ocr_carea ocr_par ocr_line ocrx_word'/>
</head>
<body>
  <div class='ocr_page' id='page_1' title='image "./operatert12tertuoft_0476.png"; bbox 0 0 1942 3554; ppageno 0'>
   <div class='ocr_carea' id='block_1_1' title="bbox 1428 86 1938 151">
    <p class='ocr_par' dir='ltr' id='par_1_1' title="bbox 1428 86 1942 151">
     <span class='ocr_line' id='line_1_1' title="bbox 1428 86 1938 151; baseline 0 -34"><span class='ocrx_word' id='word_1_1' title='bbox 1428 86 1452 117; x_wconf 51' lang='grc' dir='ltr'><strong><em>θ</em></strong></span> <span class='ocrx_word' id='word_1_2' title='bbox 1908 112 1938 151; x_wconf 37' lang='grc' dir='ltr'><strong>«ᾖ</strong></span> 
     </span>
    </p>
   </div>
   <div class='ocr_carea' id='block_1_2' title="bbox 281 249 1525 305">
    <p class='ocr_par' dir='ltr' id='par_1_2' title="bbox 281 249 1525 305">
     <span class='ocr_line' id='line_1_2' title="bbox 281 249 1525 305; baseline -0.002 -2"><span class='ocrx_word' id='word_1_3' title='bbox 281 260 413 305; x_wconf 67' lang='lat'><strong>2⁰4</strong></span> <span class='ocrx_word' id='word_1_4' title='bbox 671 260 755 297; x_wconf 86' lang='lat' dir='ltr'><strong>DE</strong></span> <span class='ocrx_word' id='word_1_5' title='bbox 784 249 1159 298; x_wconf 70' lang='lat' dir='ltr'><strong>Vmermnns</strong></span> <span class='ocrx_word' id='word_1_6' title='bbox 1189 260 1525 301; x_wconf 75' lang='lat' dir='ltr'><strong>vELANmS.</strong></span> 
     </span>
    </p>
   </div>
   <div class='ocr_carea' id='block_1_3' title="bbox 276 369 1942 3048">
    <p class='ocr_par' dir='ltr' id='par_1_3' title="bbox 276 369 1942 3048">
     <span class='ocr_line' id='line_1_3' title="bbox 281 369 1915 440; baseline 0.002 -19"><span class='ocrx_word' id='word_1_7' title='bbox 281 375 371 421; x_wconf 88' lang='lat' dir='ltr'><strong>sibi</strong></span> <span class='ocrx_word' id='word_1_8' title='bbox 401 389 493 419; x_wconf 90' lang='lat' dir='ltr'><strong>non</strong></span> <span class='ocrx_word' id='word_1_9' title='bbox 526 380 612 428; x_wconf 89' lang='lat' dir='ltr'><strong>est,</strong></span> <span class='ocrx_word' id='word_1_10' title='bbox 645 371 738 418; x_wconf 85' lang='lat' dir='ltr'><strong>alia</strong></span> <span class='ocrx_word' id='word_1_11' title='bbox 769 379 841 418; x_wconf 89' lang='lat' dir='ltr'><strong>est</strong></span> <span class='ocrx_word' id='word_1_12' title='bbox 870 369 1012 418; x_wconf 86' lang='lat' dir='ltr'><strong>facta.</strong></span> <span class='ocrx_word' id='word_1_13' title='bbox 1044 370 1269 434; x_wconf 83' lang='lat' dir='ltr'><strong>Exsurge</strong></span> <span class='ocrx_word' id='word_1_14' title='bbox 1300 373 1445 436; x_wconf 87' lang='lat' dir='ltr'><strong>igitur</strong></span> <span class='ocrx_word' id='word_1_15' title='bbox 1471 374 1662 433; x_wconf 86' lang='lat' dir='ltr'><strong>veritas,</strong></span> <span class='ocrx_word' id='word_1_16' title='bbox 1695 383 1744 422; x_wconf 87' lang='lat' dir='ltr'><strong>et</strong></span> <span class='ocrx_word' id='word_1_17' title='bbox 1774 379 1915 440; x_wconf 82' lang='lat' dir='ltr'><strong>quasi·</strong></span> 
     </span>
     <span class='ocr_line' id='line_1_4' title="bbox 280 441 1939 506; baseline 0.002 -15"><span class='ocrx_word' id='word_1_18' title='bbox 280 444 339 491; x_wconf 89' lang='lat' dir='ltr'><strong>de</strong></span> <span class='ocrx_word' id='word_1_19' title='bbox 370 443 599 506; x_wconf 89' lang='lat' dir='ltr'><strong>patientia</strong></span> <span class='ocrx_word' id='word_1_20' title='bbox 631 457 845 504; x_wconf 84' lang='lat' dir='ltr'><strong>erumpe3</strong></span> <span class='ocrx_word' id='word_1_21' title='bbox 886 441 1057 487; x_wconf 91' lang='lat' dir='ltr'><strong>nullam</strong></span> <span class='ocrx_word' id='word_1_22' title='bbox 1086 442 1195 489; x_wconf 90' lang='lat' dir='ltr'><strong>volo</strong></span> <span class='ocrx_word' id='word_1_23' title='bbox 1237 442 1621 493; x_wconf 88' lang='lat' dir='ltr'><strong>consuetudinem</strong></span> <span class='ocrx_word' id='word_1_24' title='bbox 1661 443 1902 506; x_wconf 82' lang='lat' dir='ltr'><strong>defendas,</strong></span> <span class='ocrx_word' id='word_1_25' title='bbox 1937 483 1939 494; x_wconf 55' lang='lat'><em>2</em></span> 
     </span>
     <span class='ocr_line' id='line_1_5' title="bbox 278 511 1942 577; baseline 0.003 -17"><span class='ocrx_word' id='word_1_26' title='bbox 278 530 384 560; x_wconf 89' lang='lat' dir='ltr'><strong>nam</strong></span> <span class='ocrx_word' id='word_1_27' title='bbox 429 513 521 559; x_wconf 91' lang='lat' dir='ltr'><strong>iam</strong></span> <span class='ocrx_word' id='word_1_28' title='bbox 568 520 617 559; x_wconf 92' lang='lat' dir='ltr'><strong>et</strong></span> <span class='ocrx_word' id='word_1_29' title='bbox 661 512 742 558; x_wconf 81' lang='lat' dir='ltr'><strong>illa</strong></span> <span class='ocrx_word' id='word_1_30' title='bbox 788 511 1150 570; x_wconf 91' lang='lat' dir='ltr'><strong>consuetudine,</strong></span> <span class='ocrx_word' id='word_1_31' title='bbox 1199 513 1281 560; x_wconf 92' lang='lat' dir='ltr'><strong>sub</strong></span> <span class='ocrx_word' id='word_1_32' title='bbox 1329 530 1418 577; x_wconf 89' lang='lat' dir='ltr'><strong>qua</strong></span> <span class='ocrx_word' id='word_1_33' title='bbox 1455 522 1502 561; x_wconf 89' lang='lat' dir='ltr'><strong>te</strong></span> <span class='ocrx_word' id='word_1_34' title='bbox 1533 515 1789 576; x_wconf 81' lang='lat' dir='ltr'><strong>fruebaris,</strong></span> <span class='ocrx_word' id='word_1_35' title='bbox 1822 524 1942 572; x_wconf 61' lang='lat' dir='ltr'><strong>eit-z</strong></span> 
     </span>
     <span class='ocr_line' id='line_1_6' title="bbox 276 581 1942 652; baseline 0.003 -21"><span class='ocrx_word' id='word_1_36' title='bbox 276 592 512 648; x_wconf 87' lang='lat' dir='ltr'><strong>pugnatur</strong></span> <span class='ocrx_word' id='word_1_37' title='bbox 529 584 593 643; x_wconf 85' lang='lat'><strong>1),</strong></span> <span class='ocrx_word' id='word_1_38' title='bbox 653 581 720 629; x_wconf 93' lang='lat' dir='ltr'><strong>Te</strong></span> <span class='ocrx_word' id='word_1_39' title='bbox 753 598 856 629; x_wconf 92' lang='lat' dir='ltr'><strong>esse</strong></span> <span class='ocrx_word' id='word_1_40' title='bbox 890 581 1182 640; x_wconf 86' lang='lat' dir='ltr'><strong>demonstra,</strong></span> <span class='ocrx_word' id='word_1_41' title='bbox 1217 600 1334 647; x_wconf 91' lang='lat' dir='ltr'><strong>quae</strong></span> <span class='ocrx_word' id='word_1_42' title='bbox 1363 585 1572 648; x_wconf 90' lang='lat' dir='ltr'><strong>virgines</strong></span> <span class='ocrx_word' id='word_1_43' title='bbox 1601 587 1738 649; x_wconf 91' lang='lat' dir='ltr'><strong>tegis.</strong></span> <span class='ocrx_word' id='word_1_44' title='bbox 1799 587 1942 652; x_wconf 64' lang='lat' dir='ltr'><strong>Ipsa{</strong></span> 
     </span>
     <span class='ocr_line' id='line_1_7' title="bbox 276 654 1942 717; baseline 0.001 -16"><span class='ocrx_word' id='word_1_45' title='bbox 276 655 537 717; x_wconf 85' lang='lat' dir='ltr'><strong>scripturas</strong></span> <span class='ocrx_word' id='word_1_46' title='bbox 568 661 671 699; x_wconf 89' lang='lat' dir='ltr'><strong>tuas</strong></span> <span class='ocrx_word' id='word_1_47' title='bbox 704 654 1037 716; x_wconf 79' lang='lat' dir='ltr'><strong>interpretare,</strong></span> <span class='ocrx_word' id='word_1_48' title='bbox 1073 669 1185 717; x_wconf 83' lang='lat' dir='ltr'><strong>quas</strong></span> <span class='ocrx_word' id='word_1_49' title='bbox 1218 654 1510 702; x_wconf 83' lang='lat' dir='ltr'><strong>consuetudo</strong></span> <span class='ocrx_word' id='word_1_50' title='bbox 1543 672 1636 703; x_wconf 92' lang='lat' dir='ltr'><strong>non</strong></span> <span class='ocrx_word' id='word_1_51' title='bbox 1666 658 1818 717; x_wconf 82' lang='lat' dir='ltr'><strong>novit3</strong></span> <span class='ocrx_word' id='word_1_52' title='bbox 1865 659 1904 706; x_wconf 85' lang='lat' dir='ltr'><strong>si</strong></span> <span class='ocrx_word' id='word_1_53' title='bbox 1927 662 1942 709; x_wconf 61' lang='grc' dir='ltr'><strong>εἴ</strong></span> 
     </span>
     <span class='ocr_line' id='line_1_8' title="bbox 277 725 1942 787; baseline -0.001 -16"><span class='ocrx_word' id='word_1_54' title='bbox 277 725 401 772; x_wconf 89' lang='lat' dir='ltr'><strong>enim</strong></span> <span class='ocrx_word' id='word_1_55' title='bbox 433 732 609 781; x_wconf 85' lang='lat' dir='ltr'><strong>nosset,</strong></span> <span class='ocrx_word' id='word_1_56' title='bbox 643 740 872 787; x_wconf 91' lang='lat' dir='ltr'><strong>nunquam</strong></span> <span class='ocrx_word' id='word_1_57' title='bbox 905 733 1046 771; x_wconf 88' lang='lat' dir='ltr'><strong>esset.</strong></span> <span class='ocrx_word' id='word_1_58' title='bbox 1932 726 1942 742; x_wconf 72' lang='lat'><strong>&#39;²</strong></span> 
     </span>
     <span class='ocr_line' id='line_1_9' title="bbox 422 794 1906 860; baseline 0.005 -20"><span class='ocrx_word' id='word_1_59' title='bbox 422 800 468 846; x_wconf 83' lang='grc'><strong>4.</strong></span> <span class='ocrx_word' id='word_1_60' title='bbox 533 794 771 853; x_wconf 86' lang='lat' dir='ltr'><strong>Quatenus</strong></span> <span class='ocrx_word' id='word_1_61' title='bbox 810 803 964 842; x_wconf 90' lang='lat' dir='ltr'><strong>autem</strong></span> <span class='ocrx_word' id='word_1_62' title='bbox 1005 804 1054 842; x_wconf 89' lang='lat' dir='ltr'><strong>et</strong></span> <span class='ocrx_word' id='word_1_63' title='bbox 1093 794 1150 842; x_wconf 91' lang='lat' dir='ltr'><strong>de</strong></span> <span class='ocrx_word' id='word_1_64' title='bbox 1190 798 1433 860; x_wconf 87' lang='lat' dir='ltr'><strong>seripturis</strong></span> <span class='ocrx_word' id='word_1_65' title='bbox 1472 796 1694 846; x_wconf 89' lang='lat' dir='ltr'><strong>adversus</strong></span> <span class='ocrx_word' id='word_1_66' title='bbox 1731 800 1906 847; x_wconf 87' lang='lat' dir='ltr'><strong>verita-</strong></span> 
     </span>
     <span class='ocr_line' id='line_1_10' title="bbox 276 865 1905 933; baseline 0.004 -21"><span class='ocrx_word' id='word_1_67' title='bbox 276 875 372 913; x_wconf 90' lang='lat' dir='ltr'><strong>tem</strong></span> <span class='ocrx_word' id='word_1_68' title='bbox 418 866 736 928; x_wconf 86' lang='lat' dir='ltr'><strong>argumentari</strong></span> <span class='ocrx_word' id='word_1_69' title='bbox 784 865 1075 913; x_wconf 91' lang='lat' dir='ltr'><strong>consuetudo</strong></span> <span class='ocrx_word' id='word_1_70' title='bbox 1124 876 1224 924; x_wconf 86' lang='lat' dir='ltr'><strong>est,</strong></span> <span class='ocrx_word' id='word_1_71' title='bbox 1272 869 1427 914; x_wconf 88' lang='lat' dir='ltr'><strong>statim</strong></span> <span class='ocrx_word' id='word_1_72' title='bbox 1475 870 1728 933; x_wconf 85' lang='lat' dir='ltr'><strong>opponitur</strong></span> <span class='ocrx_word' id='word_1_73' title='bbox 1770 871 1905 918; x_wconf 88' lang='lat' dir='ltr'><strong>nobis</strong></span> 
     </span>
     <span class='ocr_line' id='line_1_11' title="bbox 277 935 1942 1001; baseline 0.004 -18"><span class='ocrx_word' id='word_1_74' title='bbox 277 937 451 983; x_wconf 87' lang='lat' dir='ltr'><strong>nullam</strong></span> <span class='ocrx_word' id='word_1_75' title='bbox 490 936 774 983; x_wconf 88' lang='lat' dir='ltr'><strong>mentionem</strong></span> <span class='ocrx_word' id='word_1_76' title='bbox 811 937 1043 1001; x_wconf 87' lang='lat' dir='ltr'><strong>virginum</strong></span> <span class='ocrx_word' id='word_1_77' title='bbox 1082 936 1139 983; x_wconf 91' lang='lat' dir='ltr'><strong>ab</strong></span> <span class='ocrx_word' id='word_1_78' title='bbox 1180 939 1396 1001; x_wconf 87' lang='lat' dir='ltr'><strong>apostolo</strong></span> <span class='ocrx_word' id='word_1_79' title='bbox 1413 941 1458 999; x_wconf 83' lang='grc'><strong>2)</strong></span> <span class='ocrx_word' id='word_1_80' title='bbox 1492 940 1689 998; x_wconf 89' lang='lat' dir='ltr'><strong>factam,</strong></span> <span class='ocrx_word' id='word_1_81' title='bbox 1735 940 1815 988; x_wconf 84' lang='lat' dir='ltr'><strong>ubi</strong></span> <span class='ocrx_word' id='word_1_82' title='bbox 1847 940 1905 989; x_wconf 92' lang='lat' dir='ltr'><strong>de</strong></span> <span class='ocrx_word' id='word_1_83' title='bbox 1940 935 1942 938; x_wconf 47' lang='grc'>’</span> 
     </span>
     <span class='ocr_line' id='line_1_12' title="bbox 277 1006 1907 1070; baseline 0.003 -16"><span class='ocrx_word' id='word_1_84' title='bbox 277 1008 510 1054; x_wconf 89' lang='lat' dir='ltr'><strong>velamine</strong></span> <span class='ocrx_word' id='word_1_85' title='bbox 541 1006 783 1070; x_wconf 88' lang='lat' dir='ltr'><strong>praefinit,</strong></span> <span class='ocrx_word' id='word_1_86' title='bbox 826 1006 910 1054; x_wconf 90' lang='lat' dir='ltr'><strong>sed</strong></span> <span class='ocrx_word' id='word_1_87' title='bbox 941 1015 1118 1054; x_wconf 88' lang='lat' dir='ltr'><strong>tantum</strong></span> <span class='ocrx_word' id='word_1_88' title='bbox 1149 1008 1369 1056; x_wconf 90' lang='lat' dir='ltr'><strong>mulieres</strong></span> <span class='ocrx_word' id='word_1_89' title='bbox 1399 1011 1683 1068; x_wconf 85' lang='lat' dir='ltr'><strong>nominatas,</strong></span> <span class='ocrx_word' id='word_1_90' title='bbox 1717 1027 1835 1069; x_wconf 91' lang='lat' dir='ltr'><strong>cum,</strong></span> <span class='ocrx_word' id='word_1_91' title='bbox 1868 1012 1907 1059; x_wconf 91' lang='lat' dir='ltr'><strong>si</strong></span> 
     </span>
     <span class='ocr_line' id='line_1_13' title="bbox 277 1077 1905 1144; baseline 0.003 -20"><span class='ocrx_word' id='word_1_92' title='bbox 277 1078 505 1124; x_wconf 84' lang='lat' dir='ltr'><strong>voluisset</strong></span> <span class='ocrx_word' id='word_1_93' title='bbox 536 1086 584 1124; x_wconf 90' lang='lat' dir='ltr'><strong>et</strong></span> <span class='ocrx_word' id='word_1_94' title='bbox 612 1078 823 1139; x_wconf 88' lang='lat' dir='ltr'><strong>virgines</strong></span> <span class='ocrx_word' id='word_1_95' title='bbox 853 1079 968 1140; x_wconf 88' lang='lat' dir='ltr'><strong>tegi,</strong></span> <span class='ocrx_word' id='word_1_96' title='bbox 1002 1077 1060 1124; x_wconf 91' lang='lat' dir='ltr'><strong>de</strong></span> <span class='ocrx_word' id='word_1_97' title='bbox 1091 1079 1565 1144; x_wconf 23' lang='lat' dir='ltr'><strong>virginibussquoque</strong></span> <span class='ocrx_word' id='word_1_98' title='bbox 1608 1097 1710 1128; x_wconf 93' lang='lat' dir='ltr'><strong>cum</strong></span> <span class='ocrx_word' id='word_1_99' title='bbox 1741 1082 1905 1129; x_wconf 92' lang='lat' dir='ltr'><strong>mulie-</strong></span> 
     </span>
     <span class='ocr_line' id='line_1_14' title="bbox 277 1148 1907 1215; baseline 0.004 -21"><span class='ocrx_word' id='word_1_100' title='bbox 277 1148 407 1195; x_wconf 91' lang='lat' dir='ltr'><strong>ribus</strong></span> <span class='ocrx_word' id='word_1_101' title='bbox 439 1148 688 1193; x_wconf 90' lang='lat' dir='ltr'><strong>nominatis</strong></span> <span class='ocrx_word' id='word_1_102' title='bbox 718 1149 1084 1210; x_wconf 86' lang='lat' dir='ltr'><strong>pronuntiasset.</strong></span> <span class='ocrx_word' id='word_1_103' title='bbox 1157 1148 1402 1206; x_wconf 79' lang='lat' dir='ltr'><strong>Quomodo</strong></span> <span class='ocrx_word' id='word_1_104' title='bbox 1442 1150 1565 1208; x_wconf 90' lang='lat' dir='ltr'><strong>illic,</strong></span> <span class='ocrx_word' id='word_1_105' title='bbox 1612 1151 1782 1215; x_wconf 87' lang='lat' dir='ltr'><strong>inquit,</strong></span> <span class='ocrx_word' id='word_1_106' title='bbox 1826 1153 1907 1200; x_wconf 84' lang='lat' dir='ltr'><strong>uhi</strong></span> 
     </span>
     <span class='ocr_line' id='line_1_15' title="bbox 279 1217 1906 1285; baseline 0.003 -21"><span class='ocrx_word' id='word_1_107' title='bbox 279 1217 337 1264; x_wconf 91' lang='lat' dir='ltr'><strong>de</strong></span> <span class='ocrx_word' id='word_1_108' title='bbox 369 1218 542 1280; x_wconf 91' lang='lat' dir='ltr'><strong>nuptiis</strong></span> <span class='ocrx_word' id='word_1_109' title='bbox 574 1225 763 1275; x_wconf 87' lang='lat' dir='ltr'><strong>tractat,</strong></span> <span class='ocrx_word' id='word_1_110' title='bbox 798 1217 907 1281; x_wconf 89' lang='lat' dir='ltr'><strong>quid</strong></span> <span class='ocrx_word' id='word_1_111' title='bbox 939 1218 1278 1266; x_wconf 88' lang='lat' dir='ltr'><strong>observandum</strong></span> <span class='ocrx_word' id='word_1_112' title='bbox 1310 1220 1371 1266; x_wconf 88' lang='lat' dir='ltr'><strong>sit</strong></span> <span class='ocrx_word' id='word_1_113' title='bbox 1401 1220 1541 1266; x_wconf 90' lang='lat' dir='ltr'><strong>etiam</strong></span> <span class='ocrx_word' id='word_1_114' title='bbox 1558 1218 1616 1268; x_wconf 87' lang='lat' dir='ltr'><strong>de</strong></span> <span class='ocrx_word' id='word_1_115' title='bbox 1632 1222 1906 1285; x_wconf 87' lang='lat' dir='ltr'><strong>virginibus,</strong></span> 
     </span>
     <span class='ocr_line' id='line_1_16' title="bbox 280 1287 1910 1356; baseline 0.003 -21"><span class='ocrx_word' id='word_1_116' title='bbox 280 1287 524 1335; x_wconf 82' lang='lat' dir='ltr'><strong>declarat?</strong></span> <span class='ocrx_word' id='word_1_117' title='bbox 568 1287 731 1351; x_wconf 88' lang='lat' dir='ltr'><strong>Itaque</strong></span> <span class='ocrx_word' id='word_1_118' title='bbox 771 1304 865 1334; x_wconf 91' lang='lat' dir='ltr'><strong>non</strong></span> <span class='ocrx_word' id='word_1_119' title='bbox 897 1289 1130 1345; x_wconf 84' lang='lat' dir='ltr'><strong>contineri</strong></span> <span class='ocrx_word' id='word_1_120' title='bbox 1161 1305 1242 1337; x_wconf 93' lang='lat' dir='ltr'><strong>eas</strong></span> <span class='ocrx_word' id='word_1_121' title='bbox 1281 1290 1388 1352; x_wconf 87' lang='lat' dir='ltr'><strong>lege</strong></span> <span class='ocrx_word' id='word_1_122' title='bbox 1418 1289 1607 1337; x_wconf 83' lang='lat' dir='ltr'><strong>velandi</strong></span> <span class='ocrx_word' id='word_1_123' title='bbox 1638 1293 1828 1356; x_wconf 87' lang='lat' dir='ltr'><strong>capitis,</strong></span> <span class='ocrx_word' id='word_1_124' title='bbox 1858 1301 1910 1340; x_wconf 89' lang='lat' dir='ltr'><strong>ut</strong></span> 
     </span>
     <span class='ocr_line' id='line_1_17' title="bbox 278 1357 1910 1427; baseline 0.004 -22"><span class='ocrx_word' id='word_1_125' title='bbox 278 1375 373 1405; x_wconf 90' lang='lat' dir='ltr'><strong>non</strong></span> <span class='ocrx_word' id='word_1_126' title='bbox 404 1359 666 1406; x_wconf 86' lang='lat' dir='ltr'><strong>nominatas</strong></span> <span class='ocrx_word' id='word_1_127' title='bbox 698 1359 745 1405; x_wconf 91' lang='lat' dir='ltr'><strong>in</strong></span> <span class='ocrx_word' id='word_1_128' title='bbox 775 1357 865 1405; x_wconf 91' lang='lat' dir='ltr'><strong>hae</strong></span> <span class='ocrx_word' id='word_1_129' title='bbox 897 1359 1029 1422; x_wconf 88' lang='lat' dir='ltr'><strong>lege,</strong></span> <span class='ocrx_word' id='word_1_130' title='bbox 1075 1361 1167 1407; x_wconf 90' lang='lat' dir='ltr'><strong>imo</strong></span> <span class='ocrx_word' id='word_1_131' title='bbox 1201 1376 1261 1407; x_wconf 86' lang='lat' dir='ltr'><strong>ex</strong></span> <span class='ocrx_word' id='word_1_132' title='bbox 1297 1360 1390 1407; x_wconf 91' lang='lat' dir='ltr'><strong>hoc</strong></span> <span class='ocrx_word' id='word_1_133' title='bbox 1421 1361 1648 1420; x_wconf 80' lang='lat' dir='ltr'><strong>revelari,</strong></span> <span class='ocrx_word' id='word_1_134' title='bbox 1696 1379 1785 1427; x_wconf 90' lang='lat' dir='ltr'><strong>qua</strong></span> <span class='ocrx_word' id='word_1_135' title='bbox 1814 1379 1910 1411; x_wconf 90' lang='lat' dir='ltr'><strong>non</strong></span> 
     </span>
     <span class='ocr_line' id='line_1_18' title="bbox 278 1429 1909 1498; baseline 0.004 -23"><span class='ocrx_word' id='word_1_136' title='bbox 278 1429 515 1487; x_wconf 85' lang='lat' dir='ltr'><strong>iubentur,</strong></span> <span class='ocrx_word' id='word_1_137' title='bbox 550 1444 667 1492; x_wconf 89' lang='lat' dir='ltr'><strong>quae</strong></span> <span class='ocrx_word' id='word_1_138' title='bbox 700 1445 791 1476; x_wconf 89' lang='lat' dir='ltr'><strong>nec</strong></span> <span class='ocrx_word' id='word_1_139' title='bbox 822 1431 1135 1478; x_wconf 86' lang='lat' dir='ltr'><strong>nominantur.</strong></span> <span class='ocrx_word' id='word_1_140' title='bbox 1198 1429 1294 1478; x_wconf 87' lang='lat' dir='ltr'><strong>Sed</strong></span> <span class='ocrx_word' id='word_1_141' title='bbox 1326 1439 1375 1478; x_wconf 91' lang='lat' dir='ltr'><strong>et</strong></span> <span class='ocrx_word' id='word_1_142' title='bbox 1410 1448 1497 1479; x_wconf 91' lang='lat' dir='ltr'><strong>nos</strong></span> <span class='ocrx_word' id='word_1_143' title='bbox 1533 1431 1731 1482; x_wconf 88' lang='lat' dir='ltr'><strong>eandem</strong></span> <span class='ocrx_word' id='word_1_144' title='bbox 1769 1449 1909 1498; x_wconf 84' lang='lat' dir='ltr'><strong>argu-</strong></span> 
     </span>
     <span class='ocr_line' id='line_1_19' title="bbox 278 1501 1911 1569; baseline 0.002 -23"><span class='ocrx_word' id='word_1_145' title='bbox 278 1501 614 1547; x_wconf 89' lang='lat' dir='ltr'><strong>mentationem</strong></span> <span class='ocrx_word' id='word_1_146' title='bbox 645 1508 986 1564; x_wconf 89' lang='lat' dir='ltr'><strong>retorquemus.</strong></span> <span class='ocrx_word' id='word_1_147' title='bbox 1037 1501 1124 1560; x_wconf 91' lang='lat' dir='ltr'><strong>Qui</strong></span> <span class='ocrx_word' id='word_1_148' title='bbox 1156 1502 1278 1549; x_wconf 91' lang='lat' dir='ltr'><strong>enim</strong></span> <span class='ocrx_word' id='word_1_149' title='bbox 1309 1502 1492 1549; x_wconf 87' lang='lat' dir='ltr'><strong>sciebat</strong></span> <span class='ocrx_word' id='word_1_150' title='bbox 1522 1503 1638 1550; x_wconf 91' lang='lat' dir='ltr'><strong>alias</strong></span> <span class='ocrx_word' id='word_1_151' title='bbox 1667 1504 1911 1569; x_wconf 67' lang='lat' dir='ltr'><strong>utriusque</strong></span> 
     </span>
     <span class='ocr_line' id='line_1_20' title="bbox 280 1571 1910 1635; baseline 0.003 -18"><span class='ocrx_word' id='word_1_152' title='bbox 280 1572 471 1634; x_wconf 90' lang='lat' dir='ltr'><strong>generis</strong></span> <span class='ocrx_word' id='word_1_153' title='bbox 502 1571 664 1618; x_wconf 86' lang='lat' dir='ltr'><strong>facere</strong></span> <span class='ocrx_word' id='word_1_154' title='bbox 696 1572 1003 1629; x_wconf 85' lang='lat' dir='ltr'><strong>mentionem,</strong></span> <span class='ocrx_word' id='word_1_155' title='bbox 1042 1573 1239 1635; x_wconf 84' lang='lat' dir='ltr'><strong>virginis</strong></span> <span class='ocrx_word' id='word_1_156' title='bbox 1270 1571 1378 1620; x_wconf 91' lang='lat' dir='ltr'><strong>dico</strong></span> <span class='ocrx_word' id='word_1_157' title='bbox 1411 1581 1459 1620; x_wconf 89' lang='lat' dir='ltr'><strong>et</strong></span> <span class='ocrx_word' id='word_1_158' title='bbox 1488 1574 1718 1632; x_wconf 85' lang='lat' dir='ltr'><strong>mulieris,</strong></span> <span class='ocrx_word' id='word_1_159' title='bbox 1757 1574 1805 1622; x_wconf 90' lang='lat' dir='ltr'><strong>id</strong></span> <span class='ocrx_word' id='word_1_160' title='bbox 1837 1583 1910 1622; x_wconf 86' lang='lat' dir='ltr'><strong>est</strong></span> 
     </span>
     <span class='ocr_line' id='line_1_21' title="bbox 280 1641 1908 1708; baseline 0.003 -20"><span class='ocrx_word' id='word_1_161' title='bbox 280 1658 371 1688; x_wconf 90' lang='lat' dir='ltr'><strong>non</strong></span> <span class='ocrx_word' id='word_1_162' title='bbox 403 1642 622 1704; x_wconf 80' lang='lat' dir='ltr'><strong>virginis,</strong></span> <span class='ocrx_word' id='word_1_163' title='bbox 670 1657 731 1688; x_wconf 84' lang='lat' dir='ltr'><strong>ex</strong></span> <span class='ocrx_word' id='word_1_164' title='bbox 762 1658 928 1689; x_wconf 88' lang='lat' dir='ltr'><strong>caussa</strong></span> <span class='ocrx_word' id='word_1_165' title='bbox 959 1641 1288 1701; x_wconf 88' lang='lat' dir='ltr'><strong>distinctionis,</strong></span> <span class='ocrx_word' id='word_1_166' title='bbox 1321 1644 1368 1690; x_wconf 89' lang='lat' dir='ltr'><strong>in</strong></span> <span class='ocrx_word' id='word_1_167' title='bbox 1398 1643 1494 1702; x_wconf 88' lang='lat' dir='ltr'><strong>his,</strong></span> <span class='ocrx_word' id='word_1_168' title='bbox 1540 1645 1586 1691; x_wconf 93' lang='lat' dir='ltr'><strong>in</strong></span> <span class='ocrx_word' id='word_1_169' title='bbox 1619 1644 1784 1708; x_wconf 85' lang='lat' dir='ltr'><strong>quibus</strong></span> <span class='ocrx_word' id='word_1_170' title='bbox 1814 1662 1908 1693; x_wconf 93' lang='lat' dir='ltr'><strong>non</strong></span> 
     </span>
     <span class='ocr_line' id='line_1_22' title="bbox 279 1711 1907 1778; baseline 0.002 -20"><span class='ocrx_word' id='word_1_171' title='bbox 279 1713 492 1759; x_wconf 90' lang='lat' dir='ltr'><strong>nominat</strong></span> <span class='ocrx_word' id='word_1_172' title='bbox 520 1712 774 1774; x_wconf 88' lang='lat' dir='ltr'><strong>virginem,</strong></span> <span class='ocrx_word' id='word_1_173' title='bbox 807 1729 902 1760; x_wconf 93' lang='lat' dir='ltr'><strong>non</strong></span> <span class='ocrx_word' id='word_1_174' title='bbox 932 1711 1113 1761; x_wconf 62' lang='lat' dir='ltr'><strong>faciens</strong></span> <span class='ocrx_word' id='word_1_175' title='bbox 1144 1712 1516 1772; x_wconf 84' lang='lat' dir='ltr'><strong>distinctionem,</strong></span> <span class='ocrx_word' id='word_1_176' title='bbox 1557 1714 1764 1763; x_wconf 84' lang='lat' dir='ltr'><strong>ostendit</strong></span> <span class='ocrx_word' id='word_1_177' title='bbox 1794 1733 1907 1778; x_wconf 85' lang='lat' dir='ltr'><strong>con-</strong></span> 
     </span>
     <span class='ocr_line' id='line_1_23' title="bbox 281 1781 1908 1850; baseline 0.003 -21"><span class='ocrx_word' id='word_1_178' title='bbox 281 1781 473 1830; x_wconf 90' lang='lat' dir='ltr'><strong>ditionis</strong></span> <span class='ocrx_word' id='word_1_179' title='bbox 506 1783 895 1830; x_wconf 88' lang='lat' dir='ltr'><strong>communionem.</strong></span> <span class='ocrx_word' id='word_1_180' title='bbox 959 1783 1179 1831; x_wconf 91' lang='lat' dir='ltr'><strong>Ceterum</strong></span> <span class='ocrx_word' id='word_1_181' title='bbox 1210 1785 1363 1848; x_wconf 90' lang='lat' dir='ltr'><strong>potuit</strong></span> <span class='ocrx_word' id='word_1_182' title='bbox 1399 1785 1476 1832; x_wconf 92' lang='lat' dir='ltr'><strong>hic</strong></span> <span class='ocrx_word' id='word_1_183' title='bbox 1517 1800 1699 1850; x_wconf 85' lang='lat' dir='ltr'><strong>quoque</strong></span> <span class='ocrx_word' id='word_1_184' title='bbox 1732 1788 1908 1834; x_wconf 89' lang='lat' dir='ltr'><strong>consti-</strong></span> 
     </span>
     <span class='ocr_line' id='line_1_24' title="bbox 279 1852 1910 1918; baseline 0.003 -19"><span class='ocrx_word' id='word_1_185' title='bbox 279 1862 415 1901; x_wconf 87' lang='lat' dir='ltr'><strong>tuere</strong></span> <span class='ocrx_word' id='word_1_186' title='bbox 463 1852 776 1901; x_wconf 88' lang='lat' dir='ltr'><strong>differentiam</strong></span> <span class='ocrx_word' id='word_1_187' title='bbox 823 1855 947 1902; x_wconf 91' lang='lat' dir='ltr'><strong>inter</strong></span> <span class='ocrx_word' id='word_1_188' title='bbox 982 1856 1211 1918; x_wconf 88' lang='lat' dir='ltr'><strong>virginem</strong></span> <span class='ocrx_word' id='word_1_189' title='bbox 1257 1863 1306 1903; x_wconf 92' lang='lat' dir='ltr'><strong>et</strong></span> <span class='ocrx_word' id='word_1_190' title='bbox 1335 1856 1600 1914; x_wconf 88' lang='lat' dir='ltr'><strong>mulierem,</strong></span> <span class='ocrx_word' id='word_1_191' title='bbox 1633 1858 1754 1903; x_wconf 90' lang='lat' dir='ltr'><strong>sicut</strong></span> <span class='ocrx_word' id='word_1_192' title='bbox 1797 1857 1910 1904; x_wconf 88' lang='lat' dir='ltr'><strong>alibi</strong></span> 
     </span>
     <span class='ocr_line' id='line_1_25' title="bbox 285 1923 1911 1991; baseline 0.003 -21"><span class='ocrx_word' id='word_1_193' title='bbox 285 1923 418 1981; x_wconf 84' lang='lat' dir='ltr'><strong>dicit,</strong></span> <span class='ocrx_word' id='word_1_194' title='bbox 453 1923 603 1974; x_wconf 87' lang='lat' dir='ltr'><strong>divisa</strong></span> <span class='ocrx_word' id='word_1_195' title='bbox 634 1933 707 1971; x_wconf 92' lang='lat' dir='ltr'><strong>est</strong></span> <span class='ocrx_word' id='word_1_196' title='bbox 735 1925 904 1973; x_wconf 90' lang='lat' dir='ltr'><strong>mulier</strong></span> <span class='ocrx_word' id='word_1_197' title='bbox 934 1934 983 1973; x_wconf 93' lang='lat' dir='ltr'><strong>et</strong></span> <span class='ocrx_word' id='word_1_198' title='bbox 1010 1928 1147 1988; x_wconf 87' lang='lat' dir='ltr'><strong>virgo</strong></span> <span class='ocrx_word' id='word_1_199' title='bbox 1165 1926 1228 1987; x_wconf 82' lang='lat'><strong>3).</strong></span> <span class='ocrx_word' id='word_1_200' title='bbox 1291 1925 1442 1989; x_wconf 86' lang='lat' dir='ltr'><strong>Igitur</strong></span> <span class='ocrx_word' id='word_1_201' title='bbox 1479 1942 1591 1991; x_wconf 88' lang='lat' dir='ltr'><strong>quas</strong></span> <span class='ocrx_word' id='word_1_202' title='bbox 1621 1943 1715 1973; x_wconf 90' lang='lat' dir='ltr'><strong>non</strong></span> <span class='ocrx_word' id='word_1_203' title='bbox 1755 1926 1911 1976; x_wconf 89' lang='lat' dir='ltr'><strong>divisit</strong></span> 
     </span>
     <span class='ocr_line' id='line_1_26' title="bbox 279 1993 1910 2061; baseline 0.003 -20"><span class='ocrx_word' id='word_1_204' title='bbox 279 1993 507 2053; x_wconf 85' lang='lat' dir='ltr'><strong>tacendo,</strong></span> <span class='ocrx_word' id='word_1_205' title='bbox 555 1997 603 2042; x_wconf 91' lang='lat' dir='ltr'><strong>in</strong></span> <span class='ocrx_word' id='word_1_206' title='bbox 634 1995 786 2042; x_wconf 88' lang='lat' dir='ltr'><strong>altera</strong></span> <span class='ocrx_word' id='word_1_207' title='bbox 815 1997 918 2043; x_wconf 87' lang='lat' dir='ltr'><strong>iniit</strong></span> <span class='ocrx_word' id='word_1_208' title='bbox 932 1999 996 2056; x_wconf 75' lang='lat'><strong>4).</strong></span> <span class='ocrx_word' id='word_1_209' title='bbox 1057 1996 1161 2043; x_wconf 85' lang='lat' dir='ltr'><strong>Nec</strong></span> <span class='ocrx_word' id='word_1_210' title='bbox 1201 2005 1355 2044; x_wconf 90' lang='lat' dir='ltr'><strong>tamen</strong></span> <span class='ocrx_word' id='word_1_211' title='bbox 1394 1997 1628 2061; x_wconf 88' lang='lat' dir='ltr'><strong>quiaillic</strong></span> <span class='ocrx_word' id='word_1_212' title='bbox 1659 1996 1806 2046; x_wconf 86' lang='lat' dir='ltr'><strong>divisa</strong></span> <span class='ocrx_word' id='word_1_213' title='bbox 1837 2007 1910 2046; x_wconf 88' lang='lat' dir='ltr'><strong>est</strong></span> 
     </span>
     <span class='ocr_line' id='line_1_27' title="bbox 281 2066 1909 2131; baseline 0.002 -18"><span class='ocrx_word' id='word_1_214' title='bbox 281 2074 330 2113; x_wconf 92' lang='lat' dir='ltr'><strong>et</strong></span> <span class='ocrx_word' id='word_1_215' title='bbox 347 2067 515 2114; x_wconf 90' lang='lat' dir='ltr'><strong>mulier</strong></span> <span class='ocrx_word' id='word_1_216' title='bbox 540 2075 589 2114; x_wconf 90' lang='lat' dir='ltr'><strong>et</strong></span> <span class='ocrx_word' id='word_1_217' title='bbox 619 2067 770 2129; x_wconf 88' lang='lat' dir='ltr'><strong>virgo,</strong></span> <span class='ocrx_word' id='word_1_218' title='bbox 803 2066 880 2114; x_wconf 89' lang='lat' dir='ltr'><strong>hie</strong></span> <span class='ocrx_word' id='word_1_219' title='bbox 914 2083 1097 2131; x_wconf 92' lang='lat' dir='ltr'><strong>quoque</strong></span> <span class='ocrx_word' id='word_1_220' title='bbox 1130 2067 1506 2131; x_wconf 86' lang='lat' dir='ltr'><strong>patrocinabitur</strong></span> <span class='ocrx_word' id='word_1_221' title='bbox 1535 2068 1616 2115; x_wconf 89' lang='lat' dir='ltr'><strong>illa</strong></span> <span class='ocrx_word' id='word_1_222' title='bbox 1647 2067 1831 2126; x_wconf 81' lang='lat' dir='ltr'><strong>divisio,</strong></span> <span class='ocrx_word' id='word_1_223' title='bbox 1856 2077 1909 2116; x_wconf 83' lang='lat' dir='ltr'><strong>ut</strong></span> 
     </span>
     <span class='ocr_line' id='line_1_28' title="bbox 283 2136 1908 2200; baseline 0.002 -17"><span class='ocrx_word' id='word_1_224' title='bbox 283 2136 467 2200; x_wconf 90' lang='lat' dir='ltr'><strong>quidam</strong></span> <span class='ocrx_word' id='word_1_225' title='bbox 511 2138 691 2184; x_wconf 92' lang='lat' dir='ltr'><strong>volunt.</strong></span> <span class='ocrx_word' id='word_1_226' title='bbox 757 2136 940 2195; x_wconf 89' lang='lat' dir='ltr'><strong>Quanta</strong></span> <span class='ocrx_word' id='word_1_227' title='bbox 986 2140 1107 2185; x_wconf 92' lang='lat' dir='ltr'><strong>enim</strong></span> <span class='ocrx_word' id='word_1_228' title='bbox 1154 2138 1265 2184; x_wconf 88' lang='lat' dir='ltr'><strong>alibi</strong></span> <span class='ocrx_word' id='word_1_229' title='bbox 1312 2137 1440 2186; x_wconf 88' lang='lat' dir='ltr'><strong>dicta</strong></span> <span class='ocrx_word' id='word_1_230' title='bbox 1477 2155 1572 2185; x_wconf 91' lang='lat' dir='ltr'><strong>non</strong></span> <span class='ocrx_word' id='word_1_231' title='bbox 1608 2140 1790 2197; x_wconf 88' lang='lat' dir='ltr'><strong>valent,</strong></span> <span class='ocrx_word' id='word_1_232' title='bbox 1828 2139 1908 2187; x_wconf 87' lang='lat' dir='ltr'><strong>uhi</strong></span> 
     </span>
     <span class='ocr_line' id='line_1_29' title="bbox 283 2206 1906 2275; baseline 0.002 -21"><span class='ocrx_word' id='word_1_233' title='bbox 283 2206 412 2254; x_wconf 89' lang='lat' dir='ltr'><strong>dicta</strong></span> <span class='ocrx_word' id='word_1_234' title='bbox 442 2208 628 2254; x_wconf 88' lang='lat' dir='ltr'><strong>scilicet</strong></span> <span class='ocrx_word' id='word_1_235' title='bbox 658 2224 751 2254; x_wconf 92' lang='lat' dir='ltr'><strong>non</strong></span> <span class='ocrx_word' id='word_1_236' title='bbox 783 2216 903 2265; x_wconf 84' lang='lat' dir='ltr'><strong>sunt,</strong></span> <span class='ocrx_word' id='word_1_237' title='bbox 926 2209 1025 2255; x_wconf 84' lang='lat' dir='ltr'><strong>nisi</strong></span> <span class='ocrx_word' id='word_1_238' title='bbox 1056 2210 1094 2255; x_wconf 93' lang='lat' dir='ltr'><strong>si</strong></span> <span class='ocrx_word' id='word_1_239' title='bbox 1126 2207 1290 2255; x_wconf 88' lang='lat' dir='ltr'><strong>eadem</strong></span> <span class='ocrx_word' id='word_1_240' title='bbox 1322 2209 1383 2255; x_wconf 90' lang='lat' dir='ltr'><strong>sit</strong></span> <span class='ocrx_word' id='word_1_241' title='bbox 1413 2225 1594 2275; x_wconf 84' lang='lat' dir='ltr'><strong>caussa,</strong></span> <span class='ocrx_word' id='word_1_242' title='bbox 1628 2225 1746 2273; x_wconf 90' lang='lat' dir='ltr'><strong>quae</strong></span> <span class='ocrx_word' id='word_1_243' title='bbox 1778 2209 1906 2268; x_wconf 85' lang='lat' dir='ltr'><strong>alibi,</strong></span> 
     </span>
     <span class='ocr_line' id='line_1_30' title="bbox 281 2276 1909 2342; baseline 0.001 -18"><span class='ocrx_word' id='word_1_244' title='bbox 281 2286 332 2324; x_wconf 91' lang='lat' dir='ltr'><strong>ut</strong></span> <span class='ocrx_word' id='word_1_245' title='bbox 376 2277 582 2324; x_wconf 86' lang='lat' dir='ltr'><strong>sufficiat</strong></span> <span class='ocrx_word' id='word_1_246' title='bbox 626 2278 771 2324; x_wconf 89' lang='lat' dir='ltr'><strong>semel</strong></span> <span class='ocrx_word' id='word_1_247' title='bbox 817 2276 1006 2325; x_wconf 90' lang='lat' dir='ltr'><strong>dictum.</strong></span> <span class='ocrx_word' id='word_1_248' title='bbox 1076 2278 1160 2325; x_wconf 91' lang='lat' dir='ltr'><strong>Illa</strong></span> <span class='ocrx_word' id='word_1_249' title='bbox 1206 2287 1360 2325; x_wconf 88' lang='lat' dir='ltr'><strong>autem</strong></span> <span class='ocrx_word' id='word_1_250' title='bbox 1406 2295 1572 2326; x_wconf 87' lang='lat' dir='ltr'><strong>caussa</strong></span> <span class='ocrx_word' id='word_1_251' title='bbox 1613 2280 1809 2342; x_wconf 87' lang='lat' dir='ltr'><strong>virginis</strong></span> <span class='ocrx_word' id='word_1_252' title='bbox 1860 2289 1909 2328; x_wconf 90' lang='lat' dir='ltr'><strong>et</strong></span> 
     </span>
     <span class='ocr_line' id='line_1_31' title="bbox 281 2346 1905 2414; baseline 0.002 -20"><span class='ocrx_word' id='word_1_253' title='bbox 281 2347 505 2405; x_wconf 85' lang='lat' dir='ltr'><strong>mulieris,</strong></span> <span class='ocrx_word' id='word_1_254' title='bbox 539 2347 680 2410; x_wconf 89' lang='lat' dir='ltr'><strong>longe</strong></span> <span class='ocrx_word' id='word_1_255' title='bbox 713 2346 861 2394; x_wconf 91' lang='lat' dir='ltr'><strong>divisa</strong></span> <span class='ocrx_word' id='word_1_256' title='bbox 892 2357 964 2394; x_wconf 90' lang='lat' dir='ltr'><strong>est</strong></span> <span class='ocrx_word' id='word_1_257' title='bbox 993 2348 1050 2395; x_wconf 91' lang='lat' dir='ltr'><strong>ab</strong></span> <span class='ocrx_word' id='word_1_258' title='bbox 1083 2349 1171 2396; x_wconf 89' lang='lat' dir='ltr'><strong>hac</strong></span> <span class='ocrx_word' id='word_1_259' title='bbox 1203 2349 1379 2411; x_wconf 90' lang='lat' dir='ltr'><strong>specie.</strong></span> <span class='ocrx_word' id='word_1_260' title='bbox 1434 2349 1594 2396; x_wconf 85' lang='lat' dir='ltr'><strong>Divisa</strong></span> <span class='ocrx_word' id='word_1_261' title='bbox 1620 2358 1710 2407; x_wconf 87' lang='lat' dir='ltr'><strong>est,</strong></span> <span class='ocrx_word' id='word_1_262' title='bbox 1742 2350 1905 2414; x_wconf 87' lang='lat' dir='ltr'><strong>inquit,</strong></span> 
     </span>
     <span class='ocr_line' id='line_1_32' title="bbox 282 2417 1906 2486; baseline 0.002 -21"><span class='ocrx_word' id='word_1_263' title='bbox 282 2417 450 2465; x_wconf 86' lang='lat' dir='ltr'><strong>mulier</strong></span> <span class='ocrx_word' id='word_1_264' title='bbox 480 2426 528 2465; x_wconf 92' lang='lat' dir='ltr'><strong>et</strong></span> <span class='ocrx_word' id='word_1_265' title='bbox 555 2419 706 2481; x_wconf 86' lang='lat' dir='ltr'><strong>virgo.</strong></span> <span class='ocrx_word' id='word_1_266' title='bbox 756 2417 942 2476; x_wconf 84' lang='lat' dir='ltr'><strong>Quare?</strong></span> <span class='ocrx_word' id='word_1_267' title='bbox 972 2419 1187 2481; x_wconf 88' lang='lat' dir='ltr'><strong>quoniam</strong></span> <span class='ocrx_word' id='word_1_268' title='bbox 1218 2420 1426 2482; x_wconf 88' lang='lat' dir='ltr'><strong>innupta,</strong></span> <span class='ocrx_word' id='word_1_269' title='bbox 1451 2418 1506 2486; x_wconf 56' lang='lat' dir='ltr'><strong>⁴id</strong></span> <span class='ocrx_word' id='word_1_270' title='bbox 1537 2428 1611 2466; x_wconf 88' lang='lat' dir='ltr'><strong>est</strong></span> <span class='ocrx_word' id='word_1_271' title='bbox 1637 2420 1790 2484; x_wconf 86' lang='lat' dir='ltr'><strong>virgo,</strong></span> <span class='ocrx_word' id='word_1_272' title='bbox 1825 2436 1906 2468; x_wconf 92' lang='lat' dir='ltr'><strong>co-</strong></span> 
     </span>
     <span class='ocr_line' id='line_1_33' title="bbox 283 2487 1909 2554; baseline 0.002 -19"><span class='ocrx_word' id='word_1_273' title='bbox 283 2488 403 2552; x_wconf 87' lang='lat' dir='ltr'><strong>gitat</strong></span> <span class='ocrx_word' id='word_1_274' title='bbox 447 2504 527 2546; x_wconf 88' lang='lat' dir='ltr'><strong>ea,</strong></span> <span class='ocrx_word' id='word_1_275' title='bbox 576 2504 693 2552; x_wconf 89' lang='lat' dir='ltr'><strong>quae</strong></span> <span class='ocrx_word' id='word_1_276' title='bbox 740 2497 847 2551; x_wconf 81' lang='lat' dir='ltr'><strong>sunt</strong></span> <span class='ocrx_word' id='word_1_277' title='bbox 883 2487 1082 2546; x_wconf 87' lang='lat' dir='ltr'><strong>domini,</strong></span> <span class='ocrx_word' id='word_1_278' title='bbox 1129 2497 1180 2536; x_wconf 88' lang='lat' dir='ltr'><strong>ut</strong></span> <span class='ocrx_word' id='word_1_279' title='bbox 1210 2490 1270 2537; x_wconf 91' lang='lat' dir='ltr'><strong>sit</strong></span> <span class='ocrx_word' id='word_1_280' title='bbox 1315 2498 1478 2537; x_wconf 89' lang='lat' dir='ltr'><strong>sancta</strong></span> <span class='ocrx_word' id='word_1_281' title='bbox 1515 2498 1563 2537; x_wconf 91' lang='lat' dir='ltr'><strong>et</strong></span> <span class='ocrx_word' id='word_1_282' title='bbox 1609 2506 1812 2554; x_wconf 87' lang='lat' dir='ltr'><strong>corpore</strong></span> <span class='ocrx_word' id='word_1_283' title='bbox 1859 2499 1909 2538; x_wconf 88' lang='lat' dir='ltr'><strong>et</strong></span> 
     </span>
     <span class='ocr_line' id='line_1_34' title="bbox 283 2557 1907 2625; baseline 0.001 -18"><span class='ocrx_word' id='word_1_284' title='bbox 283 2560 471 2623; x_wconf 82' lang='lat' dir='ltr'><strong>spiritu3</strong></span> <span class='ocrx_word' id='word_1_285' title='bbox 519 2568 662 2622; x_wconf 92' lang='lat' dir='ltr'><strong>nupta</strong></span> <span class='ocrx_word' id='word_1_286' title='bbox 693 2567 870 2616; x_wconf 86' lang='lat' dir='ltr'><strong>autem,</strong></span> <span class='ocrx_word' id='word_1_287' title='bbox 917 2557 965 2606; x_wconf 91' lang='lat' dir='ltr'><strong>id</strong></span> <span class='ocrx_word' id='word_1_288' title='bbox 1004 2569 1076 2606; x_wconf 93' lang='lat' dir='ltr'><strong>est</strong></span> <span class='ocrx_word' id='word_1_289' title='bbox 1114 2576 1207 2606; x_wconf 92' lang='lat' dir='ltr'><strong>non</strong></span> <span class='ocrx_word' id='word_1_290' title='bbox 1251 2560 1408 2622; x_wconf 90' lang='lat' dir='ltr'><strong>virgo,</strong></span> <span class='ocrx_word' id='word_1_291' title='bbox 1457 2561 1637 2624; x_wconf 88' lang='lat' dir='ltr'><strong>cogitat</strong></span> <span class='ocrx_word' id='word_1_292' title='bbox 1674 2560 1907 2625; x_wconf 87' lang='lat' dir='ltr'><strong>quomodo</strong></span> 
     </span>
     <span class='ocr_line' id='line_1_35' title="bbox 283 2629 1906 2694; baseline 0.001 -17"><span class='ocrx_word' id='word_1_293' title='bbox 283 2631 473 2693; x_wconf 87' lang='lat' dir='ltr'><strong>placeat</strong></span> <span class='ocrx_word' id='word_1_294' title='bbox 515 2630 618 2677; x_wconf 77' lang='lat' dir='ltr'><strong>viro</strong></span> <span class='ocrx_word' id='word_1_295' title='bbox 635 2631 699 2690; x_wconf 78' lang='lat'><strong>4).</strong></span> <span class='ocrx_word' id='word_1_296' title='bbox 790 2629 919 2678; x_wconf 91' lang='lat' dir='ltr'><strong>Haec</strong></span> <span class='ocrx_word' id='word_1_297' title='bbox 966 2631 1057 2677; x_wconf 89' lang='lat' dir='ltr'><strong>erit</strong></span> <span class='ocrx_word' id='word_1_298' title='bbox 1107 2631 1435 2694; x_wconf 89' lang='lat' dir='ltr'><strong>interpretatio</strong></span> <span class='ocrx_word' id='word_1_299' title='bbox 1482 2631 1722 2679; x_wconf 89' lang='lat' dir='ltr'><strong>divisionis</strong></span> <span class='ocrx_word' id='word_1_300' title='bbox 1745 2632 1906 2690; x_wconf 88' lang='lat' dir='ltr'><strong>-illius,</strong></span> 
     </span>
     <span class='ocr_line' id='line_1_36' title="bbox 286 2700 1908 2766; baseline 0.001 -18"><span class='ocrx_word' id='word_1_301' title='bbox 286 2701 458 2748; x_wconf 92' lang='lat' dir='ltr'><strong>nullum</strong></span> <span class='ocrx_word' id='word_1_302' title='bbox 488 2700 668 2748; x_wconf 90' lang='lat' dir='ltr'><strong>habens</strong></span> <span class='ocrx_word' id='word_1_303' title='bbox 699 2700 854 2748; x_wconf 92' lang='lat' dir='ltr'><strong>locum</strong></span> <span class='ocrx_word' id='word_1_304' title='bbox 885 2700 932 2748; x_wconf 91' lang='lat' dir='ltr'><strong>in</strong></span> <span class='ocrx_word' id='word_1_305' title='bbox 961 2701 1053 2747; x_wconf 91' lang='lat' dir='ltr'><strong>isto</strong></span> <span class='ocrx_word' id='word_1_306' title='bbox 1086 2702 1308 2765; x_wconf 88' lang='lat' dir='ltr'><strong>capitulo,</strong></span> <span class='ocrx_word' id='word_1_307' title='bbox 1339 2700 1388 2748; x_wconf 93' lang='lat' dir='ltr'><strong>in</strong></span> <span class='ocrx_word' id='word_1_308' title='bbox 1420 2718 1510 2766; x_wconf 89' lang='lat' dir='ltr'><strong>quo</strong></span> <span class='ocrx_word' id='word_1_309' title='bbox 1549 2717 1701 2765; x_wconf 88' lang='lat' dir='ltr'><strong>neque</strong></span> <span class='ocrx_word' id='word_1_310' title='bbox 1733 2700 1792 2750; x_wconf 92' lang='lat' dir='ltr'><strong>de</strong></span> <span class='ocrx_word' id='word_1_311' title='bbox 1823 2718 1908 2749; x_wconf 92' lang='lat' dir='ltr'><strong>nu-</strong></span> 
     </span>
     <span class='ocr_line' id='line_1_37' title="bbox 285 2770 1909 2836; baseline 0.002 -20"><span class='ocrx_word' id='word_1_312' title='bbox 285 2771 396 2834; x_wconf 89' lang='lat' dir='ltr'><strong>ptiis</strong></span> <span class='ocrx_word' id='word_1_313' title='bbox 428 2787 580 2835; x_wconf 89' lang='lat' dir='ltr'><strong>neque</strong></span> <span class='ocrx_word' id='word_1_314' title='bbox 612 2770 670 2818; x_wconf 91' lang='lat' dir='ltr'><strong>de</strong></span> <span class='ocrx_word' id='word_1_315' title='bbox 703 2772 857 2818; x_wconf 90' lang='lat' dir='ltr'><strong>animo</strong></span> <span class='ocrx_word' id='word_1_316' title='bbox 898 2779 947 2818; x_wconf 93' lang='lat' dir='ltr'><strong>et</strong></span> <span class='ocrx_word' id='word_1_317' title='bbox 986 2772 1197 2834; x_wconf 89' lang='lat' dir='ltr'><strong>cogitatu</strong></span> <span class='ocrx_word' id='word_1_318' title='bbox 1236 2772 1441 2820; x_wconf 89' lang='lat' dir='ltr'><strong>mulieris</strong></span> <span class='ocrx_word' id='word_1_319' title='bbox 1482 2781 1531 2821; x_wconf 91' lang='lat' dir='ltr'><strong>et</strong></span> <span class='ocrx_word' id='word_1_320' title='bbox 1564 2772 1759 2836; x_wconf 88' lang='lat' dir='ltr'><strong>virginis</strong></span> <span class='ocrx_word' id='word_1_321' title='bbox 1796 2789 1909 2836; x_wconf 88' lang='lat' dir='ltr'><strong>pro-</strong></span> 
     </span>
     <span class='ocr_line' id='line_1_38' title="bbox 286 2840 1908 2905; baseline 0.001 -17"><span class='ocrx_word' id='word_1_322' title='bbox 286 2842 568 2900; x_wconf 87' lang='lat' dir='ltr'><strong>nuntiatum,</strong></span> <span class='ocrx_word' id='word_1_323' title='bbox 615 2840 700 2889; x_wconf 91' lang='lat' dir='ltr'><strong>sed</strong></span> <span class='ocrx_word' id='word_1_324' title='bbox 745 2841 803 2889; x_wconf 90' lang='lat' dir='ltr'><strong>de</strong></span> <span class='ocrx_word' id='word_1_325' title='bbox 851 2842 1006 2905; x_wconf 86' lang='lat' dir='ltr'><strong>capite</strong></span> <span class='ocrx_word' id='word_1_326' title='bbox 1051 2842 1267 2890; x_wconf 89' lang='lat' dir='ltr'><strong>velando.</strong></span> <span class='ocrx_word' id='word_1_327' title='bbox 1344 2842 1487 2891; x_wconf 89' lang='lat' dir='ltr'><strong>Cuius</strong></span> <span class='ocrx_word' id='word_1_328' title='bbox 1530 2843 1701 2890; x_wconf 87' lang='lat' dir='ltr'><strong>nullam</strong></span> <span class='ocrx_word' id='word_1_329' title='bbox 1743 2843 1908 2891; x_wconf 80' lang='lat' dir='ltr'><strong>volens</strong></span> 
     </span>
     <span class='ocr_line' id='line_1_39' title="bbox 288 2908 1906 2976; baseline 0 -16"><span class='ocrx_word' id='word_1_330' title='bbox 288 2927 392 2960; x_wconf 88' lang='lat' dir='ltr'><strong>esse</strong></span> <span class='ocrx_word' id='word_1_331' title='bbox 432 2911 822 2976; x_wconf 89' lang='lat' dir='ltr'><strong>disceptationem</strong></span> <span class='ocrx_word' id='word_1_332' title='bbox 867 2914 1056 2976; x_wconf 90' lang='lat' dir='ltr'><strong>spiritus</strong></span> <span class='ocrx_word' id='word_1_333' title='bbox 1101 2916 1424 2961; x_wconf 56' lang='lat' dir='ltr'><strong>sanctus‘uno</strong></span> <span class='ocrx_word' id='word_1_334' title='bbox 1470 2915 1656 2962; x_wconf 86' lang='lat' dir='ltr'><strong>nomine</strong></span> <span class='ocrx_word' id='word_1_335' title='bbox 1699 2908 1906 2961; x_wconf 85' lang='lat' dir='ltr'><strong>mulieris</strong></span> 
     </span>
     <span class='ocr_line' id='line_1_40' title="bbox 288 2981 1905 3048; baseline 0 -18"><span class='ocrx_word' id='word_1_336' title='bbox 288 2984 428 3030; x_wconf 85' lang='lat' dir='ltr'><strong>etiam</strong></span> <span class='ocrx_word' id='word_1_337' title='bbox 458 2984 686 3046; x_wconf 88' lang='lat' dir='ltr'><strong>virginem</strong></span> <span class='ocrx_word' id='word_1_338' title='bbox 717 2983 916 3046; x_wconf 87' lang='lat' dir='ltr'><strong>intelligi</strong></span> <span class='ocrx_word' id='word_1_339' title='bbox 945 2984 1106 3042; x_wconf 89' lang='lat' dir='ltr'><strong>voluit,</strong></span> <span class='ocrx_word' id='word_1_340' title='bbox 1141 3001 1274 3048; x_wconf 89' lang='lat' dir='ltr'><strong>quam</strong></span> <span class='ocrx_word' id='word_1_341' title='bbox 1304 2985 1496 3048; x_wconf 89' lang='lat' dir='ltr'><strong>proprie</strong></span> <span class='ocrx_word' id='word_1_342' title='bbox 1514 3001 1606 3031; x_wconf 92' lang='lat' dir='ltr'><strong>non</strong></span> <span class='ocrx_word' id='word_1_343' title='bbox 1624 2981 1905 3032; x_wconf 84' lang='lat' dir='ltr'><strong>nominando</strong></span> 
     </span>
    </p>
   </div>
   <div class='ocr_carea' id='block_1_4' title="bbox 292 3152 1901 3262">
    <p class='ocr_par' dir='ltr' id='par_1_4' title="bbox 292 3152 1901 3262">
     <span class='ocr_line' id='line_1_41' title="bbox 404 3152 1901 3204; baseline -0.001 -14"><span class='ocrx_word' id='word_1_344' title='bbox 404 3152 448 3201; x_wconf 90' lang='lat'><strong>1)</strong></span> <span class='ocrx_word' id='word_1_345' title='bbox 478 3152 554 3189; x_wconf 86' lang='lat' dir='ltr'><strong>Ed.</strong></span> <span class='ocrx_word' id='word_1_346' title='bbox 587 3152 710 3191; x_wconf 81' lang='lat' dir='ltr'><strong>Fran.</strong></span> <span class='ocrx_word' id='word_1_347' title='bbox 744 3156 786 3190; x_wconf 84' lang='lat' dir='ltr'><strong>et</strong></span> <span class='ocrx_word' id='word_1_348' title='bbox 816 3154 905 3203; x_wconf 76' lang='lat' dir='ltr'><strong>mg.</strong></span> <span class='ocrx_word' id='word_1_349' title='bbox 936 3155 1267 3204; x_wconf 83' lang='lat' dir='ltr'><strong>expungitur.</strong></span> <span class='ocrx_word' id='word_1_350' title='bbox 1469 3154 1514 3204; x_wconf 85' lang='lat'><strong>2)</strong></span> <span class='ocrx_word' id='word_1_351' title='bbox 1535 3157 1557 3192; x_wconf 87' lang='lat'><strong>1</strong></span> <span class='ocrx_word' id='word_1_352' title='bbox 1577 3155 1750 3202; x_wconf 64' lang='lat' dir='ltr'><strong>cotan,</strong></span> <span class='ocrx_word' id='word_1_353' title='bbox 1775 3155 1901 3198; x_wconf 62' lang='lat' dir='ltr'><strong>«⁷»qu.</strong></span> 
     </span>
     <span class='ocr_line' id='line_1_42' title="bbox 292 3208 1760 3262; baseline 0.003 -17"><span class='ocrx_word' id='word_1_354' title='bbox 292 3209 336 3258; x_wconf 90' lang='grc'><strong>3)</strong></span> <span class='ocrx_word' id='word_1_355' title='bbox 367 3209 521 3248; x_wconf 83' lang='lat' dir='ltr'><strong>Pamel.</strong></span> <span class='ocrx_word' id='word_1_356' title='bbox 552 3212 594 3246; x_wconf 88' lang='lat' dir='ltr'><strong>et</strong></span> <span class='ocrx_word' id='word_1_357' title='bbox 623 3208 711 3257; x_wconf 85' lang='lat' dir='ltr'><strong>Rig.</strong></span> <span class='ocrx_word' id='word_1_358' title='bbox 744 3210 853 3248; x_wconf 86' lang='lat' dir='ltr'><strong>coni.</strong></span> <span class='ocrx_word' id='word_1_359' title='bbox 882 3211 1208 3251; x_wconf 75' lang='lat' dir='ltr'><strong>inalteravit.</strong></span> <span class='ocrx_word' id='word_1_360' title='bbox 1322 3211 1368 3262; x_wconf 85' lang='lat'><strong>4)</strong></span> <span class='ocrx_word' id='word_1_361' title='bbox 1387 3213 1410 3248; x_wconf 90' lang='lat'><strong>1</strong></span> <span class='ocrx_word' id='word_1_362' title='bbox 1429 3213 1523 3255; x_wconf 80' lang='lat' dir='ltr'><strong>Cor.</strong></span> <span class='ocrx_word' id='word_1_363' title='bbox 1540 3213 1579 3261; x_wconf 75' lang='grc' dir='ltr'><strong>Ἰ,</strong></span> <span class='ocrx_word' id='word_1_364' title='bbox 1604 3212 1659 3250; x_wconf 76' lang='grc'><strong>32</strong></span> <span class='ocrx_word' id='word_1_365' title='bbox 1676 3221 1760 3258; x_wconf 71' lang='lat' dir='ltr'><strong>sqq.</strong></span> 
     </span>
    </p>
   </div>
  </div>
 </body>
</html>
