1942 3554
32 0 68 26 v:
83 7 85 9 .
632 0 641 23 χ

471 170 558 207 AD
595 169 974 207 NATIONES
1017 167 1231 206 hunss.
1561 168 1675 219 165

34 297 164 363 *deos
210 310 496 358 decuriones
550 309 774 373 cuiusque
821 310 1084 372 municipii,
1140 308 1307 372 quibus
1352 309 1508 356 honor
1552 311 1677 360 intra

44 398 205 432 turos
237 397 346 429 suos
377 379 730 427 determinatur.
771 380 900 426 Haec
934 379 1125 426 libertas
1157 379 1529 443 adoptandorum
1562 381 1678 430 deo-

47 469 148 502 rum
151 466 424 521 quousque
462 450 752 513 profecerit,
806 450 1150 513 Aegyptiorum
1197 452 1559 514 superstitiones
1593 452 1677 499 do-

48 532 180 580 cent,
218 523 295 587 qni
328 521 466 569 etiam
496 520 675 566 bestias
705 521 910 583 privatas
943 519 1128 576 colunt,
1169 537 1298 584 p...
1334 522 1605 571 crocodilos
1631 533 1679 570 et

31 608 248 657 anguem
279 607 424 639 suum.
486 589 652 636 Parum
686 599 778 647 est,
813 591 852 636 si
886 590 1024 637 etiam
1051 590 1283 637 hominem
1317 603 1676 641 consecrarunt.

48 663 180 712 Illum
221 662 352 718 dico,
393 676 530 724 quem
568 677 660 706 non
700 661 790 707 iam
829 657 1079 724 Aegyptus
1118 670 1197 707 aut
1237 660 1462 719 Graecia,
1516 680 1678 711 verum

30 743 174 782 {totus
220 732 349 779 orbis
375 765 512 778 ......
542 728 650 778 Afri
689 731 868 788 iurant3
917 730 975 777 de
1017 730 1148 777 cuius
1189 740 1312 778 statu
1352 731 1461 796 quid
1502 735 1679 782 coniici

31 813 204 873 {potest
249 801 371 866 apud
417 810 602 849 nostras
640 802 821 848 litteras
859 809 910 847 ut
953 801 1208 848 verisimile
1247 801 1434 849 videtur
1477 806 1679 866 positum

32 883 140 924 4θεῐ.
199 873 318 922 Nam
352 871 545 936 Serapis
576 872 665 918 iste
692 871 874 935 quidam
901 872 1010 918 olim
1037 872 1206 936 loseph
1233 907 1371 920 ......
1399 873 1487 920 fuit
1510 873 1568 921 de
1594 891 1679 939 ge·
1741 885 1746 890 ’

34 960 168 994 uere
197 952 489 1000 sanctorum,
522 943 678 990 iunior
707 943 833 989 inter
864 951 1053 989 ceteros
1087 943 1282 1001 fratr‚es
1317 942 1402 991 sed
1435 945 1685 993 excelsior

52 1040 68 1065 .
76 1050 264 1064 ........
276 1013 334 1062 ab
380 1012 547 1060 iisdem
581 1013 805 1060 fratribus
844 1029 931 1077 per
969 1013 1163 1061 livorem
1209 1031 1374 1062 venum
1421 1015 1467 1061 in
1512 1014 1682 1081 Aegy-

34 1095 177 1168 {ptum
203 1085 361 1142 datus,
408 1083 623 1132 seviebat
666 1084 711 1130 in
746 1084 917 1131 familia
945 1086 1073 1146 regis
1104 1082 1450 1149 Aegyptiorum
1480 1086 1679 1145 Pharao,

34 1173 82 1206 a
109 1158 276 1220 regina
307 1157 454 1202 minus
485 1153 655 1218 pudica
687 1153 1007 1211 desideratus,
1049 1153 1135 1201 sed
1145 1157 1282 1219 ,quia
1321 1173 1413 1203 non
1447 1157 1681 1221 obseque-

36 1227 216 1285 'batur,
259 1243 285 1274 e
318 1226 558 1272 contrario
591 1224 648 1271 ab
682 1224 848 1272 eadem
889 1224 1092 1283 delatus,
1134 1242 1159 1272 a
1191 1242 1308 1290 rege
1349 1228 1395 1273 in
1436 1243 1681 1276 carcetem

37 1297 208 1346 :datum
268 1296 371 1343 lllic
405 1296 583 1342 somnia
618 1294 887 1359 quibusdam
922 1308 1013 1342 non
1044 1312 1293 1360 perperam
1326 1298 1681 1361 interpretatus,

39 1370 145 1418 *vim
179 1368 366 1432 spiritus
397 1367 466 1413 sui
500 1365 719 1413 ostendit.
783 1366 972 1414 Interea
1003 1382 1089 1413 rex
1114 1383 1299 1431 quoque
1332 1370 1511 1416 somnia
1541 1370 1683 1417 terri-

37 1438 169 1487 lbilia
210 1436 434 1503 quaedam
466 1436 558 1494 illi,
601 1435 827 1483 detractis
861 1453 975 1500 quos
1008 1447 1380 1497 convocaverat,
1420 1440 1569 1486 voluit
1601 1456 1683 1488 ex-

37 1519 251 1575 monere.
313 1507 484 1570 Ioseph
517 1505 847 1570 expedimenta
880 1506 938 1554 de
971 1523 1169 1556 carcere
1203 1507 1417 1567 edocuit,
1452 1512 1681 1558 somnium

37 1581 160 1644 sregi
206 1579 381 1644 aperit:
435 1577 541 1624 illos
586 1577 735 1625 boves
782 1586 964 1642 septem
1012 1579 1345 1641 opimissimos,
1403 1579 1685 1640 defluentes,

39 1649 254 1699 {totidem
286 1665 512 1697 annorum
550 1647 816 1696 ubertatem
856 1649 1154 1712 significare3
1194 1652 1489 1713 posteriores
1530 1668 1683 1717 aeque

37 1730 237 1786 aseptem
282 1722 493 1784 ineptos,
548 1720 929 1782 subsequentium
978 1729 1155 1783 septem
1194 1737 1420 1768 annorum
1459 1723 1684 1786 inopiam.

40 1791 344 1841 {Praedicare
369 1792 527 1854 itaque
556 1805 699 1853 saepe
719 1789 777 1837 de
794 1788 1113 1837 recondendis
1137 1791 1424 1853 praesidiis'
1413 1809 1458 1838 in
1485 1792 1686 1840 futuram

40 1862 225 1911 {famem
260 1863 318 1910 de
351 1862 489 1924 copia
519 1861 702 1924 priore,
737 1858 939 1906 credidit
968 1875 1081 1919 rex,
1125 1862 1277 1907 exitus
1309 1877 1464 1908 rerum
1498 1871 1545 1910 et
1576 1879 1686 1926 pru-

42 1933 250 1982 zdentem
283 1941 332 1980 et
363 1939 574 1978 sanctum
615 1946 806 1993 semper
843 1931 1162 1978 necessarium
1202 1931 1430 1994 probavit.
1525 1933 1685 1997 Itaque

42 2003 244 2053 {Pharao
284 2003 532 2049 universae
569 1999 794 2065 Aegypto
836 2009 883 2048 et
923 2001 1279 2049 frumentandae
1320 2011 1368 2048 et
1399 2002 1570 2051 exinde
1605 2021 1687 2051 cu—

42 2074 237 2122 =randae
277 2088 381 2120 eum
415 2072 658 2136 praefecit.
722 2071 854 2118 Hunc
889 2070 1164 2135 Serapidem
1206 2089 1266 2119 ex
1305 2082 1554 2136 suggestu,
1596 2092 1686 2138 quo

42 2154 202 2210 «caput
239 2145 341 2192 eius
373 2151 607 2200 ornatum,
647 2151 959 2200 vocaverunt,
1010 2144 1140 2190 cuius
1181 2152 1434 2206 suggestus
1473 2144 1688 2192 modialis

42 2215 214 2280 tflgura
244 2213 621 2262 frumentationis
653 2213 923 2260 memoriam
956 2213 1196 2277 obsignat,
1232 2222 1279 2260 et
1312 2230 1469 2261 curam
1503 2215 1690 2279 frugum

43 2295 206 2359 suuper
249 2293 390 2350 caput
428 2285 530 2332 eius
569 2284 737 2343 fuisse,
785 2284 899 2347 ipsis
939 2285 1105 2348 spicis,
1155 2284 1320 2349 quibus
1351 2301 1440 2349 per
1470 2286 1688 2333 ambitum

44 2366 272 2414 ructatur,
314 2363 523 2420 apparet.
592 2354 855 2418 Propterea
887 2364 936 2402 et
967 2371 1153 2413 canem,
1187 2371 1321 2419 quem
1355 2354 1479 2419 apud
1510 2356 1690 2404 inferos

45 2423 310 2492 deputant,
363 2425 447 2473 sub
488 2425 686 2473 dextera
732 2426 834 2473 eius
881 2425 1181 2483 dicaverunt,
1252 2425 1377 2489 quod
1423 2426 1507 2474 sub
1555 2443 1692 2473 manu

47 2498 170 2548 *eius
215 2497 628 2561 compressatur¹)
662 2494 1035 2560 Aegyptiorum,
1094 2505 1142 2543 et
1187 2497 1369 2543 Feriam
1415 2495 1689 2560 adiungunt,

47 2572 204 2635 «quam
234 2569 373 2619 filiam
398 2569 528 2631 regis
551 2566 735 2614 Pharao
762 2566 993 2613 derivatio
1019 2567 1217 2613 nominis
1243 2581 1348 2613 esse
1376 2564 1690 2626 demonstrat3

48 2638 170 2688 xiim
202 2647 252 2687 et
279 2647 389 2686 tunc
421 2637 627 2695 Pharao,
661 2638 787 2684 inter
818 2645 978 2683 cetera
1009 2636 1238 2683 honorum
1271 2645 1319 2683 et
1350 2639 1694 2685 remuneratio-

49 2717 200 2768 tium,
240 2709 377 2756 liliam
409 2724 596 2772 quoque
628 2709 675 2754 in
707 2708 1050 2754 matrimonium
1083 2708 1127 2753 ei
1160 2705 1373 2754 dederat.
1452 2706 1549 2755 Sed
1581 2710 1689 2772 quia

51 2787 122 2830 *et
150 2780 275 2827 feras
306 2787 356 2826 et
393 2779 603 2827 homiues
643 2779 805 2826 colere
846 2785 1181 2841 susceperant,
1235 2786 1477 2841 utramque
1522 2779 1695 2827 faciem

53 2850 119 2898 =in
149 2865 288 2897 unum
317 2846 505 2895 Anubin
538 2849 859 2905 contulerunt,
891 2848 938 2894 in
972 2864 1062 2911 quo
1088 2857 1281 2894 naturae
1315 2847 1692 2913 conditionisque

54 2935 185 2968 suae
215 2920 371 2984 potius
400 2928 676 2981 argumenta
692 2917 844 2965 videri
863 2926 1025 2981 posset
1042 2933 1350 2966 consecrasse
1375 2935 1491 2982 gens
1517 2920 1692 2978 rixosa,

193 3129 238 3178 1)
268 3129 421 3167 Mirum
453 3130 534 3167 hoc
566 3141 600 3167 v.
631 3129 670 3166 le
688 3129 821 3167 Prior.
853 3123 1031 3168 mutavit
1061 3130 1103 3167 in
1136 3134 1544 3178 compressatus.
