1942 3554
327 233 429 286 118
852 238 1433 277 Aroner‘ricUs.

325 444 434 492 inde
467 462 555 492 nec
588 447 755 508 plenae
788 462 876 493 nec
909 446 1029 495 adeo
1062 447 1299 495 timendae
1334 448 1447 495 estis
1480 447 1754 512 disciplinae
1786 450 1844 498 ad
1868 470 1885 499 ι·

324 517 575 563 nocentiae
607 517 874 563 veritatem.
947 516 1126 576 Quanta
1158 527 1231 564 est
1260 516 1508 581 prudentia
1537 519 1735 567 hominis
1765 519 1824 567 ad
1855 521 1884 568 d

323 584 675 633 monstrandum
717 585 825 649 quid
864 602 976 634 vere
1007 586 1209 634 bonum?
1257 597 1426 652 quanta
1458 590 1716 637 auctoritas
1746 590 1806 638 ad
1818 577 1938 797 θΞ

325 377 642 424 innocentiam
690 375 902 434 tradidit,
956 378 1151 424 humana
1204 379 1317 425 item
1366 376 1621 426 dominatio
1641 356 1940 572 lmperav13

324 654 558 719 gendum?
601 665 689 702 tam
721 657 800 702 illa
829 657 927 703 falli
959 658 1124 715 facilis,
1160 674 1293 721 quam
1326 660 1414 706 ista
1447 661 1700 707 contemni.
1777 659 1874 726 Atq

323 725 444 774 adeo
479 727 587 789 quid
619 727 800 789 plenius
833 726 1005 774 dictum
1045 737 1137 775 est:
1186 746 1277 775 non
1325 729 1540 787 occides,
1587 746 1646 777 au
1690 745 1828 778 vero:

321 797 540 844 irascaris
587 795 803 860 quidem?
876 797 995 856 Quid
1041 799 1300 861 perfectius
1338 799 1592 863 prohibere
1639 799 1942 927 adulterina}

320 883 378 914 an
411 868 550 915 etiam
582 867 639 914 ab
671 868 913 914 oculorum
946 869 1155 915 solitaria
1187 871 1570 933 concupiscentia
1586 874 1785 919 arcere?
1816 872 1900 938 Qu

321 937 549 984 eruditius
597 935 656 984 de
702 936 956 996 maleficio,
1006 955 1063 985 an
1111 948 1158 985 et
1199 938 1255 985 de
1296 940 1578 1004 maleloquio
1618 934 1933 995 interdicere!

322 1007 441 1066 Quid
489 1009 785 1065 instructius,
834 1010 1048 1055 iniuriam
1095 1026 1187 1055 non
1225 1011 1525 1090 permittere,
1573 1028 1630 1058 an
1662 1027 1750 1059 nec
1781 1002 1942 1063 νίιιιιῶε

316 1078 516 1126 iniuriae
550 1080 738 1126 sinere?
790 1077 894 1126 dum
930 1088 1079 1126 tamen
1123 1081 1284 1127 sciatis
1315 1081 1439 1144 ipsas
1471 1097 1655 1145 quoque
1688 1082 1821 1145 leges
1853 1092 1932 1132 ve-

319 1156 466 1206 stras,
526 1165 644 1212 quae
689 1147 910 1196 videntur
955 1149 1013 1195 ad
1058 1151 1374 1197 innocentiam
1412 1167 1638 1231 pergere,
1687 1150 1744 1198 de
1778 1148 1942 1206 divin&

317 1218 426 1298 lege
459 1228 508 1265 ut
539 1220 801 1283 antiquiore
835 1220 1029 1266 formam
1061 1228 1305 1268 mutuatas.
1374 1220 1586 1272 Diximus
1618 1222 1707 1270 iam
1740 1221 1797 1270 de
1827 1215 1939 1278 Moe*

317 1289 380 1335 sis
413 1297 587 1335 aetate.
650 1288 746 1336 Sed
780 1298 948 1353 quanta
981 1291 1239 1336 auctoritas
1271 1291 1425 1353 legum
1445 1291 1761 1350 humanarum,
1795 1297 1939 1357 (ῙιιιιιΙ

315 1359 420 1405 illas
454 1368 501 1405 et
533 1357 737 1406 evadere
770 1360 942 1406 homini
976 1361 1233 1424 contingat,
1268 1369 1315 1407 et
1344 1362 1618 1426 plerumque
1649 1363 1695 1408 in
1719 1355 1942 1419 admissi&

316 1428 624 1486 delitescere,
664 1438 712 1476 et
750 1429 997 1493 aliquando
1039 1440 1342 1478 contemnere
1383 1447 1442 1478 ex
1473 1432 1712 1480 voluntate
1742 1433 1818 1480 vel
1849 1435 1932 1498 nes}

316 1501 538 1546 cessitate
585 1498 907 1563 delinquendi,
956 1502 1221 1563 recogitata
1268 1502 1406 1548 etiam
1442 1500 1675 1549 brevitate
1714 1503 1942 1574 supplic&

313 1569 585 1628 cuiuslibet,
634 1587 726 1617 non
765 1580 917 1617 tamen
957 1572 1078 1618 ultra
1115 1580 1309 1618 mortem
1343 1573 1694 1633 remailsur121)
1771 1572 1850 1620 Sic
1882 1557 1939 1643 Q

309 1638 540 1702 Epicurus
574 1656 754 1688 omnem
787 1642 1043 1688 cruciatum
1077 1640 1381 1706 doloremque
1409 1642 1660 1706 depretiat,
1695 1643 1939 1710 modicuifi

313 1709 498 1772 quidem
545 1712 942 1774 contemptibilem
988 1711 1355 1775 pronuntiando,
1417 1730 1630 1777 magnum
1677 1730 1790 1761 vero
1837 1712 1935 1783 no}

311 1779 588 1827 diuturnum.
645 1781 896 1829 Enimvero
930 1798 1015 1828 nos
1050 1783 1127 1845 qui
1158 1781 1241 1829 sub
1275 1781 1364 1830 deo
1399 1785 1595 1831 omnium
1630 1785 1934 1850 speculator&

311 1848 654 1913 dispungimur,
705 1852 874 1914 quique
920 1860 1157 1899 aeternam
1195 1853 1251 1900 ab
1293 1869 1350 1900 eo
1380 1870 1576 1917 poenam
1612 1853 1927 1936 providemus}

307 1923 478 1967 merito
513 1920 602 1967 soli
633 1922 934 1970 innocentiae
968 1923 1280 1981 occurrimus,
1323 1932 1370 1970 et
1399 1940 1484 1988 pro
1517 1925 1747 1972 scientiae
1779 1923 1932 2007 pleni·

307 1989 493 2049 tudine,
545 2000 592 2037 et
622 2008 707 2054 pro
741 1992 1024 2040 latebrarum
1058 1992 1357 2051 difficultate,
1407 2003 1454 2040 et
1491 2010 1575 2058 pro
1608 1981 1942 2058 magnitudini*

309 2061 547 2107 cruciatus
595 2078 685 2107 non
734 2061 967 2120 diuturni,
1015 2080 1173 2110 verum
1208 2066 1501 2127 sempiterni,
1551 2081 1655 2112 eum
1694 2059 1926 2126 timentes,

307 2146 443 2193 quem
493 2133 658 2178 timere
710 2130 902 2180 debebit
942 2142 989 2180 et
1027 2133 1126 2196 ipse
1167 2136 1244 2196 qui
1281 2136 1501 2182 timentes
1532 2134 1730 2194 iudicat,
1773 2135 1924 2195 deumj,

306 2216 398 2247 non
430 2202 762 2264 proconsulem
795 2204 1031 2250 timentes.

447 2275 529 2321 46.
594 2270 918 2330 Constitimus,
966 2282 1016 2319 ut
1047 2274 1234 2336 opinor,
1281 2274 1505 2323 adversus
1537 2278 1737 2324 omnium
1771 2276 1927 2324 crimia

304 2358 412 2388 num
451 2342 783 2400 intentionem,
832 2359 949 2407 quae
985 2342 1353 2392 Christianorum
1393 2347 1666 2410 sanguinem
1722 2347 1923 2410 flagitat-⁴.

308 2410 605 2459 Ostendimus
636 2421 782 2460 totum
815 2422 982 2461 statum
1015 2423 1238 2472 nostrum,
1274 2425 1320 2463 et
1352 2416 1517 2480 quibus
1548 2415 1698 2464 modis
1722 2417 1927 2481 probam

307 2483 543 2546 possimus
575 2484 640 2530 ita
673 2500 802 2541 esse,
837 2485 958 2531 sicut
991 2484 1300 2543 ostendimus,
1336 2503 1395 2534 ex
1425 2486 1517 2534 fide
1550 2487 1736 2535 scilicet
1767 2496 1815 2534 et
1844 2500 1924 2534 an·—

304 2554 524 2616 tiquitate
574 2552 831 2601 divinarum
879 2554 1160 2614 litterarum,
1209 2558 1318 2603 item
1366 2573 1427 2605 ex
1458 2558 1758 2605 confessione
1789 2557 1925 2627 spiri—

306 2623 499 2670 tualium
530 2633 829 2687 potestatum.
907 2624 1018 2683 Quis
1049 2643 1134 2673 nos
1165 2628 1415 2675 revincere
1445 2626 1659 2685 audebit,
1700 2644 1792 2674 non
1823 2635 1924 2675 arte

305 2693 585 2752 v,erborum
629 2695 667 2742 si
701 2694 863 2742 eadem
895 2695 1066 2754 forma,
1115 2714 1202 2761 qua
1240 2697 1566 2760 probationem
1603 2691 1924 2753 constituimus

422 2920 467 2964 1)
498 2919 724 2966 Vulgatam
750 2921 1015 2959 restituimus
1041 2922 1316 2970 scripturam,
1350 2933 1472 2969 quum
1505 2924 1547 2960 et
1563 2922 1769 2961 Heraldus
1800 2922 1921 2961 exhi·

302 2974 415 3021 buit,
446 2974 529 3011 nisi
546 2975 657 3021 quod
675 2988 748 3023 pro
769 2978 1055 3015 etevadere
1080 2979 1223 3026 posuit
1244 2979 1348 3016 etsi
1372 2990 1444 3019 ev.
1477 2979 1602 3017 Ham:
1633 2979 1920 3031 continguis

299 3031 603 3078 plerumque
633 3031 681 3068 in
713 3033 831 3070 adm.
866 3034 1235 3082 delitescenti,
1269 3036 1317 3072 et
1349 3035 1408 3072 al.
1440 3038 1572 3073 cont.
1596 3034 1918 3074 exinvolunss

299 3089 413 3124 tate
445 3087 524 3124 vel
554 3098 660 3124 nec.
695 3089 1020 3136 delinquenti
1062 3091 1203 3138 (codd.
1236 3103 1334 3128 mss.
1372 3101 1516 3130 omnes
1547 3086 1918 3140 delinquendix

299 3154 402 3181 rec.
441 3143 595 3181 ctiam
634 3156 728 3191 pro
768 3146 1026 3184 brevitate
1074 3149 1154 3195 (al.
1189 3148 1501 3197 Recogitate
1539 3159 1595 3186 ea
1633 3148 1786 3187 etiam
1832 3156 1924 3196 pro-

300 3197 459 3249 brev.)
489 3200 747 3248 supplicii
775 3204 854 3238 etc.
