1942 3554
325 170 436 220 166
757 170 844 206 AD
884 169 1262 207 NATioNEs
1305 168 1517 204 L113.11.

322 312 420 359 suis
452 308 643 370 regibus
675 316 978 363 recontrans,
1012 308 1058 352 in
1091 307 1330 354 extraneis
1362 305 1570 364 deiecta,
1610 322 1721 355 sane
1746 316 1800 355 et
1829 309 1937 372 gul‘a

323 389 371 427 et
402 378 627 441 spurcitia
657 410 897 423 ..........
931 377 1069 423 etiam
1103 377 1227 422 servi
1260 377 1372 439 ipsa.

470 451 517 497 9.
593 446 722 493 Haec
776 444 1029 493 secundum
1062 447 1352 527 tripertitam
1398 445 1752 508 dispositionem
1799 450 1937 498 ..1.

322 516 577 565 divinitatis
608 525 687 563 aut
718 517 903 562 notiora
942 525 1020 564 aut
1060 516 1320 579 insigniora
1359 514 1660 579 digessimus,
1699 525 1750 564 ut
1785 521 1935 580 possit

322 590 411 634 iam
443 585 594 634 videri
626 587 738 633 satis
770 602 1039 649 responsum
1073 584 1131 632 de
1163 586 1356 649 physico
1390 601 1592 649 genere,
1635 585 1693 634 de
1723 588 1938 650 poetico,

322 657 379 704 de
421 657 654 720 gentibus.
744 655 805 702 Et
843 656 1057 719 quoniam
1104 657 1252 702 omnis
1291 657 1559 719 superstitio
1599 658 1669 715 ¹),
1715 673 1806 703 non
1846 658 1938 709 iam

319 726 702 791 philosophorum
734 741 823 773 nec
854 735 1097 788 poetarum
1129 741 1216 772 nec
1248 726 1548 789 populorum,
1588 742 1614 773 a
1646 726 1810 790 quibus
1841 736 1936 775 tra-i

323 797 418 844 dita
464 805 555 854 est,
612 795 696 844 sed
743 795 1073 843 dominantium
1120 796 1455 854 Romanorum,
1495 796 1666 860 quibus
1707 806 1934 860 occupata

321 876 414 924 est,
455 868 782 914 auctoritatem
815 866 902 913 sibi
935 868 1185 924 exstruxit,
1225 867 1315 914 alia
1347 867 1436 913 iam
1468 865 1603 913 nobis
1631 866 1832 915 ineunda
1864 866 1935 919 est

319 937 505 985 humani
537 937 714 984 erroris
748 936 967 995 latitudo,
1003 938 1094 983 imo
1126 938 1243 983 silva
1275 936 1542 994 caedenda,
1576 953 1695 1000 quae
1730 937 1935 1001 undique

322 1008 566 1071 conceptis
599 1007 978 1070 superstitionum
1009 1007 1262 1053 seminibus
1294 1008 1392 1053 vitii
1423 1008 1669 1070 pueritiam
1692 1007 1737 1065 2)
1773 1006 1934 1055 obuia-.-

317 1078 486 1126 bravit.
564 1075 660 1123 Sed
692 1086 739 1123 et
770 1076 1078 1123 Romanorum
1120 1075 1235 1124 deos
1265 1076 1420 1124 Varro
1458 1076 1672 1124 bifariam
1705 1075 1942 1140 disposuit.

319 1150 531 1196 incertos
565 1156 610 1194 et
638 1148 844 1207 electos.v
887 1147 1078 1194 Tantam
1104 1148 1381 1195 vanitatem!
1419 1146 1539 1206 Quid
1564 1147 1686 1194 enim
1705 1155 1808 1194 erat
1838 1146 1942 1195 illis-

320 1236 422 1266 cum
454 1219 670 1275 incertis,
711 1219 748 1264 si
783 1226 940 1264 certos
971 1217 1234 1264 habebant?
1278 1219 1368 1263 nisi
1409 1219 1447 1263 si
1485 1215 1674 1263 Atticos
1712 1225 1938 1280 stupores

319 1291 535 1352 recipere
567 1288 832 1335 voluerunt.
877 1286 994 1334 Nam
1021 1296 1068 1334 et
1084 1286 1282 1335 Athenis
1308 1303 1388 1334 ara
1415 1295 1488 1333 est
1512 1287 1758 1351 inscripta:
1794 1287 1931 1350 igno.-

317 1361 376 1406 tis
410 1358 526 1406 deis.
591 1357 715 1404 Colit
746 1374 863 1421 ergo
896 1359 995 1421 quis
1027 1357 1149 1421 quod
1183 1358 1401 1421 ignorat?
1439 1356 1551 1403 Tum
1584 1357 1623 1404 si
1656 1365 1815 1404 certos
1848 1357 1929 1404 ha„

316 1429 514 1487 bebant,
563 1429 771 1476 contenti
811 1444 915 1475 esse
956 1426 1240 1485 debuerunt,
1295 1441 1384 1475 nec
1417 1427 1598 1474 electos
1638 1426 1928 1479 desiderare.

315 1500 366 1547 In
399 1516 488 1562 quo
522 1500 662 1546 etiam
702 1498 957 1561 irreligiosi
997 1497 1424 1561 deprehenduntur.
1507 1496 1557 1545 Si
1605 1498 1726 1545 enim
1765 1496 1840 1544 dei
1880 1506 1932 1548 ut

313 1569 440 1616 bulbi
473 1570 747 1632 seliguntur,
781 1570 856 1633 qui
889 1585 979 1615 non
1014 1569 1296 1631 seliguntur,
1327 1567 1518 1631 reprobi
1548 1568 1924 1631 pronuntiantur.

314 1640 416 1687 Nos
449 1656 561 1686 vero
593 1638 806 1686 bifariam
840 1639 1150 1685 Romanorum
1194 1638 1309 1685 deos
1347 1638 1758 1702 recognoscimus,
1800 1654 1927 1686 com-

314 1725 476 1756 munes
518 1718 565 1756 et
602 1709 844 1772 proprios,
883 1708 930 1755 id
970 1717 1065 1766 est,
1114 1726 1230 1771 quos
1261 1725 1364 1756 cum
1404 1708 1614 1756 omnibus
1644 1708 1839 1766 habent,
1880 1717 1930 1756 et

315 1797 429 1844 quos
475 1781 563 1842 ipsi
610 1788 715 1825 sunt
754 1780 1016 1826 commenti.
1108 1779 1169 1826 Et
1206 1778 1423 1843 numquid
1461 1779 1507 1826 hi
1538 1787 1645 1826 sunt
1673 1778 1928 1842 publieiet

312 1849 553 1897 adventitii
595 1848 739 1895 dicti?
779 1849 878 1896 Hoc
919 1850 1039 1896 enim
1081 1865 1192 1897 arae
1233 1849 1428 1909 docent,
1468 1847 1826 1898 adventitiorum
1866 1846 1932 1897 a&

313 1921 464 1967 fanum
492 1920 694 1976 Carnae,
727 1919 1016 1982 publicorum
1042 1921 1085 1966 in
1111 1920 1306 1967 Palatio·
1360 1920 1513 1979 Quare
1533 1936 1634 1967 cum
1660 1933 1929 1967 communes

312 1989 409 2047 dei,
445 2006 577 2053 quam
602 1991 813 2054 physic0,
833 2007 967 2053 quam
985 1992 1031 2038 in
1056 1991 1263 2055 mythico
1284 1989 1755 2055 comprehendantur,
1772 1998 1924 2043 actum

310 2070 378 2107 est
408 2060 494 2106 iam
529 2060 586 2106 de
619 2061 719 2106 istis
751 2061 1014 2124 speciebus.
1058 2061 1127 2108 De
1153 2063 1354 2125 propriis
1388 2059 1550 2108 dicere
1569 2095 1728 2108 .......
1748 2068 1809 2108 et.
1853 2058 1923 2107 De

312 2130 531 2176 Romanis
563 2139 849 2192 stupeamus,
889 2134 1075 2178 tertium
1117 2131 1229 2179 illud
1270 2149 1418 2196 genus
1457 2131 1690 2179 hostilium
1730 2129 1933 2178 deorum·

312 2234 447 2248 ......
463 2216 519 2247 eo
554 2199 677 2262 quod
707 2200 832 2246 nulla
863 2216 979 2262 gens
1010 2203 1100 2253 alia
1131 2211 1307 2248 tantum
1348 2202 1436 2248 sibi
1475 2201 1825 2264 superstiti-onis
1854 2201 1920 2247 ino·

309 2271 495 2325 venerit
537 2304 671 2316 ......
707 2269 819 2316 duas
865 2271 1050 2332 species
1089 2270 1356 2333 dirigimus,
1410 2272 1528 2317 alios
1567 2270 1624 2317 de
1664 2269 1920 2319 homi-nibus·

309 2349 590 2403 assumptos,
623 2341 740 2386 alios
778 2339 886 2386 inde
918 2349 1190 2403 conceptos.
1252 2340 1403 2404 Igitur
1433 2341 1647 2403 quoniam
1678 2339 1801 2387 idem
1833 2340 1917 2388 illie

311 2411 446 2458 color
469 2411 672 2474 suppetit
696 2411 1068 2458 consecrationis
1091 2418 1398 2468 mortuorum,
1432 2419 1646 2474 tanquam
1673 2410 1733 2457 ob
1757 2411 1942 2464 meritas

308 2483 456 2538 vitae,
499 2480 697 2528 eandem
730 2490 778 2528 et
808 2496 892 2528 nos
917 2481 1274 2544 responsionem
1300 2484 1585 2544 opponamus
1610 2495 1807 2530 necesse
1833 2487 1914 2537 est,

308 2553 541 2599 neminem
581 2566 640 2598 ex
678 2551 750 2598 his
787 2567 972 2615 quoque
1013 2552 1127 2597 tanti
1165 2551 1325 2598 fuisse.
1415 2550 1600 2597 Patrem
1647 2549 1942 2614 diligentem<

306 2621 504 2670 Aenean
552 2620 878 2679 erediderunt,
930 2621 1118 2669 militem
1164 2637 1394 2685 nunquam
1439 2621 1718 2684 gloriosum,
1764 2618 1914 2683 lapide

310 2691 624 2748 debilitatum·
665 2690 787 2755 quod
820 2692 962 2739 telum
1003 2700 1220 2754 quantum
1250 2692 1469 2754 vulgare,
1515 2700 1654 2755 atque
1687 2691 1942 2754 caninumg

309 2770 438 2808 tanto
471 2762 680 2824 ignobile
711 2763 903 2809 vulnus!
946 2761 1040 2809 Sed
1081 2770 1129 2809 et
1164 2760 1380 2824 proditor
1417 2762 1596 2824 patriae
1624 2758 1860 2808 Aeneas
1846 2776 1909 2808 ιιι
1939 2775 1942 2777 ’

307 2833 519 2890 venitur3
562 2841 651 2879 tam
691 2833 912 2891 Aeneas,
937 2848 1068 2896 quam
1108 2830 1337 2878 Antenor.
1418 2829 1492 2878 Ae
1539 2831 1577 2877 si
1622 2830 1713 2878 hoc
1758 2844 1913 2888 verum

307 2901 493 2959 nolunt,
527 2901 715 2949 Aeneas
750 2911 880 2950 certe
913 2904 1063 2966 patria
1102 2902 1328 2965 flagrante
1369 2901 1619 2965 dereliquit
1655 2900 1815 2947 socios
1846 2899 1906 2953 fe·

422 3056 466 3104 1)
497 3056 649 3104 Rigalt.
681 3058 1023 3096 substitutio.
1110 3058 1155 3105 2)
1188 3057 1382 3095 Cod.ms.
1404 3056 1555 3094 vitiis
1587 3053 1904 3103 pueritatem
1932 3036 1942 3095 ⁷2

307 3112 459 3160 Rigalt.
490 3113 608 3150 vitii
642 3114 971 3160 pueritatem.
1634 3126 1640 3130 ·
1675 3126 1679 3130 ’
1941 3112 1942 3129 ³
