1942 3554
280 226 360 275 23
809 223 892 261 ΒΕ
930 222 1362 263 εΡΕοΤΑουωε

282 365 372 413 deo
405 365 555 412 vivis?
614 363 714 411 Hae
746 363 1032 425 voluptates,
1080 363 1197 408 haec
1230 359 1498 425 spectacula
1531 358 1853 407 Christianoru
1887 360 1899 366 ‘

281 444 467 493 sancta,
515 442 766 498 perpetua,
814 434 1043 496 gratuita,
1094 434 1140 478 in
1171 432 1244 478 his
1275 430 1359 478 tibi
1391 429 1525 477 ludos
1559 429 1800 478 circenses
1831 430 1877 476 in

279 514 568 568 terpretare,
611 519 774 550 cuisus
807 503 955 550 seculi
988 504 1199 559 intuere,
1232 510 1446 565 tempora
1477 496 1706 558 labentia,
1753 499 1871 564 spati

281 573 545 628 dinumera,
599 582 748 620 metas
784 573 1198 620 consummationis
1231 579 1480 635 exspecta,
1530 570 1787 618 societates
1819 566 1889 617 ee*

280 645 528 692 elesiarum
561 641 787 700 defende,
828 643 886 690 ad
917 643 1096 707 signum
1130 640 1206 690 dei
1238 642 1492 698 suscitare,
1541 639 1600 687 ad
1632 639 1788 687 tubam
1819 655 1895 686 an

279 715 410 779 geli
421 715 632 777 erigere,
687 711 746 760 ad
791 714 1002 777 martyrii
1046 712 1221 777 palmas
1268 712 1493 775 gloriare.
1581 709 1632 757 Si
1678 710 1868 758 scenica

280 783 525 831 doctrinae
567 782 827 841 delectant,
876 784 988 830 satis
1026 783 1162 829 nobis
1200 782 1458 829 litterarum
1491 788 1586 839 est,
1633 780 1747 828 satis
1790 795 1849 827 ve
1896 798 1898 800 ’

279 870 409 901 suum
445 856 579 915 [est],
614 854 726 900 satis
751 854 1102 910 sententiarum,
1136 853 1247 899 satis
1273 853 1412 899 etiam
1439 851 1753 908 cantieorum,
1786 850 1874 897 sati
1923 871 1925 874 ·

277 940 468 980 vocum,
510 940 598 971 nec
630 923 840 981 fabulae,
881 923 964 970 sed
996 924 1239 979 veritates
1276 938 1364 969 nec
1397 920 1640 985 strophae,
1675 918 1760 968 sed
1790 919 1903 983 sim}

276 993 536 1058 plicitates.
598 993 682 1041 Vis
715 1002 763 1039 et
792 993 1046 1056 pugillatus
1079 1002 1126 1040 et
1159 994 1388 1040 luctatus?
1420 1000 1611 1056 praesto
1643 998 1771 1050 sunt,
1804 993 1921 1050 non}

277 1079 445 1128 parva,
507 1062 590 1111 sed
644 1063 785 1110 multa
806 1063 865 1128 ¹).
953 1062 1161 1126 Adspice
1209 1062 1541 1126 impudicitiam
1593 1060 1826 1129 deiectam
1871 1055 1918 1119 a}

279 1134 518 1191 castitate,
573 1133 815 1196 perfidiam
849 1149 1034 1180 caesam
1066 1151 1092 1180 a
1124 1133 1239 1190 fide,
1292 1133 1533 1180 saevitiam
1566 1148 1594 1179 a
1624 1119 1918 1213 misericor-3}

278 1202 354 1251 dia
388 1212 644 1261 contusam,
677 1204 978 1267 petulantiam
1010 1220 1036 1250 a
1070 1203 1300 1251 modestia
1331 1202 1670 1261 obumbratam,
1707 1210 1756 1249 et
1777 1200 1906 1248 tale

278 1282 383 1320 sunt
412 1272 537 1354 apud
568 1290 653 1320 nos
683 1289 881 1337 agones,
914 1274 960 1320 in
994 1274 1193 1337 quibus
1181 1274 1268 1336 lpsi
1294 1289 1588 1320 coronamur.
1635 1272 1721 1319 Vis
1745 1279 1852 1319 aute

280 1352 328 1391 et
359 1344 598 1407 sanguinis
631 1342 838 1407 aliquid?
879 1343 1024 1390 habes
1059 1344 1252 1390 Chiisti.

416 1417 497 1464 30.
540 1413 686 1472 Quale
718 1422 872 1461 autem
904 1414 1224 1478 spectaculum
1256 1415 1300 1459 in
1332 1414 1547 1477 proximo
1575 1420 1648 1459 est
1669 1409 1872 1459 adventu

276 1483 492 1530 domini'
479 1500 571 1530 lam
603 1483 867 1542 indubitati,
903 1484 993 1531 iam
1026 1483 1230 1548 superbi,
1264 1484 1354 1530 iam
1386 1482 1735 1546 triumphantis!
1777 1404 1911 1621 «11]αέ

276 1554 355 1600 illa
386 1554 640 1600 exsultatio
672 1554 965 1617 angelorum,
999 1570 1118 1618 quae
1149 1554 1303 1618 gloria
1335 1553 1682 1617 resurgentium
1708 1560 1872 1600 sancto
1931 1552 1942 1557 ”

274 1623 399 1670 rum!
464 1623 600 1687 quale
643 1640 840 1687 regnum
883 1622 1053 1672 exinde
1085 1625 1334 1672 iustorum!
1397 1623 1546 1688 qualis
1577 1623 1744 1670 civitas
1775 1630 1905 1673 noval

274 1693 593 1740 Hierusalem!
657 1691 723 1740 At
761 1695 883 1742 enim
923 1703 1175 1758 supersunt
1212 1695 1304 1742 alia
1334 1693 1629 1775 spectacula,
1676 1693 1756 1740 ille
1788 1682 1904 1759 ulti-34

273 1780 371 1810 mus
417 1771 465 1810 et
507 1772 763 1827 perpetuus
808 1763 971 1812 iudicii
1019 1764 1143 1823 dies,
1197 1765 1276 1812 ille
1309 1763 1574 1812 nationibus
1611 1764 1906 1845 insperatus?
1940 1767 1942 1771 ⁴

272 1834 351 1880 ille
385 1832 585 1891 derisus,
621 1850 722 1881 cum
757 1843 882 1882 tanta
913 1835 1062 1883 seculi
1092 1843 1301 1883 vetustas
1333 1844 1382 1882 et
1406 1842 1479 1882 tot
1503 1835 1603 1881 eius
1626 1827 1900 1892 nativitate}

271 1920 363 1950 uno
395 1905 505 1966 igne
538 1904 829 1951 haurientur.
907 1906 1035 1965 Quae
1067 1914 1178 1953 tunc
1216 1904 1473 1968 spectaculi
1513 1902 1733 1952 latitudo!
1781 1897 1898 1968 quii}
1936 1906 1942 1907 ’

271 1972 503 2020 admirer?
534 1973 642 2036 quid
667 1974 877 2022 rideam?
905 1975 985 2022 ubi
1011 1974 1255 2039 gaudeam,
1289 1975 1362 2023 ubi
1389 1975 1638 2032 exsultem,
1673 1981 1894 2039 spectans
1937 2005 1942 2043 ,'

270 2053 341 2090 tot
364 2060 418 2090 ac
445 2052 598 2090 tantos
625 2059 782 2107 reges,
818 2047 894 2108 qui
919 2046 966 2092 in
993 2046 1176 2093 coelum
1201 2047 1383 2109 recepti
1409 2044 1754 2102 nuntiabantur,
1788 2058 1891 2108 cum
1934 2056 1942 2097 1,

270 2114 373 2175 ipso
393 2112 503 2159 Iove
530 2121 578 2158 et
607 2114 721 2176 ipsis
754 2115 849 2161 suis
874 2115 1071 2162 testibus
1095 2117 1141 2162 in
1167 2116 1272 2162 imis
1298 2115 1507 2163 tenebris
1533 2115 1898 2178 congemiscens
1934 2115 1942 2124 “

270 2184 375 2229 tes?
413 2183 523 2229 item
556 2182 822 2245 praesides,
854 2194 1188 2247 persecutores
1221 2184 1441 2232 dominici
1473 2185 1673 2232 nominis
1705 2185 1894 2232 saevio}

270 2251 397 2298 ribus
443 2253 659 2310 flammis,
723 2269 855 2317 quam
901 2255 993 2317 ipsi
1039 2256 1307 2302 saevierunt
1344 2254 1671 2302 insultantibus
1725 2263 1893 2302 contra

273 2321 577 2380 Christianos,
611 2323 959 2386 liquescentes?
1003 2334 1249 2387 praeterea
1281 2326 1516 2388 sapientes
1546 2325 1652 2372 illos
1682 2324 1895 2389 philost»-Z

271 2392 387 2456 phos
414 2408 571 2440 coram
603 2392 844 2457 discipulis
869 2395 962 2441 suis
994 2411 1082 2442 una
1108 2395 1501 2458 conflagrantibus
1533 2395 1891 2452 erubescentes,

272 2461 437 2525 quibus
477 2463 589 2509 nihil
627 2462 685 2510 ad
725 2463 860 2511 deum
900 2466 1138 2527 pertinere
1177 2465 1455 2523 suadebant,
1511 2465 1676 2530 quibus
1713 2465 1897 2518 animas

272 2541 350 2578 aut
379 2533 526 2580 nullas
557 2542 636 2580 aut
667 2550 759 2581 non
790 2536 834 2580 in
862 2536 1054 2598 piistina
1080 2551 1282 2598 corpora
1307 2535 1541 2583 redituras
1564 2533 1889 2592 affirmabant?

273 2603 413 2648 etiam
445 2612 609 2665 poetas
647 2621 739 2652 non
779 2604 838 2651 ad
870 2604 1196 2663 Rhadamanti,
1245 2621 1331 2652 nec
1371 2605 1429 2652 ad
1466 2605 1661 2663 Minois,
1708 2603 1790 2651 sed
1829 2590 1894 2655 ad

273 2672 495 2734 inopinati
530 2673 703 2722 Christi
734 2675 934 2722 tribunal
969 2676 1277 2739 palpitantes?
1325 2676 1454 2724 Tunc
1487 2675 1636 2757 magis
1666 2672 1894 2738 tragoedi

272 2740 516 2799 audiendi,
557 2746 703 2808 magis
742 2746 928 2793 scilicet
958 2747 1149 2793 vocales
1181 2748 1225 2792 in
1258 2762 1339 2793 sua
1370 2746 1559 2810 propria
1590 2744 1884 2805 calamitate,

272 2819 382 2858 tunc
430 2812 682 2861 histriones
728 2815 1050 2880 cognoscendi
1095 2817 1348 2863 solutiores
1393 2815 1537 2863 multo
1575 2831 1663 2879 per
1698 2815 1883 2880 ignem3

272 2889 381 2928 tunc
412 2883 696 2945 spectandus
726 2887 890 2950 auriga
920 2888 967 2933 in
999 2888 1208 2934 flammea
1240 2895 1345 2933 rota
1375 2895 1500 2933 totus
1531 2886 1732 2944 rubens,
1775 2893 1886 2933 tunc

270 2952 443 3015 xystici
477 2953 821 3017 contemplandi
860 2972 951 3003 uon
991 2958 1036 3004 in
1076 2957 1352 3022 gymnasiis,
1399 2955 1484 3004 sed
1522 2957 1569 3003 in
1606 2957 1718 3020 igne
1756 2955 1888 3017 iacu-

272 3020 374 3080 lati,
429 3023 517 3069 nisi
556 3023 679 3086 quod
719 3041 806 3073 nec
844 3035 953 3074 tunc
994 3026 1178 3092 quidem
1218 3026 1323 3074 illos
1354 3027 1495 3076 velim
1526 3028 1681 3084 visos,
1727 3032 1779 3072 ut.
1808 3022 1887 3088 qui

271 3126 510 3133 ——-—-

386 3176 428 3227 1)
458 3179 680 3228 Rigaltius:
720 3185 929 3228 praesto
961 3186 1081 3222 sunt
1111 3194 1209 3222 non
1241 3194 1403 3231 pauca
1433 3181 1605 3224 timul.
