1942 3554
1452 11 1463 32 ι
1561 0 1565 1 ’
1619 0 1702 30 uf*-
1831 0 1933 182 ᾖ

1625 155 1630 171 l
1894 171 1896 174 ,

304 215 381 266 70
820 213 1404 255 APOLOGETIGUS.
1900 186 1923 204 ⁵

304 357 517 405 luxuriae
536 358 599 415 ¹).
662 355 879 419 Inprimis
911 355 1032 402 filios
1064 355 1299 418 exponitis
1330 354 1657 418 suscipiendos
1681 356 1738 404 ab
1769 358 1925 440 aliqu*

303 435 641 491 praetereunte
671 424 997 473 misericordia
1029 433 1276 484 extranea,
1315 425 1391 472 vel
1428 424 1720 490 adoptandos
1757 421 1928 477 melio⁴le

301 498 430 545 ribus
460 495 731 560 parentibus
764 495 1086 558 emancipatis.
1147 493 1356 543 Alienati
1395 498 1584 559 generis
1616 514 1815 547 necesse
1848 455 1931 557 es}

300 566 581 633 quandoque
614 566 885 614 memoriam
917 565 1158 629 dissipari3
1221 575 1270 612 et
1299 567 1445 614 semel
1485 582 1624 616 error
1651 569 1931 633 impegerit*

301 637 472 687 exinde
512 639 602 684 iam
640 636 807 684 tradux
844 636 1064 701 proficiet
1101 637 1295 694 incesti,
1344 645 1564 701 serpente
1605 654 1783 702 genere
1816 596 1926 696 cuii}

300 709 506 756 scelere.
571 708 700 755 Tunc
734 706 903 755 deinde
936 722 1213 770 quocunque
1246 708 1292 754 in
1326 707 1456 765 loco,
1500 706 1645 767 domi,
1691 719 1924 776 peregre&⁵

298 788 428 826 trans
473 779 616 836 freta,
673 793 831 825 comes
865 787 936 826 est
974 777 1141 835 libido,
1196 779 1327 825 cuius
1364 777 1536 842 ubique
1582 779 1728 827 saltus
1774 781 1925 831 facila

295 858 491 913 possunt
521 847 692 896 alicubi
730 849 907 912 ignaris
940 847 1062 895 filios
1093 863 1299 911 pangere
1331 848 1408 896 vel
1440 863 1501 895 ex
1538 849 1694 913 aliqua
1725 851 1927 918 seminisif',

294 920 515 983 portione
533 920 605 978 ²);
658 927 709 966 ut
739 919 804 965 ita
844 934 1054 981 sparsum
1093 935 1241 981 genus
1272 932 1359 981 per
1398 919 1682 967 commercia
1719 920 1927 983 humanag

296 998 551 1037 concurrat
582 990 626 1036 in
660 990 909 1036 memorias
941 1005 1072 1046 suas,
1114 1005 1267 1052 neque
1301 1004 1380 1036 eas
1414 996 1578 1036 coetus
1608 990 1779 1038 incesti
1810 986 1930 1066 san-,³3

295 1061 448 1124 guinis
487 1069 729 1123 agnoscat.
804 1059 905 1106 Nos
943 1059 1000 1105 ab
1040 1061 1127 1106 isto
1169 1068 1340 1106 eventu
1380 1057 1739 1122 diligentissima
1777 1069 1826 1107 et
1860 1060 1926 1123 fi·÷3.

296 1129 533 1177 delissima
567 1131 756 1177 castitas
789 1130 953 1192 sepsit,
990 1138 1302 1193 quantumque
1334 1128 1392 1177 ab
1425 1130 1596 1193 stupris
1628 1138 1677 1178 et
1706 1129 1764 1177 ab
1789 1131 1928 1188 omni}

293 1209 402 1264 post
441 1201 775 1247 matrimonium
816 1215 1038 1257 excessu,
1085 1209 1258 1247 tantum
1299 1209 1348 1247 et
1386 1198 1442 1247 ab
1474 1200 1644 1247 incesti
1683 1217 1795 1249 casu
1825 1201 1925 1254 tuti?

295 1287 470 1318 sumus.
537 1270 728 1330 Quidam
769 1270 911 1317 multo
953 1271 1222 1318 securiores
1261 1279 1405 1317 totam
1443 1270 1536 1318 vim
1566 1270 1702 1318 huius
1735 1272 1922 1321 erroris?

292 1341 476 1404 virgine
510 1341 795 1388 continentia
828 1339 1088 1402 depellunt,
1135 1356 1274 1388 senes
1304 1341 1457 1404 pueri.
1534 1340 1663 1388 Haec
1701 1342 1747 1388 in
1777 1340 1925 1403 vobis}

296 1427 399 1459 esse
434 1413 474 1458 si
505 1410 869 1459 consideraretis
880 1446 893 1468 ,
933 1410 1131 1474 proinde
1163 1412 1209 1457 in
1230 1410 1509 1458 Christianis
1540 1428 1633 1458 non
1665 1426 1771 1460 esse
1801 1428 1930 1476 pera.

293 1482 561 1545 spiceretis.
623 1480 766 1528 Iidem
800 1480 924 1527 oculi
956 1482 1305 1529 renuntiassent
1336 1490 1600 1546 utrumque.
1673 1480 1771 1530 Sed
1803 1478 1916 1530 caess

293 1552 448 1598 citatis
489 1551 607 1599 duae
647 1553 832 1614 species
873 1551 1011 1597 facile
1052 1560 1357 1610 concurrunt,
1413 1560 1465 1599 ut
1502 1552 1580 1615 qui
1618 1569 1712 1599 non
1753 1546 1925 1601 vide-nu

291 1637 410 1685 qnae
441 1630 561 1679 sunt,
593 1620 758 1669 videre
792 1620 1036 1669 videantur
1067 1638 1185 1685 quae
1218 1638 1308 1668 non
1342 1631 1463 1669 sunt.
1526 1621 1606 1670 Sic
1638 1638 1727 1685 per
1756 1623 1924 1671 omnim

292 1691 550 1739 ostendam.
611 1691 748 1738 Nunc
782 1690 839 1738 de
871 1691 1270 1739 manifestioribus
1305 1691 1454 1739 dicam
1470 1693 1538 1750 3).
1914 1742 1917 1753 2

435 1766 513 1813 10.
554 1761 703 1819 Deos,
743 1763 954 1826 inquitis,
1003 1779 1094 1808 non
1129 1762 1305 1820 colitis,
1354 1771 1402 1810 et
1431 1779 1515 1825 pro
1548 1762 1922 1826 imperatoribus·

290 1832 523 1879 sacrificia
562 1849 654 1878 non
693 1831 974 1895 impenditis.
1052 1830 1281 1896 Sequitur
1318 1841 1368 1879 ut
1407 1831 1571 1880 eadem
1603 1832 1788 1880 ratione
1819 1849 1910 1896 pro

289 1903 394 1949 aliis
432 1919 525 1948 non
558 1902 889 1959 sacrificemus,
924 1904 1031 1965 quia
1061 1919 1150 1949 nec
1181 1919 1267 1966 pro
1300 1902 1587 1967 nobisipsis,
1621 1902 1767 1950 semel
1792 1902 1909 1952 deos

287 1989 381 2019 non
413 1971 629 2020 colendo.
677 1972 839 2036 Itaque
872 1973 1114 2035 sacrilegii
1138 1983 1185 2019 et
1208 1974 1464 2021 maiestatis
1488 1974 1560 2020 rei
1585 1974 1906 2022 convenimur.

290 2041 478 2090 Summa
525 2043 641 2090 haec
681 2059 870 2100 caussa,
923 2044 1014 2089 imo
1056 2052 1156 2090 tota
1196 2052 1294 2101 est,
1352 2053 1400 2091 et
1444 2043 1606 2107 utique
1646 2042 1787 2107 digna
1825 2060 1912 2091 co·-

287 2114 475 2175 gnosci,
537 2113 576 2159 si
620 2130 711 2159 non
756 2114 1069 2176 praesumptio
1116 2122 1195 2160 aut
1238 2115 1456 2177 iniquitas
1501 2112 1703 2171 iudicet,
1757 2114 1908 2161 altera

287 2198 405 2246 quae
437 2182 678 2247 desperat,
712 2183 860 2231 altera
893 2199 1010 2247 quae
1043 2192 1233 2230 recusat
1257 2185 1519 2231 veritatem.
1567 2183 1696 2232 Deos
1719 2192 1924 2233 vestros.

287 2252 449 2300 colere
482 2252 756 2310 desinimus,
791 2270 850 2300 ex
882 2269 972 2317 quo
1006 2254 1109 2300 illos
1141 2269 1233 2300 non
1267 2269 1372 2300 esse
1406 2253 1753 2316 cognoscimus.
1801 2254 1910 2302 Hoc.

283 2323 430 2387 igitur
469 2324 663 2386 exigere
703 2323 911 2381 debetis,
958 2325 1024 2370 uti
1055 2323 1306 2387 probemus
1345 2340 1436 2371 non
1477 2338 1581 2370 esse
1620 2323 1726 2371 illos
1766 2322 1917 2382 deos,

286 2402 336 2440 et
365 2393 544 2441 iccirco
576 2410 668 2440 non
702 2392 952 2451 colendos,
993 2395 1099 2457 quia
1130 2403 1240 2440 tunc
1274 2392 1453 2441 demum
1489 2393 1581 2442 coli
1614 2392 1922 2453 debuissent,

284 2464 323 2510 si
356 2462 419 2510 dii
449 2464 661 2511 fuissent.
742 2463 870 2510 Tunc
911 2460 961 2511 et
997 2464 1247 2511 Christiani
1287 2463 1531 2527 puniendi,
1579 2464 1618 2510 si
1656 2480 1772 2528 quos
1811 2470 1922 2538 noni}

284 2534 516 2592 colerent,
550 2534 656 2598 quia
685 2543 903 2597 putarent
933 2551 1024 2581 non
1058 2551 1187 2592 esse,
1224 2543 1463 2582 constaret
1493 2535 1598 2582 illos
1630 2533 1745 2582 deos
1777 2550 1922 2590 essem:

286 2602 383 2652 Sed
414 2604 550 2652 nobis
582 2605 793 2668 inquitis,
835 2603 898 2650 dii
931 2614 1054 2652 sunt.
1116 2603 1419 2668 Appellamus
1451 2614 1499 2652 et
1528 2619 1843 2668 provocamus
1874 2620 1924 2658 aa

282 2674 417 2722 vobis
455 2675 569 2738 ipsis
599 2674 659 2721 ad
690 2675 1027 2722 conscientiam
1058 2684 1287 2732 vestram,
1334 2676 1414 2723 illa
1450 2690 1537 2722 nos
1576 2673 1780 2733 iudicet,
1822 2674 1917 2727 illa-,1

283 2762 369 2793 nos
402 2744 702 2803 condemnet,
743 2745 782 2792 si
812 2746 987 2809 poterit
1018 2761 1194 2809 negare
1228 2761 1389 2793 omnes
1421 2745 1537 2793 istos
1570 2743 1685 2792 deos
1715 2754 1915 2793 vestros-

1913 697 1921 704 ι

397 2956 441 3006 1)
470 2956 630 2995 Rhea:
695 2957 1033 3006 suppeditare
1081 2957 1328 2995 materias
1388 2956 1579 3003 passim
1636 2951 1917 2994 invitante}

280 3013 507 3052 luxuria.
608 3010 652 3053 2)
682 3014 770 3062 Rig.
794 3017 835 3051 et
850 3015 956 3052 Hav.
982 3025 1226 3063 pangere,
1259 3012 1407 3050 velut
1435 3023 1499 3051 ex
1522 3013 1582 3050 al.
1606 3023 1720 3050 sem.
1750 3023 1899 3060 spar-

283 3070 428 3108 sione
460 3072 540 3108 etc.
656 3071 707 3120 3)
737 3071 812 3107 Vv.
845 3070 927 3107 Sic
960 3082 1048 3119 per
1083 3069 1254 3108 omnia
1285 3069 1550 3107 ostendam
1581 3068 1732 3106 desunt
1757 3070 1801 3106 in
1831 3068 1913 3105 ed.-

282 3127 485 3178 Rhenani,
511 3129 553 3165 et
569 3139 675 3174 quae
692 3129 943 3174 sequuntur:
977 3128 1121 3164 Nunc
1147 3126 1205 3164 de
1232 3125 1686 3163 manifestioribus
1717 3124 1899 3173 dicam,

282 3195 373 3232 cap.
400 3184 453 3222 X.
477 3183 701 3232 adscripta.
760 3183 851 3231 Rig.
875 3185 916 3220 et
934 3184 1035 3221 Hav.
1068 3184 1213 3220 Nunc
1246 3182 1303 3220 de
1334 3180 1643 3220 manifestis.
