<?xml version="1.0" encoding="UTF-8"?>
<!DOCTYPE html PUBLIC "-//W3C//DTD XHTML 1.0 Transitional//EN"
    "http://www.w3.org/TR/xhtml1/DTD/xhtml1-transitional.dtd">
<html xmlns="http://www.w3.org/1999/xhtml" xml:lang="en" lang="en">
 <head>
  <title>
</title>
<meta http-equiv="Content-Type" content="text/html;charset=utf-8" />
  <meta name='ocr-system' content='tesseract 3.04.00' />
  <meta name='ocr-capabilities' content='ocr_page ocr_carea ocr_par ocr_line ocrx_word'/>
</head>
<body>
  <div class='ocr_page' id='page_1' title='image "./operatert12tertuoft_0112.png"; bbox 0 0 1942 3554; ppageno 0'>
   <div class='ocr_carea' id='block_1_1' title="bbox 1828 0 1937 2045">
    <p class='ocr_par' dir='ltr' id='par_1_1' title="bbox 1828 0 1937 2045">
     <span class='ocr_line' id='line_1_1' title="bbox 1832 0 1937 427; baseline 0 -117"><span class='ocrx_word' id='word_1_1' title='bbox 1832 0 1937 375; x_wconf 95' lang='lat' dir='ltr'><strong>   </strong></span> <span class='ocrx_word' id='word_1_2' title='bbox 1915 371 1923 427; x_wconf 95' lang='lat' dir='ltr'><strong> </strong></span> 
     </span>
     <span class='ocr_line' id='line_1_2' title="bbox 1914 427 1922 528; baseline 0 -81"><span class='ocrx_word' id='word_1_3' title='bbox 1914 427 1922 528; x_wconf 95' lang='lat' dir='ltr'><strong>  </strong></span> 
     </span>
     <span class='ocr_line' id='line_1_3' title="bbox 1844 528 1924 798; baseline 0 0"><span class='ocrx_word' id='word_1_4' title='bbox 1844 528 1924 798; x_wconf 95' lang='lat' dir='ltr'><strong>    </strong></span> 
     </span>
     <span class='ocr_line' id='line_1_4' title="bbox 1847 798 1923 951; baseline 0 0"><span class='ocrx_word' id='word_1_5' title='bbox 1847 798 1923 951; x_wconf 95' lang='lat' dir='ltr'><strong>     </strong></span> 
     </span>
     <span class='ocr_line' id='line_1_5' title="bbox 1865 951 1921 1018; baseline 0 -25"><span class='ocrx_word' id='word_1_6' title='bbox 1865 951 1921 1018; x_wconf 95' lang='lat' dir='ltr'><strong>   </strong></span> 
     </span>
     <span class='ocr_line' id='line_1_6' title="bbox 1853 1018 1923 1158; baseline 0 0"><span class='ocrx_word' id='word_1_7' title='bbox 1853 1018 1923 1158; x_wconf 95' lang='lat' dir='ltr'><strong>   </strong></span> 
     </span>
     <span class='ocr_line' id='line_1_7' title="bbox 1875 1158 1918 1288; baseline 0 -94"><span class='ocrx_word' id='word_1_8' title='bbox 1875 1158 1918 1288; x_wconf 95' lang='lat' dir='ltr'><strong>  </strong></span> 
     </span>
     <span class='ocr_line' id='line_1_8' title="bbox 1828 1288 1915 1435; baseline 0.069 -70"><span class='ocrx_word' id='word_1_9' title='bbox 1828 1288 1915 1435; x_wconf 95' lang='lat' dir='ltr'><strong>   </strong></span> 
     </span>
     <span class='ocr_line' id='line_1_9' title="bbox 1853 1435 1916 1639; baseline -0.048 -58"><span class='ocrx_word' id='word_1_10' title='bbox 1853 1435 1916 1639; x_wconf 95' lang='lat' dir='ltr'><strong>    </strong></span> 
     </span>
     <span class='ocr_line' id='line_1_10' title="bbox 1847 1639 1909 1717; baseline 0 -7"><span class='ocrx_word' id='word_1_11' title='bbox 1847 1639 1909 1717; x_wconf 95' lang='lat' dir='ltr'><strong>  </strong></span> 
     </span>
     <span class='ocr_line' id='line_1_11' title="bbox 1873 1717 1910 1981; baseline -0.135 -120"><span class='ocrx_word' id='word_1_12' title='bbox 1873 1717 1910 1981; x_wconf 95' lang='lat' dir='ltr'><strong>    </strong></span> 
     </span>
     <span class='ocr_line' id='line_1_12' title="bbox 1905 1981 1910 2045; baseline 0 -45"><span class='ocrx_word' id='word_1_13' title='bbox 1905 1981 1910 2045; x_wconf 95' lang='lat' dir='ltr'><strong>  </strong></span> 
     </span>
    </p>
   </div>
   <div class='ocr_carea' id='block_1_2' title="bbox 253 209 1371 267">
    <p class='ocr_par' dir='ltr' id='par_1_2' title="bbox 253 209 1371 267">
     <span class='ocr_line' id='line_1_13' title="bbox 253 209 1371 267; baseline -0.012 -8"><span class='ocrx_word' id='word_1_14' title='bbox 253 217 367 267; x_wconf 64' lang='grc'><strong>500</strong></span> <span class='ocrx_word' id='word_1_15' title='bbox 790 209 1371 249; x_wconf 79' lang='lat' dir='ltr'><strong>APOLOGETIGUS.</strong></span> 
     </span>
    </p>
   </div>
   <div class='ocr_carea' id='block_1_3' title="bbox 243 344 1942 3050">
    <p class='ocr_par' dir='ltr' id='par_1_3' title="bbox 243 332 1942 3050">
     <span class='ocr_line' id='line_1_14' title="bbox 245 344 1909 413; baseline -0.006 -8"><span class='ocrx_word' id='word_1_16' title='bbox 245 356 349 407; x_wconf 90' lang='lat' dir='ltr'><strong>dam</strong></span> <span class='ocrx_word' id='word_1_17' title='bbox 396 354 678 402; x_wconf 87' lang='lat' dir='ltr'><strong>dementiam</strong></span> <span class='ocrx_word' id='word_1_18' title='bbox 724 353 1014 408; x_wconf 81' lang='lat' dir='ltr'><strong>existimant,</strong></span> <span class='ocrx_word' id='word_1_19' title='bbox 1063 348 1186 413; x_wconf 90' lang='lat' dir='ltr'><strong>quod</strong></span> <span class='ocrx_word' id='word_1_20' title='bbox 1226 365 1328 396; x_wconf 89' lang='lat' dir='ltr'><strong>cum</strong></span> <span class='ocrx_word' id='word_1_21' title='bbox 1367 347 1598 411; x_wconf 88' lang='lat' dir='ltr'><strong>possimus</strong></span> <span class='ocrx_word' id='word_1_22' title='bbox 1638 356 1689 395; x_wconf 86' lang='lat' dir='ltr'><strong>et</strong></span> <span class='ocrx_word' id='word_1_23' title='bbox 1718 344 1909 413; x_wconf 60' lang='lat' dir='ltr'><strong>sacri-3,⁴</strong></span> 
     </span>
     <span class='ocr_line' id='line_1_15' title="bbox 244 413 1921 488; baseline -0.006 -12"><span class='ocrx_word' id='word_1_24' title='bbox 244 429 391 476; x_wconf 88' lang='lat' dir='ltr'><strong>ficare</strong></span> <span class='ocrx_word' id='word_1_25' title='bbox 422 425 470 472; x_wconf 90' lang='lat' dir='ltr'><strong>in</strong></span> <span class='ocrx_word' id='word_1_26' title='bbox 501 423 766 488; x_wconf 80' lang='lat' dir='ltr'><strong>praesenti,</strong></span> <span class='ocrx_word' id='word_1_27' title='bbox 814 430 862 468; x_wconf 86' lang='lat' dir='ltr'><strong>et</strong></span> <span class='ocrx_word' id='word_1_28' title='bbox 892 421 1043 467; x_wconf 89' lang='lat' dir='ltr'><strong>illaesi</strong></span> <span class='ocrx_word' id='word_1_29' title='bbox 1075 420 1207 469; x_wconf 89' lang='lat' dir='ltr'><strong>abire</strong></span> <span class='ocrx_word' id='word_1_30' title='bbox 1246 427 1464 466; x_wconf 90' lang='lat' dir='ltr'><strong>manente</strong></span> <span class='ocrx_word' id='word_1_31' title='bbox 1504 416 1627 482; x_wconf 88' lang='lat' dir='ltr'><strong>apud</strong></span> <span class='ocrx_word' id='word_1_32' title='bbox 1663 413 1921 481; x_wconf 44' lang='lat' dir='ltr'><strong>animumj&#39;:</strong></span> 
     </span>
     <span class='ocr_line' id='line_1_16' title="bbox 243 486 1922 564; baseline -0.008 -18"><span class='ocrx_word' id='word_1_33' title='bbox 243 496 506 564; x_wconf 87' lang='lat' dir='ltr'><strong>proposito,</strong></span> <span class='ocrx_word' id='word_1_34' title='bbox 540 493 905 541; x_wconf 82' lang='lat' dir='ltr'><strong>obstinationem</strong></span> <span class='ocrx_word' id='word_1_35' title='bbox 938 490 1074 538; x_wconf 85' lang='lat' dir='ltr'><strong>saluti</strong></span> <span class='ocrx_word' id='word_1_36' title='bbox 1104 490 1440 554; x_wconf 81' lang='lat' dir='ltr'><strong>praeferamus.</strong></span> <span class='ocrx_word' id='word_1_37' title='bbox 1515 486 1648 536; x_wconf 89' lang='lat' dir='ltr'><strong>Datis</strong></span> <span class='ocrx_word' id='word_1_38' title='bbox 1678 487 1922 538; x_wconf 68' lang='lat' dir='ltr'><strong>scilieet.“··,j</strong></span> 
     </span>
     <span class='ocr_line' id='line_1_17' title="bbox 246 554 1909 630; baseline -0.004 -15"><span class='ocrx_word' id='word_1_39' title='bbox 246 567 509 623; x_wconf 88' lang='lat' dir='ltr'><strong>consilium,</strong></span> <span class='ocrx_word' id='word_1_40' title='bbox 551 580 642 630; x_wconf 92' lang='lat' dir='ltr'><strong>quo</strong></span> <span class='ocrx_word' id='word_1_41' title='bbox 674 562 807 610; x_wconf 89' lang='lat' dir='ltr'><strong>vobis</strong></span> <span class='ocrx_word' id='word_1_42' title='bbox 839 562 1106 619; x_wconf 81' lang='lat' dir='ltr'><strong>abutamur3</strong></span> <span class='ocrx_word' id='word_1_43' title='bbox 1142 559 1226 607; x_wconf 90' lang='lat' dir='ltr'><strong>sed</strong></span> <span class='ocrx_word' id='word_1_44' title='bbox 1255 561 1567 625; x_wconf 86' lang='lat' dir='ltr'><strong>agnoscimus,</strong></span> <span class='ocrx_word' id='word_1_45' title='bbox 1597 557 1723 606; x_wconf 89' lang='lat' dir='ltr'><strong>unde</strong></span> <span class='ocrx_word' id='word_1_46' title='bbox 1753 554 1909 610; x_wconf 62' lang='lat' dir='ltr'><strong>talia</strong></span> 
     </span>
     <span class='ocr_line' id='line_1_18' title="bbox 246 629 1915 703; baseline -0.008 -17"><span class='ocrx_word' id='word_1_47' title='bbox 246 645 577 703; x_wconf 83' lang='lat' dir='ltr'><strong>suggerantur,</strong></span> <span class='ocrx_word' id='word_1_48' title='bbox 611 635 890 698; x_wconf 56' lang='lat' dir='ltr'><strong>quis*totum</strong></span> <span class='ocrx_word' id='word_1_49' title='bbox 921 632 1012 679; x_wconf 88' lang='lat' dir='ltr'><strong>hoc</strong></span> <span class='ocrx_word' id='word_1_50' title='bbox 1045 633 1208 695; x_wconf 85' lang='lat' dir='ltr'><strong>agitet,</strong></span> <span class='ocrx_word' id='word_1_51' title='bbox 1242 639 1290 678; x_wconf 85' lang='lat' dir='ltr'><strong>et</strong></span> <span class='ocrx_word' id='word_1_52' title='bbox 1322 629 1553 695; x_wconf 93' lang='lat' dir='ltr'><strong>quomodo</strong></span> <span class='ocrx_word' id='word_1_53' title='bbox 1586 644 1708 677; x_wconf 91' lang='lat' dir='ltr'><strong>nunc</strong></span> <span class='ocrx_word' id='word_1_54' title='bbox 1738 638 1829 678; x_wconf 90' lang='lat' dir='ltr'><strong>ast</strong></span> <span class='ocrx_word' id='word_1_55' title='bbox 1866 638 1915 690; x_wconf 44' lang='lat'><strong>*13</strong></span> 
     </span>
     <span class='ocr_line' id='line_1_19' title="bbox 245 695 1892 757; baseline -0.004 0"><span class='ocrx_word' id='word_1_56' title='bbox 245 711 314 757; x_wconf 86' lang='lat' dir='ltr'><strong>tia</strong></span> <span class='ocrx_word' id='word_1_57' title='bbox 344 703 570 754; x_wconf 87' lang='lat' dir='ltr'><strong>suadendi</strong></span> <span class='ocrx_word' id='word_1_58' title='bbox 604 720 724 752; x_wconf 88' lang='lat' dir='ltr'><strong>nunc</strong></span> <span class='ocrx_word' id='word_1_59' title='bbox 756 702 929 750; x_wconf 85' lang='lat' dir='ltr'><strong>duritia</strong></span> <span class='ocrx_word' id='word_1_60' title='bbox 959 700 1201 750; x_wconf 89' lang='lat' dir='ltr'><strong>saeviendi</strong></span> <span class='ocrx_word' id='word_1_61' title='bbox 1232 700 1291 749; x_wconf 90' lang='lat' dir='ltr'><strong>ad</strong></span> <span class='ocrx_word' id='word_1_62' title='bbox 1321 701 1633 748; x_wconf 85' lang='lat' dir='ltr'><strong>constantiam</strong></span> <span class='ocrx_word' id='word_1_63' title='bbox 1657 695 1892 754; x_wconf 57' lang='lat' dir='ltr'><strong>nostramjss</strong></span> 
     </span>
     <span class='ocr_line' id='line_1_20' title="bbox 248 765 1910 838; baseline -0.007 -11"><span class='ocrx_word' id='word_1_64' title='bbox 248 776 559 827; x_wconf 88' lang='lat' dir='ltr'><strong>deiiciendam</strong></span> <span class='ocrx_word' id='word_1_65' title='bbox 593 783 831 838; x_wconf 89' lang='lat' dir='ltr'><strong>operetur.</strong></span> <span class='ocrx_word' id='word_1_66' title='bbox 894 773 978 821; x_wconf 87' lang='lat' dir='ltr'><strong>llle</strong></span> <span class='ocrx_word' id='word_1_67' title='bbox 1011 773 1197 820; x_wconf 87' lang='lat' dir='ltr'><strong>scilicet</strong></span> <span class='ocrx_word' id='word_1_68' title='bbox 1226 772 1415 836; x_wconf 90' lang='lat' dir='ltr'><strong>spiritus</strong></span> <span class='ocrx_word' id='word_1_69' title='bbox 1448 770 1785 819; x_wconf 82' lang='lat' dir='ltr'><strong>daemoniacae</strong></span> <span class='ocrx_word' id='word_1_70' title='bbox 1817 786 1843 818; x_wconf 90' lang='lat' dir='ltr'><strong>e</strong></span> <span class='ocrx_word' id='word_1_71' title='bbox 1885 765 1910 826; x_wconf 66' lang='grc' dir='ltr'><strong>ξ’-</strong></span> 
     </span>
     <span class='ocr_line' id='line_1_21' title="bbox 245 836 1902 913; baseline -0.008 -14"><span class='ocrx_word' id='word_1_72' title='bbox 245 849 493 913; x_wconf 85' lang='lat' dir='ltr'><strong>angelicae</strong></span> <span class='ocrx_word' id='word_1_73' title='bbox 539 855 810 910; x_wconf 88' lang='lat' dir='ltr'><strong>paraturae,</strong></span> <span class='ocrx_word' id='word_1_74' title='bbox 859 844 936 908; x_wconf 93' lang='lat' dir='ltr'><strong>qui</strong></span> <span class='ocrx_word' id='word_1_75' title='bbox 981 852 1148 891; x_wconf 90' lang='lat' dir='ltr'><strong>noster</strong></span> <span class='ocrx_word' id='word_1_76' title='bbox 1186 842 1245 889; x_wconf 93' lang='lat' dir='ltr'><strong>ob</strong></span> <span class='ocrx_word' id='word_1_77' title='bbox 1285 841 1534 889; x_wconf 87' lang='lat' dir='ltr'><strong>divortium</strong></span> <span class='ocrx_word' id='word_1_78' title='bbox 1571 839 1780 889; x_wconf 90' lang='lat' dir='ltr'><strong>aemulus</strong></span> <span class='ocrx_word' id='word_1_79' title='bbox 1817 834 1906 895; x_wconf 49' lang='lat' dir='ltr'><strong>e&#39;j</strong></span> 
     </span>
     <span class='ocr_line' id='line_1_22' title="bbox 249 907 1920 981; baseline -0.005 -15"><span class='ocrx_word' id='word_1_80' title='bbox 249 919 308 967; x_wconf 93' lang='lat' dir='ltr'><strong>ob</strong></span> <span class='ocrx_word' id='word_1_81' title='bbox 343 918 419 966; x_wconf 87' lang='lat' dir='ltr'><strong>dei</strong></span> <span class='ocrx_word' id='word_1_82' title='bbox 452 917 649 981; x_wconf 88' lang='lat' dir='ltr'><strong>gratiam</strong></span> <span class='ocrx_word' id='word_1_83' title='bbox 681 914 888 972; x_wconf 90' lang='lat' dir='ltr'><strong>invidus,</strong></span> <span class='ocrx_word' id='word_1_84' title='bbox 937 912 995 961; x_wconf 93' lang='lat' dir='ltr'><strong>de</strong></span> <span class='ocrx_word' id='word_1_85' title='bbox 1033 913 1265 961; x_wconf 86' lang='lat' dir='ltr'><strong>mentibus</strong></span> <span class='ocrx_word' id='word_1_86' title='bbox 1302 913 1472 960; x_wconf 88' lang='lat' dir='ltr'><strong>vestris</strong></span> <span class='ocrx_word' id='word_1_87' title='bbox 1517 909 1742 959; x_wconf 89' lang='lat' dir='ltr'><strong>adversus</strong></span> <span class='ocrx_word' id='word_1_88' title='bbox 1779 907 1885 958; x_wconf 65' lang='lat' dir='ltr'><strong>nos*</strong></span> <span class='ocrx_word' id='word_1_89' title='bbox 1897 932 1920 976; x_wconf 63' lang='lat' dir='ltr'><strong>i1</strong></span> 
     </span>
     <span class='ocr_line' id='line_1_23' title="bbox 246 981 1903 1054; baseline -0.005 -17"><span class='ocrx_word' id='word_1_90' title='bbox 246 989 529 1054; x_wconf 87' lang='lat' dir='ltr'><strong>proeliatur,</strong></span> <span class='ocrx_word' id='word_1_91' title='bbox 563 987 750 1034; x_wconf 89' lang='lat' dir='ltr'><strong>occulta</strong></span> <span class='ocrx_word' id='word_1_92' title='bbox 779 985 1110 1049; x_wconf 83' lang='lat' dir='ltr'><strong>inspiratione,</strong></span> <span class='ocrx_word' id='word_1_93' title='bbox 1151 982 1398 1030; x_wconf 89' lang='lat' dir='ltr'><strong>modulatis</strong></span> <span class='ocrx_word' id='word_1_94' title='bbox 1430 991 1476 1030; x_wconf 79' lang='lat' dir='ltr'><strong>et</strong></span> <span class='ocrx_word' id='word_1_95' title='bbox 1509 981 1777 1030; x_wconf 84' lang='lat' dir='ltr'><strong>subornatis</strong></span> <span class='ocrx_word' id='word_1_96' title='bbox 1808 990 1903 1036; x_wconf 59' lang='lat' dir='ltr'><strong>awffzs</strong></span> 
     </span>
     <span class='ocr_line' id='line_1_24' title="bbox 249 1050 1846 1122; baseline -0.005 -16"><span class='ocrx_word' id='word_1_97' title='bbox 249 1075 446 1116; x_wconf 89' lang='lat' dir='ltr'><strong>omnem,</strong></span> <span class='ocrx_word' id='word_1_98' title='bbox 481 1074 614 1122; x_wconf 89' lang='lat' dir='ltr'><strong>quam</strong></span> <span class='ocrx_word' id='word_1_99' title='bbox 644 1058 692 1103; x_wconf 91' lang='lat' dir='ltr'><strong>in</strong></span> <span class='ocrx_word' id='word_1_100' title='bbox 722 1053 980 1119; x_wconf 88' lang='lat' dir='ltr'><strong>primordio</strong></span> <span class='ocrx_word' id='word_1_101' title='bbox 1015 1055 1174 1102; x_wconf 83' lang='lat' dir='ltr'><strong>exorsi</strong></span> <span class='ocrx_word' id='word_1_102' title='bbox 1207 1069 1376 1108; x_wconf 83' lang='lat' dir='ltr'><strong>sumuS,</strong></span> <span class='ocrx_word' id='word_1_103' title='bbox 1409 1061 1458 1099; x_wconf 91' lang='lat' dir='ltr'><strong>et</strong></span> <span class='ocrx_word' id='word_1_104' title='bbox 1487 1050 1726 1100; x_wconf 87' lang='lat' dir='ltr'><strong>iudicandi</strong></span> <span class='ocrx_word' id='word_1_105' title='bbox 1757 1064 1912 1117; x_wconf 87' lang='lat' dir='ltr'><strong>per</strong></span> 
     </span>
     <span class='ocr_line' id='line_1_25' title="bbox 246 1120 1911 1188; baseline -0.004 -11"><span class='ocrx_word' id='word_1_106' title='bbox 246 1130 524 1177; x_wconf 82' lang='lat' dir='ltr'><strong>versitatem</strong></span> <span class='ocrx_word' id='word_1_107' title='bbox 572 1136 620 1174; x_wconf 92' lang='lat' dir='ltr'><strong>et</strong></span> <span class='ocrx_word' id='word_1_108' title='bbox 665 1124 908 1173; x_wconf 89' lang='lat' dir='ltr'><strong>saeviendi</strong></span> <span class='ocrx_word' id='word_1_109' title='bbox 954 1124 1261 1188; x_wconf 80' lang='lat' dir='ltr'><strong>iniquitatem.</strong></span> <span class='ocrx_word' id='word_1_110' title='bbox 1330 1122 1449 1170; x_wconf 88' lang='lat' dir='ltr'><strong>Nam</strong></span> <span class='ocrx_word' id='word_1_111' title='bbox 1496 1123 1611 1169; x_wconf 87' lang='lat' dir='ltr'><strong>licet</strong></span> <span class='ocrx_word' id='word_1_112' title='bbox 1655 1120 1911 1170; x_wconf 54' lang='lat' dir='ltr'><strong>subiectat·</strong></span> 
     </span>
     <span class='ocr_line' id='line_1_26' title="bbox 248 1192 1920 1256; baseline -0.006 -10"><span class='ocrx_word' id='word_1_113' title='bbox 248 1202 308 1247; x_wconf 90' lang='lat' dir='ltr'><strong>sit</strong></span> <span class='ocrx_word' id='word_1_114' title='bbox 340 1199 475 1246; x_wconf 90' lang='lat' dir='ltr'><strong>nobis</strong></span> <span class='ocrx_word' id='word_1_115' title='bbox 505 1206 607 1245; x_wconf 90' lang='lat' dir='ltr'><strong>tota</strong></span> <span class='ocrx_word' id='word_1_116' title='bbox 639 1197 707 1244; x_wconf 88' lang='lat' dir='ltr'><strong>vis</strong></span> <span class='ocrx_word' id='word_1_117' title='bbox 739 1195 1017 1243; x_wconf 90' lang='lat' dir='ltr'><strong>daemonum</strong></span> <span class='ocrx_word' id='word_1_118' title='bbox 1049 1203 1098 1241; x_wconf 90' lang='lat' dir='ltr'><strong>et</strong></span> <span class='ocrx_word' id='word_1_119' title='bbox 1128 1192 1358 1240; x_wconf 83' lang='lat' dir='ltr'><strong>eiusmodi</strong></span> <span class='ocrx_word' id='word_1_120' title='bbox 1389 1194 1654 1256; x_wconf 90' lang='lat' dir='ltr'><strong>spirituum,</strong></span> <span class='ocrx_word' id='word_1_121' title='bbox 1701 1200 1754 1238; x_wconf 93' lang='lat' dir='ltr'><strong>ut</strong></span> <span class='ocrx_word' id='word_1_122' title='bbox 1783 1207 1879 1254; x_wconf 46' lang='lat' dir='ltr'><strong>nef.</strong></span> <span class='ocrx_word' id='word_1_123' title='bbox 1915 1214 1920 1233; x_wconf 87' lang='lat'><strong>:-</strong></span> 
     </span>
     <span class='ocr_line' id='line_1_27' title="bbox 250 1262 1922 1335; baseline -0.005 -18"><span class='ocrx_word' id='word_1_124' title='bbox 250 1286 383 1335; x_wconf 92' lang='lat' dir='ltr'><strong>quam</strong></span> <span class='ocrx_word' id='word_1_125' title='bbox 415 1277 571 1316; x_wconf 89' lang='lat' dir='ltr'><strong>tamen</strong></span> <span class='ocrx_word' id='word_1_126' title='bbox 605 1267 730 1313; x_wconf 91' lang='lat' dir='ltr'><strong>servi</strong></span> <span class='ocrx_word' id='word_1_127' title='bbox 761 1266 905 1312; x_wconf 86' lang='lat' dir='ltr'><strong>metui</strong></span> <span class='ocrx_word' id='word_1_128' title='bbox 936 1280 1262 1327; x_wconf 91' lang='lat' dir='ltr'><strong>nonnunquam</strong></span> <span class='ocrx_word' id='word_1_129' title='bbox 1295 1263 1634 1310; x_wconf 87' lang='lat' dir='ltr'><strong>contumaciam</strong></span> <span class='ocrx_word' id='word_1_130' title='bbox 1651 1262 1828 1309; x_wconf 91' lang='lat' dir='ltr'><strong>miscen</strong></span> <span class='ocrx_word' id='word_1_131' title='bbox 1861 1274 1922 1300; x_wconf 69' lang='lat'><strong>⁵-</strong></span> 
     </span>
     <span class='ocr_line' id='line_1_28' title="bbox 249 1332 1907 1401; baseline -0.003 -14"><span class='ocrx_word' id='word_1_132' title='bbox 249 1350 297 1388; x_wconf 87' lang='lat' dir='ltr'><strong>et</strong></span> <span class='ocrx_word' id='word_1_133' title='bbox 328 1338 521 1386; x_wconf 90' lang='lat' dir='ltr'><strong>laedere</strong></span> <span class='ocrx_word' id='word_1_134' title='bbox 554 1337 763 1401; x_wconf 88' lang='lat' dir='ltr'><strong>gestiunt</strong></span> <span class='ocrx_word' id='word_1_135' title='bbox 795 1351 912 1399; x_wconf 84' lang='lat' dir='ltr'><strong>quos</strong></span> <span class='ocrx_word' id='word_1_136' title='bbox 943 1335 1058 1382; x_wconf 84' lang='lat' dir='ltr'><strong>alias</strong></span> <span class='ocrx_word' id='word_1_137' title='bbox 1089 1342 1335 1382; x_wconf 90' lang='lat' dir='ltr'><strong>verentur:</strong></span> <span class='ocrx_word' id='word_1_138' title='bbox 1383 1332 1538 1380; x_wconf 90' lang='lat' dir='ltr'><strong>odium</strong></span> <span class='ocrx_word' id='word_1_139' title='bbox 1572 1333 1692 1380; x_wconf 89' lang='lat' dir='ltr'><strong>enim</strong></span> <span class='ocrx_word' id='word_1_140' title='bbox 1728 1333 1853 1379; x_wconf 88' lang='lat' dir='ltr'><strong>etia</strong></span> <span class='ocrx_word' id='word_1_141' title='bbox 1891 1338 1907 1382; x_wconf 71' lang='lat' dir='ltr'>s</span> 
     </span>
     <span class='ocr_line' id='line_1_29' title="bbox 247 1395 1906 1473; baseline -0.003 -16"><span class='ocrx_word' id='word_1_142' title='bbox 247 1412 392 1457; x_wconf 88' lang='lat' dir='ltr'><strong>timor</strong></span> <span class='ocrx_word' id='word_1_143' title='bbox 422 1409 644 1473; x_wconf 83' lang='lat' dir='ltr'><strong>inspirat3</strong></span> <span class='ocrx_word' id='word_1_144' title='bbox 674 1415 1001 1470; x_wconf 86' lang='lat' dir='ltr'><strong>praeterquam</strong></span> <span class='ocrx_word' id='word_1_145' title='bbox 1034 1403 1159 1468; x_wconf 87' lang='lat' dir='ltr'><strong>quod</strong></span> <span class='ocrx_word' id='word_1_146' title='bbox 1191 1402 1437 1468; x_wconf 88' lang='lat' dir='ltr'><strong>desperata</strong></span> <span class='ocrx_word' id='word_1_147' title='bbox 1471 1401 1679 1450; x_wconf 90' lang='lat' dir='ltr'><strong>conditio</strong></span> <span class='ocrx_word' id='word_1_148' title='bbox 1706 1418 1881 1458; x_wconf 78' lang='lat' dir='ltr'><strong>eorum</strong></span> <span class='ocrx_word' id='word_1_149' title='bbox 1899 1395 1906 1452; x_wconf 36' lang='lat' dir='ltr'><strong>&#39;s</strong></span> 
     </span>
     <span class='ocr_line' id='line_1_30' title="bbox 251 1472 1888 1543; baseline -0.006 -15"><span class='ocrx_word' id='word_1_150' title='bbox 251 1498 312 1529; x_wconf 85' lang='lat' dir='ltr'><strong>ex</strong></span> <span class='ocrx_word' id='word_1_151' title='bbox 352 1477 770 1543; x_wconf 86' lang='lat' dir='ltr'><strong>praedamnatione</strong></span> <span class='ocrx_word' id='word_1_152' title='bbox 819 1475 1035 1522; x_wconf 90' lang='lat' dir='ltr'><strong>solatium</strong></span> <span class='ocrx_word' id='word_1_153' title='bbox 1073 1482 1260 1537; x_wconf 89' lang='lat' dir='ltr'><strong>reputat</strong></span> <span class='ocrx_word' id='word_1_154' title='bbox 1298 1472 1524 1521; x_wconf 87' lang='lat' dir='ltr'><strong>fruendae</strong></span> <span class='ocrx_word' id='word_1_155' title='bbox 1556 1473 1740 1520; x_wconf 88' lang='lat' dir='ltr'><strong>interim</strong></span> <span class='ocrx_word' id='word_1_156' title='bbox 1771 1488 1888 1520; x_wconf 65' lang='lat' dir='ltr'><strong>ma-</strong></span> 
     </span>
     <span class='ocr_line' id='line_1_31' title="bbox 249 1542 1942 1613; baseline -0.007 -16"><span class='ocrx_word' id='word_1_157' title='bbox 249 1551 476 1613; x_wconf 88' lang='lat' dir='ltr'><strong>lignitatis</strong></span> <span class='ocrx_word' id='word_1_158' title='bbox 509 1547 566 1594; x_wconf 90' lang='lat' dir='ltr'><strong>de</strong></span> <span class='ocrx_word' id='word_1_159' title='bbox 598 1561 779 1610; x_wconf 89' lang='lat' dir='ltr'><strong>poenae</strong></span> <span class='ocrx_word' id='word_1_160' title='bbox 811 1561 955 1592; x_wconf 89' lang='lat' dir='ltr'><strong>mora.</strong></span> <span class='ocrx_word' id='word_1_161' title='bbox 1031 1544 1093 1592; x_wconf 90' lang='lat' dir='ltr'><strong>Et</strong></span> <span class='ocrx_word' id='word_1_162' title='bbox 1122 1553 1277 1591; x_wconf 91' lang='lat' dir='ltr'><strong>tamen</strong></span> <span class='ocrx_word' id='word_1_163' title='bbox 1295 1543 1579 1607; x_wconf 89' lang='lat' dir='ltr'><strong>apprehensi</strong></span> <span class='ocrx_word' id='word_1_164' title='bbox 1596 1542 1866 1606; x_wconf 72' lang='lat' dir='ltr'><strong>subigunt,</strong></span> <span class='ocrx_word' id='word_1_165' title='bbox 1936 1581 1942 1585; x_wconf 91' lang='lat'><strong>.</strong></span> 
     </span>
     <span class='ocr_line' id='line_1_32' title="bbox 249 1607 1896 1678; baseline -0.005 -10"><span class='ocrx_word' id='word_1_166' title='bbox 249 1629 297 1668; x_wconf 89' lang='lat' dir='ltr'><strong>et</strong></span> <span class='ocrx_word' id='word_1_167' title='bbox 329 1617 590 1667; x_wconf 89' lang='lat' dir='ltr'><strong>conditioni</strong></span> <span class='ocrx_word' id='word_1_168' title='bbox 623 1632 734 1664; x_wconf 91' lang='lat' dir='ltr'><strong>suae</strong></span> <span class='ocrx_word' id='word_1_169' title='bbox 767 1614 1037 1673; x_wconf 89' lang='lat' dir='ltr'><strong>succidunt,</strong></span> <span class='ocrx_word' id='word_1_170' title='bbox 1081 1624 1128 1662; x_wconf 87' lang='lat' dir='ltr'><strong>et</strong></span> <span class='ocrx_word' id='word_1_171' title='bbox 1159 1631 1275 1678; x_wconf 91' lang='lat' dir='ltr'><strong>quos</strong></span> <span class='ocrx_word' id='word_1_172' title='bbox 1308 1613 1366 1660; x_wconf 94' lang='lat' dir='ltr'><strong>de</strong></span> <span class='ocrx_word' id='word_1_173' title='bbox 1398 1614 1654 1677; x_wconf 88' lang='lat' dir='ltr'><strong>longinquo</strong></span> <span class='ocrx_word' id='word_1_174' title='bbox 1689 1607 1896 1677; x_wconf 38' lang='lat' dir='ltr'><strong>oppugj¹</strong></span> 
     </span>
     <span class='ocr_line' id='line_1_33' title="bbox 249 1683 1847 1751; baseline -0.005 -14"><span class='ocrx_word' id='word_1_175' title='bbox 249 1699 377 1747; x_wconf 86' lang='lat' dir='ltr'><strong>nant,</strong></span> <span class='ocrx_word' id='word_1_176' title='bbox 413 1687 472 1735; x_wconf 89' lang='lat' dir='ltr'><strong>de</strong></span> <span class='ocrx_word' id='word_1_177' title='bbox 504 1688 719 1751; x_wconf 87' lang='lat' dir='ltr'><strong>proximo</strong></span> <span class='ocrx_word' id='word_1_178' title='bbox 752 1686 1020 1733; x_wconf 90' lang='lat' dir='ltr'><strong>obsecrant.</strong></span> <span class='ocrx_word' id='word_1_179' title='bbox 1096 1685 1257 1748; x_wconf 88' lang='lat' dir='ltr'><strong>Itaque</strong></span> <span class='ocrx_word' id='word_1_180' title='bbox 1291 1683 1394 1731; x_wconf 92' lang='lat' dir='ltr'><strong>dum</strong></span> <span class='ocrx_word' id='word_1_181' title='bbox 1427 1685 1530 1731; x_wconf 91' lang='lat' dir='ltr'><strong>vice</strong></span> <span class='ocrx_word' id='word_1_182' title='bbox 1549 1685 1594 1743; x_wconf 88' lang='lat'><strong>1)</strong></span> <span class='ocrx_word' id='word_1_183' title='bbox 1636 1683 1847 1731; x_wconf 88' lang='lat' dir='ltr'><strong>rebellan</strong></span> 
     </span>
     <span class='ocr_line' id='line_1_34' title="bbox 246 1752 1894 1822; baseline -0.004 -14"><span class='ocrx_word' id='word_1_184' title='bbox 246 1762 361 1808; x_wconf 92' lang='lat' dir='ltr'><strong>tium</strong></span> <span class='ocrx_word' id='word_1_185' title='bbox 391 1758 756 1822; x_wconf 83' lang='lat' dir='ltr'><strong>ergastulorum,</strong></span> <span class='ocrx_word' id='word_1_186' title='bbox 791 1756 888 1802; x_wconf 88' lang='lat' dir='ltr'><strong>sive</strong></span> <span class='ocrx_word' id='word_1_187' title='bbox 924 1771 1190 1812; x_wconf 89' lang='lat' dir='ltr'><strong>carcerum,</strong></span> <span class='ocrx_word' id='word_1_188' title='bbox 1223 1755 1300 1802; x_wconf 88' lang='lat' dir='ltr'><strong>vel</strong></span> <span class='ocrx_word' id='word_1_189' title='bbox 1330 1755 1640 1812; x_wconf 89' lang='lat' dir='ltr'><strong>metallorum,</strong></span> <span class='ocrx_word' id='word_1_190' title='bbox 1671 1753 1747 1800; x_wconf 89' lang='lat' dir='ltr'><strong>vel</strong></span> <span class='ocrx_word' id='word_1_191' title='bbox 1777 1752 1894 1802; x_wconf 67' lang='lat' dir='ltr'><strong>hoc</strong></span> 
     </span>
     <span class='ocr_line' id='line_1_35' title="bbox 250 1824 1882 1895; baseline -0.004 -17"><span class='ocrx_word' id='word_1_192' title='bbox 250 1847 398 1895; x_wconf 86' lang='lat' dir='ltr'><strong>genus</strong></span> <span class='ocrx_word' id='word_1_193' title='bbox 428 1827 641 1893; x_wconf 90' lang='lat' dir='ltr'><strong>poenalis</strong></span> <span class='ocrx_word' id='word_1_194' title='bbox 674 1826 913 1874; x_wconf 89' lang='lat' dir='ltr'><strong>servitutis</strong></span> <span class='ocrx_word' id='word_1_195' title='bbox 947 1834 1191 1890; x_wconf 91' lang='lat' dir='ltr'><strong>erumpunt</strong></span> <span class='ocrx_word' id='word_1_196' title='bbox 1221 1824 1443 1872; x_wconf 86' lang='lat' dir='ltr'><strong>adversus</strong></span> <span class='ocrx_word' id='word_1_197' title='bbox 1474 1841 1575 1883; x_wconf 91' lang='lat' dir='ltr'><strong>nos,</strong></span> <span class='ocrx_word' id='word_1_198' title='bbox 1609 1825 1655 1871; x_wconf 91' lang='lat' dir='ltr'><strong>in</strong></span> <span class='ocrx_word' id='word_1_199' title='bbox 1676 1839 1882 1887; x_wconf 84' lang='lat' dir='ltr'><strong>quorum</strong></span> 
     </span>
     <span class='ocr_line' id='line_1_36' title="bbox 249 1895 1908 1965; baseline -0.004 -17"><span class='ocrx_word' id='word_1_200' title='bbox 249 1908 488 1965; x_wconf 89' lang='lat' dir='ltr'><strong>potestate</strong></span> <span class='ocrx_word' id='word_1_201' title='bbox 523 1906 651 1955; x_wconf 78' lang='lat' dir='ltr'><strong>sunt,</strong></span> <span class='ocrx_word' id='word_1_202' title='bbox 695 1897 815 1944; x_wconf 88' lang='lat' dir='ltr'><strong>certi</strong></span> <span class='ocrx_word' id='word_1_203' title='bbox 848 1904 896 1942; x_wconf 90' lang='lat' dir='ltr'><strong>et</strong></span> <span class='ocrx_word' id='word_1_204' title='bbox 927 1897 1127 1960; x_wconf 89' lang='lat' dir='ltr'><strong>impares</strong></span> <span class='ocrx_word' id='word_1_205' title='bbox 1158 1911 1209 1943; x_wconf 92' lang='lat' dir='ltr'><strong>se</strong></span> <span class='ocrx_word' id='word_1_206' title='bbox 1243 1911 1348 1943; x_wconf 90' lang='lat' dir='ltr'><strong>esse</strong></span> <span class='ocrx_word' id='word_1_207' title='bbox 1382 1904 1431 1942; x_wconf 92' lang='lat' dir='ltr'><strong>et</strong></span> <span class='ocrx_word' id='word_1_208' title='bbox 1461 1895 1551 1942; x_wconf 91' lang='lat' dir='ltr'><strong>hoc</strong></span> <span class='ocrx_word' id='word_1_209' title='bbox 1582 1895 1730 1959; x_wconf 88' lang='lat' dir='ltr'><strong>magis</strong></span> <span class='ocrx_word' id='word_1_210' title='bbox 1761 1895 1908 1959; x_wconf 22' lang='lat' dir='ltr'><strong>per-J·</strong></span> 
     </span>
     <span class='ocr_line' id='line_1_37' title="bbox 250 1966 1890 2031; baseline -0.004 -13"><span class='ocrx_word' id='word_1_211' title='bbox 250 1971 374 2018; x_wconf 90' lang='lat' dir='ltr'><strong>ditos</strong></span> <span class='ocrx_word' id='word_1_212' title='bbox 390 1971 463 2031; x_wconf 82' lang='lat'><strong>²):</strong></span> <span class='ocrx_word' id='word_1_213' title='bbox 528 1968 725 2030; x_wconf 87' lang='lat' dir='ltr'><strong>ingratis</strong></span> <span class='ocrx_word' id='word_1_214' title='bbox 769 1968 1030 2014; x_wconf 89' lang='lat' dir='ltr'><strong>resistimus</strong></span> <span class='ocrx_word' id='word_1_215' title='bbox 1075 1975 1127 2014; x_wconf 89' lang='lat' dir='ltr'><strong>ut</strong></span> <span class='ocrx_word' id='word_1_216' title='bbox 1171 1966 1416 2030; x_wconf 87' lang='lat' dir='ltr'><strong>aequales,</strong></span> <span class='ocrx_word' id='word_1_217' title='bbox 1466 1974 1515 2013; x_wconf 91' lang='lat' dir='ltr'><strong>et</strong></span> <span class='ocrx_word' id='word_1_218' title='bbox 1559 1980 1890 2029; x_wconf 89' lang='lat' dir='ltr'><strong>repugnamu</strong></span> 
     </span>
     <span class='ocr_line' id='line_1_38' title="bbox 247 2028 1905 2117; baseline -0.005 -28"><span class='ocrx_word' id='word_1_219' title='bbox 247 2048 609 2105; x_wconf 89' lang='lat' dir='ltr'><strong>perseverantes</strong></span> <span class='ocrx_word' id='word_1_220' title='bbox 656 2038 703 2083; x_wconf 92' lang='lat' dir='ltr'><strong>in</strong></span> <span class='ocrx_word' id='word_1_221' title='bbox 751 2052 810 2084; x_wconf 92' lang='lat' dir='ltr'><strong>eo</strong></span> <span class='ocrx_word' id='word_1_222' title='bbox 866 2036 990 2100; x_wconf 92' lang='lat' dir='ltr'><strong>quod</strong></span> <span class='ocrx_word' id='word_1_223' title='bbox 1037 2045 1330 2099; x_wconf 82' lang='lat' dir='ltr'><strong>oppugnant,</strong></span> <span class='ocrx_word' id='word_1_224' title='bbox 1395 2044 1444 2082; x_wconf 93' lang='lat' dir='ltr'><strong>et</strong></span> <span class='ocrx_word' id='word_1_225' title='bbox 1487 2035 1594 2083; x_wconf 94' lang='lat' dir='ltr'><strong>illos</strong></span> <span class='ocrx_word' id='word_1_226' title='bbox 1639 2028 1905 2117; x_wconf 54' lang='lat' dir='ltr'><strong>nunquam}</strong></span> 
     </span>
     <span class='ocr_line' id='line_1_39' title="bbox 249 2105 1898 2174; baseline -0.005 -16"><span class='ocrx_word' id='word_1_227' title='bbox 249 2111 397 2174; x_wconf 88' lang='lat' dir='ltr'><strong>magis</strong></span> <span class='ocrx_word' id='word_1_228' title='bbox 445 2107 863 2170; x_wconf 85' lang='lat' dir='ltr'><strong>detriumphamus,</strong></span> <span class='ocrx_word' id='word_1_229' title='bbox 913 2123 1045 2170; x_wconf 90' lang='lat' dir='ltr'><strong>quam</strong></span> <span class='ocrx_word' id='word_1_230' title='bbox 1092 2122 1227 2169; x_wconf 93' lang='lat' dir='ltr'><strong>quum</strong></span> <span class='ocrx_word' id='word_1_231' title='bbox 1273 2122 1359 2169; x_wconf 90' lang='lat' dir='ltr'><strong>pro</strong></span> <span class='ocrx_word' id='word_1_232' title='bbox 1400 2105 1509 2152; x_wconf 88' lang='lat' dir='ltr'><strong>fidei</strong></span> <span class='ocrx_word' id='word_1_233' title='bbox 1557 2105 1898 2166; x_wconf 52' lang='lat' dir='ltr'><strong>obstinationes}⁵</strong></span> 
     </span>
     <span class='ocr_line' id='line_1_40' title="bbox 251 2167 1901 2228; baseline -0.002 0"><span class='ocrx_word' id='word_1_234' title='bbox 251 2181 533 2228; x_wconf 85' lang='lat' dir='ltr'><strong>damnamur.</strong></span> <span class='ocrx_word' id='word_1_235' title='bbox 1875 2167 1901 2225; x_wconf 62' lang='grc' dir='ltr'><strong>’ἕ</strong></span> 
     </span>
     <span class='ocr_line' id='line_1_41' title="bbox 392 2227 1905 2309; baseline -0.004 -12"><span class='ocrx_word' id='word_1_236' title='bbox 392 2255 473 2300; x_wconf 81' lang='grc'><strong>28.</strong></span> <span class='ocrx_word' id='word_1_237' title='bbox 532 2249 760 2308; x_wconf 86' lang='lat' dir='ltr'><strong>Quoniam</strong></span> <span class='ocrx_word' id='word_1_238' title='bbox 790 2256 945 2294; x_wconf 89' lang='lat' dir='ltr'><strong>autem</strong></span> <span class='ocrx_word' id='word_1_239' title='bbox 976 2247 1120 2294; x_wconf 84' lang='lat' dir='ltr'><strong>facile</strong></span> <span class='ocrx_word' id='word_1_240' title='bbox 1152 2248 1357 2309; x_wconf 88' lang='lat' dir='ltr'><strong>iniquum</strong></span> <span class='ocrx_word' id='word_1_241' title='bbox 1387 2245 1652 2304; x_wconf 87' lang='lat' dir='ltr'><strong>videretur,</strong></span> <span class='ocrx_word' id='word_1_242' title='bbox 1696 2227 1905 2307; x_wconf 50' lang='lat' dir='ltr'><strong>liberos}</strong></span> 
     </span>
     <span class='ocr_line' id='line_1_42' title="bbox 251 2307 1942 2380; baseline -0.005 -12"><span class='ocrx_word' id='word_1_243' title='bbox 251 2322 466 2368; x_wconf 89' lang='lat' dir='ltr'><strong>homines</strong></span> <span class='ocrx_word' id='word_1_244' title='bbox 499 2320 670 2366; x_wconf 87' lang='lat' dir='ltr'><strong>invitos</strong></span> <span class='ocrx_word' id='word_1_245' title='bbox 702 2318 862 2380; x_wconf 90' lang='lat' dir='ltr'><strong>urgeri</strong></span> <span class='ocrx_word' id='word_1_246' title='bbox 896 2316 955 2364; x_wconf 89' lang='lat' dir='ltr'><strong>ad</strong></span> <span class='ocrx_word' id='word_1_247' title='bbox 986 2315 1343 2364; x_wconf 85' lang='lat' dir='ltr'><strong>sacrificandum</strong></span> <span class='ocrx_word' id='word_1_248' title='bbox 1375 2317 1496 2377; x_wconf 92' lang='lat' dir='ltr'><strong>(nam</strong></span> <span class='ocrx_word' id='word_1_249' title='bbox 1530 2326 1578 2364; x_wconf 86' lang='lat' dir='ltr'><strong>et</strong></span> <span class='ocrx_word' id='word_1_250' title='bbox 1608 2316 1724 2363; x_wconf 90' lang='lat' dir='ltr'><strong>alias</strong></span> <span class='ocrx_word' id='word_1_251' title='bbox 1755 2307 1906 2373; x_wconf 49' lang='lat' dir='ltr'><strong>divi-{5253</strong></span> <span class='ocrx_word' id='word_1_252' title='bbox 1935 2338 1942 2359; x_wconf 67' lang='grc'><em>;</em></span> 
     </span>
     <span class='ocr_line' id='line_1_43' title="bbox 253 2365 1942 2449; baseline -0.004 -10"><span class='ocrx_word' id='word_1_253' title='bbox 253 2407 341 2439; x_wconf 88' lang='lat' dir='ltr'><strong>nae</strong></span> <span class='ocrx_word' id='word_1_254' title='bbox 372 2392 444 2438; x_wconf 89' lang='lat' dir='ltr'><strong>rei</strong></span> <span class='ocrx_word' id='word_1_255' title='bbox 475 2387 725 2437; x_wconf 82' lang='lat' dir='ltr'><strong>faciundae</strong></span> <span class='ocrx_word' id='word_1_256' title='bbox 766 2387 918 2435; x_wconf 89' lang='lat' dir='ltr'><strong>libens</strong></span> <span class='ocrx_word' id='word_1_257' title='bbox 956 2389 1132 2435; x_wconf 89' lang='lat' dir='ltr'><strong>animus</strong></span> <span class='ocrx_word' id='word_1_258' title='bbox 1172 2385 1435 2448; x_wconf 85' lang='lat' dir='ltr'><strong>indicitur):</strong></span> <span class='ocrx_word' id='word_1_259' title='bbox 1490 2395 1622 2434; x_wconf 85' lang='lat' dir='ltr'><strong>certe</strong></span> <span class='ocrx_word' id='word_1_260' title='bbox 1667 2387 1829 2449; x_wconf 90' lang='lat' dir='ltr'><strong>ineptu</strong></span> <span class='ocrx_word' id='word_1_261' title='bbox 1874 2365 1903 2398; x_wconf 57' lang='lat'><strong>⁵⁹⁶</strong></span> <span class='ocrx_word' id='word_1_262' title='bbox 1940 2383 1942 2394; x_wconf 72' lang='lat'>²</span> 
     </span>
     <span class='ocr_line' id='line_1_44' title="bbox 255 2453 1850 2522; baseline -0.004 -12"><span class='ocrx_word' id='word_1_263' title='bbox 255 2463 628 2517; x_wconf 86' lang='lat' dir='ltr'><strong>existimaretur,</strong></span> <span class='ocrx_word' id='word_1_264' title='bbox 677 2460 716 2506; x_wconf 93' lang='lat' dir='ltr'><strong>si</strong></span> <span class='ocrx_word' id='word_1_265' title='bbox 756 2458 858 2522; x_wconf 90' lang='lat' dir='ltr'><strong>quis</strong></span> <span class='ocrx_word' id='word_1_266' title='bbox 897 2457 954 2505; x_wconf 88' lang='lat' dir='ltr'><strong>ab</strong></span> <span class='ocrx_word' id='word_1_267' title='bbox 996 2457 1088 2504; x_wconf 89' lang='lat' dir='ltr'><strong>alio</strong></span> <span class='ocrx_word' id='word_1_268' title='bbox 1123 2466 1379 2519; x_wconf 89' lang='lat' dir='ltr'><strong>cogeretur</strong></span> <span class='ocrx_word' id='word_1_269' title='bbox 1408 2453 1467 2503; x_wconf 88' lang='lat' dir='ltr'><strong>ad</strong></span> <span class='ocrx_word' id='word_1_270' title='bbox 1499 2457 1727 2504; x_wconf 92' lang='lat' dir='ltr'><strong>honorem</strong></span> <span class='ocrx_word' id='word_1_271' title='bbox 1759 2455 1850 2503; x_wconf 90' lang='lat' dir='ltr'><strong>deo</strong></span> 
     </span>
     <span class='ocr_line' id='line_1_45' title="bbox 254 2525 1884 2596; baseline -0.004 -17"><span class='ocrx_word' id='word_1_272' title='bbox 254 2549 380 2590; x_wconf 89' lang='lat' dir='ltr'><strong>rum,</strong></span> <span class='ocrx_word' id='word_1_273' title='bbox 415 2547 530 2596; x_wconf 91' lang='lat' dir='ltr'><strong>quos</strong></span> <span class='ocrx_word' id='word_1_274' title='bbox 562 2531 684 2577; x_wconf 88' lang='lat' dir='ltr'><strong>ultro</strong></span> <span class='ocrx_word' id='word_1_275' title='bbox 716 2531 786 2576; x_wconf 89' lang='lat' dir='ltr'><strong>sui</strong></span> <span class='ocrx_word' id='word_1_276' title='bbox 821 2543 985 2576; x_wconf 88' lang='lat' dir='ltr'><strong>caussa</strong></span> <span class='ocrx_word' id='word_1_277' title='bbox 1016 2528 1207 2590; x_wconf 89' lang='lat' dir='ltr'><strong>placare</strong></span> <span class='ocrx_word' id='word_1_278' title='bbox 1241 2525 1461 2584; x_wconf 86' lang='lat' dir='ltr'><strong>deberet,</strong></span> <span class='ocrx_word' id='word_1_279' title='bbox 1504 2543 1562 2575; x_wconf 93' lang='lat' dir='ltr'><strong>ne</strong></span> <span class='ocrx_word' id='word_1_280' title='bbox 1594 2543 1707 2591; x_wconf 88' lang='lat' dir='ltr'><strong>prae</strong></span> <span class='ocrx_word' id='word_1_281' title='bbox 1739 2527 1884 2591; x_wconf 58' lang='lat' dir='ltr'><strong>manin</strong></span> 
     </span>
     <span class='ocr_line' id='line_1_46' title="bbox 256 2596 1942 2662; baseline -0.005 -12"><span class='ocrx_word' id='word_1_282' title='bbox 256 2612 386 2650; x_wconf 90' lang='lat' dir='ltr'><strong>esset</strong></span> <span class='ocrx_word' id='word_1_283' title='bbox 423 2603 525 2649; x_wconf 92' lang='lat' dir='ltr'><strong>iure</strong></span> <span class='ocrx_word' id='word_1_284' title='bbox 567 2600 799 2647; x_wconf 84' lang='lat' dir='ltr'><strong>libertatis</strong></span> <span class='ocrx_word' id='word_1_285' title='bbox 840 2598 1030 2646; x_wconf 87' lang='lat' dir='ltr'><strong>dicere:</strong></span> <span class='ocrx_word' id='word_1_286' title='bbox 1089 2597 1212 2643; x_wconf 92' lang='lat' dir='ltr'><strong>Nolo</strong></span> <span class='ocrx_word' id='word_1_287' title='bbox 1252 2597 1361 2644; x_wconf 89' lang='lat' dir='ltr'><strong>mihi</strong></span> <span class='ocrx_word' id='word_1_288' title='bbox 1395 2596 1552 2645; x_wconf 88' lang='lat' dir='ltr'><strong>lovem</strong></span> <span class='ocrx_word' id='word_1_289' title='bbox 1590 2597 1875 2662; x_wconf 51' lang='lat' dir='ltr'><strong>propitium}</strong></span> <span class='ocrx_word' id='word_1_290' title='bbox 1937 2643 1942 2647; x_wconf 63' lang='grc'>,</span> 
     </span>
     <span class='ocr_line' id='line_1_47' title="bbox 254 2664 1942 2736; baseline -0.004 -16"><span class='ocrx_word' id='word_1_291' title='bbox 254 2682 326 2730; x_wconf 90' lang='lat' dir='ltr'><strong>tu,</strong></span> <span class='ocrx_word' id='word_1_292' title='bbox 362 2674 463 2736; x_wconf 89' lang='lat' dir='ltr'><strong>quis</strong></span> <span class='ocrx_word' id='word_1_293' title='bbox 496 2673 577 2720; x_wconf 82' lang='lat' dir='ltr'><strong>es?</strong></span> <span class='ocrx_word' id='word_1_294' title='bbox 606 2687 679 2718; x_wconf 90' lang='lat' dir='ltr'><strong>me</strong></span> <span class='ocrx_word' id='word_1_295' title='bbox 713 2671 966 2718; x_wconf 86' lang='lat' dir='ltr'><strong>conveniat</strong></span> <span class='ocrx_word' id='word_1_296' title='bbox 998 2669 1131 2715; x_wconf 89' lang='lat' dir='ltr'><strong>Ianus</strong></span> <span class='ocrx_word' id='word_1_297' title='bbox 1163 2668 1307 2714; x_wconf 88' lang='lat' dir='ltr'><strong>iratus</strong></span> <span class='ocrx_word' id='word_1_298' title='bbox 1339 2683 1400 2714; x_wconf 86' lang='lat' dir='ltr'><strong>ex</strong></span> <span class='ocrx_word' id='word_1_299' title='bbox 1431 2684 1520 2731; x_wconf 89' lang='lat' dir='ltr'><strong>qua</strong></span> <span class='ocrx_word' id='word_1_300' title='bbox 1543 2669 1658 2716; x_wconf 89' lang='lat' dir='ltr'><strong>velit</strong></span> <span class='ocrx_word' id='word_1_301' title='bbox 1687 2667 1875 2725; x_wconf 73' lang='lat' dir='ltr'><strong>fronte;</strong></span> <span class='ocrx_word' id='word_1_302' title='bbox 1936 2664 1942 2714; x_wconf 66' lang='grc' dir='ltr'><strong>’ς</strong></span> 
     </span>
     <span class='ocr_line' id='line_1_48' title="bbox 257 2723 1901 2808; baseline -0.003 -19"><span class='ocrx_word' id='word_1_303' title='bbox 257 2743 368 2808; x_wconf 91' lang='lat' dir='ltr'><strong>quid</strong></span> <span class='ocrx_word' id='word_1_304' title='bbox 399 2743 483 2790; x_wconf 91' lang='lat' dir='ltr'><strong>tibi</strong></span> <span class='ocrx_word' id='word_1_305' title='bbox 514 2758 695 2790; x_wconf 90' lang='lat' dir='ltr'><strong>mecum</strong></span> <span class='ocrx_word' id='word_1_306' title='bbox 727 2742 830 2788; x_wconf 82' lang='lat' dir='ltr'><strong>est?</strong></span> <span class='ocrx_word' id='word_1_307' title='bbox 898 2739 1101 2786; x_wconf 89' lang='lat' dir='ltr'><strong>Formati</strong></span> <span class='ocrx_word' id='word_1_308' title='bbox 1141 2739 1256 2785; x_wconf 89' lang='lat' dir='ltr'><strong>estis</strong></span> <span class='ocrx_word' id='word_1_309' title='bbox 1295 2737 1353 2784; x_wconf 89' lang='lat' dir='ltr'><strong>ab</strong></span> <span class='ocrx_word' id='word_1_310' title='bbox 1386 2737 1552 2786; x_wconf 91' lang='lat' dir='ltr'><strong>iisdem</strong></span> <span class='ocrx_word' id='word_1_311' title='bbox 1590 2738 1749 2802; x_wconf 86' lang='lat' dir='ltr'><strong>utique</strong></span> <span class='ocrx_word' id='word_1_312' title='bbox 1782 2723 1901 2800; x_wconf 68' lang='lat' dir='ltr'><strong>spi-‚ll</strong></span> 
     </span>
     <span class='ocr_line' id='line_1_49' title="bbox 256 2777 1900 2875; baseline -0.003 -15"><span class='ocrx_word' id='word_1_313' title='bbox 256 2814 447 2870; x_wconf 92' lang='lat' dir='ltr'><strong>ritibus,</strong></span> <span class='ocrx_word' id='word_1_314' title='bbox 494 2821 544 2859; x_wconf 93' lang='lat' dir='ltr'><strong>ut</strong></span> <span class='ocrx_word' id='word_1_315' title='bbox 575 2828 659 2858; x_wconf 90' lang='lat' dir='ltr'><strong>nos</strong></span> <span class='ocrx_word' id='word_1_316' title='bbox 697 2827 782 2875; x_wconf 92' lang='lat' dir='ltr'><strong>pro</strong></span> <span class='ocrx_word' id='word_1_317' title='bbox 823 2811 973 2858; x_wconf 90' lang='lat' dir='ltr'><strong>salute</strong></span> <span class='ocrx_word' id='word_1_318' title='bbox 1011 2808 1309 2872; x_wconf 88' lang='lat' dir='ltr'><strong>imperatoris</strong></span> <span class='ocrx_word' id='word_1_319' title='bbox 1354 2808 1623 2856; x_wconf 85' lang='lat' dir='ltr'><strong>sacrificare</strong></span> <span class='ocrx_word' id='word_1_320' title='bbox 1671 2777 1900 2871; x_wconf 50' lang='lat' dir='ltr'><strong>cogatisj</strong></span> 
     </span>
     <span class='ocr_line' id='line_1_50' title="bbox 260 2865 1898 2946; baseline -0.004 -15"><span class='ocrx_word' id='word_1_321' title='bbox 260 2892 308 2931; x_wconf 89' lang='lat' dir='ltr'><strong>et</strong></span> <span class='ocrx_word' id='word_1_322' title='bbox 339 2884 555 2946; x_wconf 88' lang='lat' dir='ltr'><strong>imposita</strong></span> <span class='ocrx_word' id='word_1_323' title='bbox 586 2890 659 2928; x_wconf 90' lang='lat' dir='ltr'><strong>est</strong></span> <span class='ocrx_word' id='word_1_324' title='bbox 688 2890 782 2928; x_wconf 91' lang='lat' dir='ltr'><strong>tam</strong></span> <span class='ocrx_word' id='word_1_325' title='bbox 821 2880 954 2928; x_wconf 87' lang='lat' dir='ltr'><strong>vobis</strong></span> <span class='ocrx_word' id='word_1_326' title='bbox 992 2879 1253 2927; x_wconf 87' lang='lat' dir='ltr'><strong>necessitas</strong></span> <span class='ocrx_word' id='word_1_327' title='bbox 1293 2877 1519 2942; x_wconf 88' lang='lat' dir='ltr'><strong>cogendi,</strong></span> <span class='ocrx_word' id='word_1_328' title='bbox 1568 2894 1702 2943; x_wconf 90' lang='lat' dir='ltr'><strong>quam</strong></span> <span class='ocrx_word' id='word_1_329' title='bbox 1739 2865 1898 2931; x_wconf 56' lang='lat' dir='ltr'><strong>nobis}</strong></span> 
     </span>
     <span class='ocr_line' id='line_1_51' title="bbox 262 2932 1898 3050; baseline -0.004 -49"><span class='ocrx_word' id='word_1_330' title='bbox 262 2953 488 3017; x_wconf 89' lang='lat' dir='ltr'><strong>obligatio</strong></span> <span class='ocrx_word' id='word_1_331' title='bbox 522 2949 842 3015; x_wconf 86' lang='lat' dir='ltr'><strong>periclitandi.</strong></span> <span class='ocrx_word' id='word_1_332' title='bbox 919 2950 1123 2998; x_wconf 92' lang='lat' dir='ltr'><strong>Ventum</strong></span> <span class='ocrx_word' id='word_1_333' title='bbox 1155 2958 1228 2997; x_wconf 87' lang='lat' dir='ltr'><strong>est</strong></span> <span class='ocrx_word' id='word_1_334' title='bbox 1257 2949 1403 3012; x_wconf 89' lang='lat' dir='ltr'><strong>igitur</strong></span> <span class='ocrx_word' id='word_1_335' title='bbox 1434 2947 1492 2996; x_wconf 91' lang='lat' dir='ltr'><strong>ad</strong></span> <span class='ocrx_word' id='word_1_336' title='bbox 1531 2947 1784 2996; x_wconf 90' lang='lat' dir='ltr'><strong>secundum</strong></span> <span class='ocrx_word' id='word_1_337' title='bbox 1819 2932 1898 3050; x_wconf 53' lang='lat' dir='ltr'><strong>th}</strong></span> 
     </span>
    </p>
   </div>
   <div class='ocr_carea' id='block_1_4' title="bbox 1831 2394 1905 2719">
    <p class='ocr_par' dir='ltr' id='par_1_4' title="bbox 1831 2394 1905 2719">
     <span class='ocr_line' id='line_1_52' title="bbox 1831 2394 1905 2556; baseline 0 -137"><span class='ocrx_word' id='word_1_338' title='bbox 1831 2394 1905 2556; x_wconf 95' lang='lat' dir='ltr'><strong>   </strong></span> 
     </span>
     <span class='ocr_line' id='line_1_53' title="bbox 1879 2556 1905 2719; baseline 0 -88"><span class='ocrx_word' id='word_1_339' title='bbox 1879 2556 1905 2719; x_wconf 95' lang='lat' dir='ltr'><strong>  </strong></span> 
     </span>
    </p>
   </div>
   <div class='ocr_carea' id='block_1_5' title="bbox 263 3069 1896 3226">
    <p class='ocr_par' dir='ltr' id='par_1_5' title="bbox 263 3069 1896 3226">
     <span class='ocr_line' id='line_1_54' title="bbox 375 3069 1896 3196; baseline -0.001 -38"><span class='ocrx_word' id='word_1_340' title='bbox 375 3122 419 3171; x_wconf 89' lang='lat'><strong>1)</strong></span> <span class='ocrx_word' id='word_1_341' title='bbox 450 3121 861 3170; x_wconf 81' lang='lat' dir='ltr'><strong>repugnantium</strong></span> <span class='ocrx_word' id='word_1_342' title='bbox 893 3125 941 3158; x_wconf 91' lang='lat' dir='ltr'><strong>et</strong></span> <span class='ocrx_word' id='word_1_343' title='bbox 973 3121 1064 3158; x_wconf 84' lang='lat' dir='ltr'><strong>add.</strong></span> <span class='ocrx_word' id='word_1_344' title='bbox 1099 3120 1216 3157; x_wconf 87' lang='lat' dir='ltr'><strong>codd.</strong></span> <span class='ocrx_word' id='word_1_345' title='bbox 1249 3119 1367 3156; x_wconf 87' lang='lat' dir='ltr'><strong>Fuld.</strong></span> <span class='ocrx_word' id='word_1_346' title='bbox 1400 3121 1441 3156; x_wconf 85' lang='lat' dir='ltr'><strong>et</strong></span> <span class='ocrx_word' id='word_1_347' title='bbox 1472 3120 1578 3156; x_wconf 80' lang='lat' dir='ltr'><strong>Hav.</strong></span> <span class='ocrx_word' id='word_1_348' title='bbox 1694 3117 1739 3166; x_wconf 85' lang='lat'><strong>2)</strong></span> <span class='ocrx_word' id='word_1_349' title='bbox 1770 3069 1896 3196; x_wconf 54' lang='lat' dir='ltr'><strong>Ham}</strong></span> 
     </span>
     <span class='ocr_line' id='line_1_55' title="bbox 263 3176 1895 3226; baseline -0.003 -10"><span class='ocrx_word' id='word_1_350' title='bbox 263 3191 285 3216; x_wconf 84' lang='lat' dir='ltr'><strong>e</strong></span> <span class='ocrx_word' id='word_1_351' title='bbox 319 3177 434 3216; x_wconf 85' lang='lat' dir='ltr'><strong>codd.</strong></span> <span class='ocrx_word' id='word_1_352' title='bbox 465 3177 622 3226; x_wconf 86' lang='lat' dir='ltr'><strong>Lugdd.</strong></span> <span class='ocrx_word' id='word_1_353' title='bbox 653 3177 914 3225; x_wconf 72' lang='lat' dir='ltr'><strong>prodito-3</strong></span> <span class='ocrx_word' id='word_1_354' title='bbox 949 3176 1099 3216; x_wconf 71' lang='lat' dir='ltr'><strong>ceteiit</strong></span> <span class='ocrx_word' id='word_1_355' title='bbox 1131 3176 1375 3224; x_wconf 85' lang='lat' dir='ltr'><strong>perditos.</strong></span> <span class='ocrx_word' id='word_1_356' title='bbox 1873 3180 1895 3217; x_wconf 57' lang='lat'>3</span> 
     </span>
    </p>
   </div>
   <div class='ocr_carea' id='block_1_6' title="bbox 1932 3286 1942 3554">
    <p class='ocr_par' dir='ltr' id='par_1_6' title="bbox 1932 3286 1942 3554">
     <span class='ocr_line' id='line_1_56' title="bbox 1932 3286 1942 3554; textangle 90"><span class='ocrx_word' id='word_1_357' title='bbox 1932 3304 1942 3554; x_wconf 27' lang='grc' dir='ltr'><strong>..μ-...ἐ-ᾆᾼ</strong></span> <span class='ocrx_word' id='word_1_358' title='bbox 1941 3286 1942 3291; x_wconf 24' lang='grc' dir='ltr'><em>Α</em></span> 
     </span>
    </p>
   </div>
  </div>
 </body>
</html>
