1942 3554
307 209 424 255 128
891 209 973 246 DE
1001 210 1341 247 PUDICITIA.

306 324 398 371 buc
429 323 588 369 mollia
616 324 663 369 in
695 337 815 368 novo
850 320 1092 368 custodiae
1124 323 1333 378 nomine,
1374 322 1530 368 statim
1560 322 1768 370 ambiunt
1794 333 1923 375 moe-4

310 395 409 450 chi,
443 393 596 439 statim
636 391 811 439 adeunt
846 392 1185 448 fornicatores,
1224 392 1315 438 iam
1353 407 1522 454 preces
1563 393 1940 455 circumsonant,

305 465 397 510 iam
442 462 666 509 lacrimae
714 463 1113 523 circumstagnant
1156 462 1375 509 maculati
1421 463 1664 526 cuiusque,
1712 480 1800 512 nec
1845 466 1942 545 ιιψ

305 533 452 595 magis
483 531 660 579 aditum
691 533 900 579 carceris
930 531 1187 589 redimunt,
1221 549 1354 596 quam
1387 535 1463 597 qui
1494 534 1745 583 ecclesiam
1769 534 1930 599 perdi}

307 603 490 650 derunt.
551 601 803 649 Violantur
832 603 922 649 viri
953 618 1009 649 ac
1040 603 1242 651 feminae
1273 604 1320 649 in
1351 602 1560 651 tenebris
1590 605 1730 668 plane
1760 622 1820 653 ex
1843 602 1942 659 usin

306 672 547 721 libidinum
578 674 725 730 notis,
760 682 808 719 et
837 689 1002 736 pacem
1033 674 1090 720 ab
1123 673 1194 720 his
1226 682 1468 737 quaerunt,
1503 675 1580 738 qui
1605 673 1663 723 de
1689 691 1772 723 sua
1801 662 1927 740 perii-

308 745 544 791 clitantur.
604 743 702 790 Alii
733 742 793 790 ad
823 745 1012 790 metalla
1044 745 1341 806 confugiunt,
1382 753 1430 791 et
1466 744 1576 793 inde
1617 748 1932 795 communic&-

305 824 435 862 tores
466 823 788 871 revertuntur,
822 814 900 860 ubi
931 816 1021 861 iam
1053 814 1178 861 aliud
1208 816 1479 878 martyrium
1512 817 1827 864 necessarium
1859 826 1942 866 este

308 885 493 932 delictis
526 893 632 948 post
668 880 939 948 martyrium
979 887 1126 931 novis.
1206 882 1316 943 Quis
1363 886 1484 932 enim
1530 887 1577 933 in
1621 888 1762 934 terris
1801 896 1849 935 et
1884 889 1942 936 iu*

310 971 450 1003 carne
484 956 582 1002 sine
617 956 783 1018 culpa?
843 957 942 1019 quis
975 956 1354 1019 martyr-,seculi
1378 956 1558 1013 incola,
1592 953 1798 1022 denariis
1822 974 1929 1022 sup*

307 1027 505 1090 plex1),
554 1025 738 1079 medico
787 1025 1017 1072 obnoxius
1064 1035 1112 1072 et
1149 1027 1474 1077 foeneratori?
1539 1021 1816 1075 Putalffinc
1848 1029 1931 1079 sub

310 1095 468 1159 gladio
500 1097 591 1142 iam
625 1098 767 1159 capiti
799 1096 993 1152 librato,
1034 1105 1147 1159 puta
1176 1098 1223 1142 in
1254 1096 1462 1159 patibulo
1492 1097 1584 1144 iam
1615 1114 1817 1161 corpore
1850 1115 1928 1146 ex-

308 1183 479 1229 panso,
513 1174 625 1229 puta
655 1168 702 1213 in
735 1166 891 1228 stipite
923 1167 1012 1211 iam
1046 1166 1182 1213 leone
1215 1182 1469 1224 concesso,
1500 1175 1612 1230 puta
1633 1169 1690 1225 *in
1723 1184 1812 1216 axe
1841 1171 1930 1216 iam

308 1235 531 1283 incendio
564 1235 830 1293 adstructo,
863 1236 909 1281 in
941 1236 1063 1298 ipsa,
1098 1235 1228 1293 dico,
1262 1232 1522 1284 securitate.
1559 1240 1930 1302 etvpossessione

310 1307 548 1370 martyrii:
583 1307 683 1370 quis
714 1307 941 1370 permittit
972 1306 1143 1353 homini
1178 1306 1355 1354 donare
1383 1323 1500 1379 quae
1527 1307 1616 1371 deo
1646 1308 1942 1375 reservanda

312 1387 439 1434 sunt,
474 1394 501 1424 a
534 1393 623 1440 quo
665 1393 722 1424 ea
759 1379 860 1424 sine
900 1378 1204 1425 excusatione
1251 1376 1470 1425 damnata
1513 1387 1645 1435 sunt,
1691 1395 1822 1443 quae·
1847 1395 1934 1428 nec

312 1449 538 1512 apostoli,
573 1447 696 1511 quod
728 1448 893 1504 sciam,
936 1457 1167 1511 martyres
1207 1456 1255 1495 et
1293 1449 1382 1511 ipsi
1421 1447 1658 1497 donabilia
1696 1449 1928 1501 iudicave-

311 1522 448 1567 runt?
506 1518 718 1581 Denique
750 1520 847 1565 iam·
873 1518 932 1565 ad
962 1519 1137 1566 bestias
1170 1518 1522 1583 depugnaverat
1535 1517 1928 1584 ‘Paulus-Ephesi.

314 1606 416 1638 cum
448 1590 685 1638 interitum
718 1588 934 1636 decernit
964 1590 1227 1649 incesto2).
1277 1588 1495 1640 Sufficiat
1520 1590 1712 1655 martyri
1744 1592 1929 1656 propria

315 1660 487 1708 delicta
519 1676 761 1724 purgasse.
825 1660 1002 1722 Ingrati
1039 1662 1115 1707 vel
1147 1660 1336 1724 superbi
1382 1669 1455 1708 est
1498 1662 1544 1708 in
1589 1662 1708 1709 alios
1754 1678 1928 1726 quoque

314 1731 563 1795 spargere,
600 1730 722 1793 quod
754 1747 840 1794 pro
872 1747 1042 1793 magno
1073 1732 1217 1778 fuerit
1248 1740 1544 1781 consecutus·
1594 1732 1706 1791 Quis
1736 1733 1929 1780 alienam

313 1811 511 1849 mortem
543 1818 625 1848 sua
656 1802 815 1858 solvit,
858 1803 944 1848 nisi
984 1803 1108 1849 solus
1141 1801 1218 1849 dei
1263 1802 1415 1849 filius?
1486 1801 1607 1850 Nam
1652 1811 1701 1850 et
1744 1805 1791 1851 in
1836 1804 1929 1868 ipsa

312 1874 531 1938 passione
565 1873 783 1919 liberavit
814 1873 1059 1919 latronem.
1120 1871 1197 1919 Ad
1227 1872 1318 1920 hoc
1351 1874 1472 1920 enim
1501 1883 1721 1931 venerat,
1754 1883 1806 1921 ut
1834 1875 1881 1938 ip

314 1961 342 1991 a
373 1943 548 1990 delicto
580 1959 722 2007 purus
753 1951 802 1989 et
833 1944 987 1990 omnia
1017 1953 1206 1990 sanctus
1236 1959 1321 2007 pro
1347 1945 1680 2008 peccatoribus
1707 1944 1862 1992 obiret

313 2014 518 2062 Proinde
552 2015 628 2077 qui
658 2014 784 2061 illum
818 2014 1066 2061 aemularis
1098 2013 1316 2061 donando
1349 2011 1545 2073 delicta,
1578 2016 1617 2062 si
1642 2016 1705 2062 nil
1729 2015 1828 2079 ipse
1853 2013 1928 2066 de-

315 2086 510 2149 liquisti,
543 2085 681 2147 plane
713 2093 878 2147 patere
910 2100 997 2148 pro
1029 2100 1118 2131 me.
1195 2083 1246 2131 Si
1276 2100 1391 2133 vero
1430 2094 1659 2148 peccator
1701 2101 1776 2143 es,
1822 2101 1928 2149 quo·

316 2155 454 2203 modo
486 2155 640 2202 oleum
678 2155 862 2202 faculae
904 2164 1010 2202 tuae
1051 2155 1271 2202 sufficere
1310 2163 1361 2202 et
1391 2155 1475 2202 tibi
1514 2151 1702 2208 etmihi
1732 2157 1928 2220 poterit?

317 2226 480 2272 Habeo
527 2226 669 2272 etiam
714 2241 836 2271 nunc
882 2241 972 2287 quo
1017 2225 1212 2288 probem
1259 2225 1510 2272 Christum.
1587 2224 1638 2272 Si
1682 2235 1928 2290 propterea

318 2296 530 2343 Christus
560 2296 607 2341 in
639 2303 845 2358 martyre
878 2304 972 2351 est,
1004 2303 1055 2341 ut
1086 2295 1310 2342 moechos
1341 2304 1389 2342 et
1418 2295 1735 2350 fornicatores
1758 2305 1927 2360 martyi

317 2366 550 2420 absolvat,
584 2365 771 2412 occulta
804 2364 962 2412 cordis
993 2364 1171 2422 edicat,
1203 2373 1254 2412 ut
1283 2366 1349 2412 ita
1379 2364 1554 2413 delicta
1593 2364 1848 2424 concedat,
1889 2375 1928 2414 et

319 2437 530 2484 Christus
562 2445 648 2482 est.
711 2433 791 2482 Sic
824 2437 945 2482 enim
978 2434 1190 2483 dominus
1229 2435 1358 2483 Iesus
1398 2434 1610 2483 Christus
1653 2445 1942 2500 potestatem

319 2524 446 2555 suam
478 2506 706 2554 ostendit:
749 2505 869 2564 Quid
902 2507 1124 2569 cogitatis
1161 2522 1358 2569 nequam
1396 2507 1443 2553 in
1482 2506 1704 2555 cordibus
1739 2507 1927 2555 vestris}

321 2577 440 2637 Quid
471 2578 593 2624 enim
631 2577 816 2624 facilius
855 2585 928 2624 est
972 2575 1134 2624 dicere
1180 2577 1469 2641 paralytico:
1508 2575 1810 2637 vdimittuntur
1851 2577 1932 2626 tibi

319 2657 545 2713 peccata,
574 2656 675 2695 aut:
708 2663 847 2710 surge
880 2656 929 2694 et
958 2647 1172 2694 ambula?
1215 2647 1363 2710 Igitur
1391 2655 1443 2694 ut
1471 2648 1653 2706 sciatis,
1685 2648 1827 2696 filium
1851 2648 1928 2696 ho-

320 2719 453 2766 minis
491 2719 667 2766 habere
709 2717 1090 2766 dimittendorum
1125 2726 1428 2782 peccatorum
1467 2720 1514 2764 in
1551 2720 1692 2766 terris
1729 2727 1927 2782 potesta·

320 2798 436 2847 tem,
470 2789 555 2836 tibi
586 2788 695 2837 dico
726 2789 1012 2853 paralytice:
1045 2797 1267 2851 surge„et
1297 2788 1481 2836 ambula
1495 2789 1559 2848 4).
1635 2787 1687 2836 Si
1726 2788 1938 2841 dominus.-

320 2867 496 2906 tantum
528 2858 587 2908 de
618 2861 867 2924 potestatis
897 2875 1008 2907 suae
1040 2859 1332 2923 probatione⁴
1352 2859 1554 2917 curavit,
1585 2866 1637 2906 ut
1665 2858 1928 2913 traduceret

323 2930 579 2993 cogitatus,
626 2938 675 2977 et
718 2931 785 2978 ita
822 2930 1077 2994 imperaret
1106 2933 1373 2988 sanitatem,
1418 2945 1478 2978 ne
1520 2931 1615 2977 non
1661 2928 1934 2978 crederetur

436 3098 480 3148 1)
497 3093 646 3136 Matth.
665 3100 730 3148 20,
751 3102 776 3136 2
794 3111 881 3148 sqq.
969 3100 1015 3149 2)
1034 3103 1056 3138 1
1069 3102 1161 3141 Cor.
1181 3103 1246 3152 15,
1267 3103 1331 3140 32.
1379 3102 1417 3147 5,
1437 3100 1459 3138 3
1477 3110 1564 3147 sqq.
1652 3098 1697 3148 3)
1713 3098 1784 3138 Sic
1800 3097 1927 3136 Wou-

321 3154 423 3195 weri
437 3156 524 3194 MS.
542 3158 584 3193 et
602 3155 715 3204 Rig.;
747 3156 901 3194 ceteri:
930 3157 1183 3197 obediret.
1299 3158 1343 3207 4)
1358 3155 1506 3195 Matth.
1523 3157 1563 3206 9,
1580 3156 1608 3193 4
1622 3166 1712 3204 sqq.
1750 3204 1755 3207 Ὗ
