1942 3554
446 241 531 281 DE
557 240 932 282 VIRGINIBUS
962 240 1302 282 VELANmS.
1561 237 1683 283 211

169 357 241 406 ius
283 357 510 412 honorari
548 357 704 421 aliqua
739 356 1073 420 praerogativa
1109 356 1258 403 virilis
1289 363 1370 402 aut
1400 353 1573 419 gradus
1604 364 1684 403 aut

139 429 218 477 eii.
290 426 436 476 Plane
481 429 582 476 scio
627 427 801 475 alicubi
843 428 1074 489 virginem
1120 428 1166 473 in
1210 425 1415 474 viduatu
1446 426 1505 474 ab
1550 428 1685 475 annis

38 497 255 553 §undum
285 499 452 562 viginti
484 499 784 549 collocatam.
847 497 934 545 Cui
965 499 1004 545 si
1037 497 1145 562 quid
1176 499 1421 561 refrigerii
1454 497 1687 546 debuerat

38 556 326 654 «spiscopus,
359 571 499 617 aliter
528 571 687 634 utique
719 570 848 617 salvo
879 578 1103 633 respectu
1135 567 1412 632 disciplinae
1438 578 1686 634 praestare

33 640 42 684 ῗ
117 643 304 698 tuisset,
338 657 397 688 ne
427 641 523 688 tale
555 657 677 688 nunc
716 641 1013 698 miraculum,
1060 656 1118 687 ne
1165 638 1364 687 dixerim
1410 650 1682 698 monstrum,
1720 686 1725 690 ,

35 654 114 766 a?
130 713 338 761 ecclesia
369 711 700 769 denotaretur,
745 713 881 775 virgo
928 710 1090 770 vidua3
1136 711 1228 758 hoc
1275 711 1460 775 quidem
1491 721 1688 776 porten-

23 799 30 836 ζ
63 775 70 786 ’
102 785 257 842 osior,
291 782 416 848 quod
446 798 536 831 nec
568 799 658 847 qua
686 782 826 830 vidua
859 791 999 846 caput
1028 784 1170 839 texit,
1211 791 1457 846 utrumque
1504 800 1554 831 se
1602 799 1686 830 ne-

37 874 47 919 .
84 871 192 914 ans,
225 863 275 903 et
301 855 556 918 virginem,
588 870 707 918 quae
740 853 877 901 vidua
909 852 1182 916 deputetur,
1230 862 1279 900 et
1307 853 1517 911 viduam,
1566 870 1686 918 quae

80 925 188 991 'ii-go
220 924 438 973 dicatur:
483 923 581 972 Sed
612 941 669 973 ea
700 925 985 972 auctoritate
1025 924 1122 970 illic
1163 922 1300 971 sedet
1343 925 1547 982 intecta,
1576 923 1687 989 *qua

34 1019 42 1040 ι
78 1006 103 1045 't
128 997 289 1061 virgo,
336 995 397 1044 ad
442 993 783 1060 quam'sedem
829 1003 1023 1058 praeter
1067 1011 1215 1042 annos
1247 996 1495 1058 sexaginta
1513 998 1558 1056 1)
1591 1013 1686 1043 non

48 1129 51 1131 ‚
100 1068 232 1116 utum
261 1067 496 1124 univirae,
529 1065 577 1114 id
608 1075 685 1116 est
712 1075 907 1130 nuptae,
941 1064 1194 1129 aliquando
1226 1067 1487 1130 eliguntur,
1522 1065 1619 1114 sed·
1640 1076 1690 1115 et

10 1073 227 1199 'gatres
257 1147 307 1187 et
336 1137 522 1203 quidem
555 1135 855 1185 educatrices
901 1137 1124 1194 filiorum,
1172 1138 1360 1185 scilicet
1403 1147 1455 1185 ut
1500 1140 1690 1203 experi-

43 1204 224 1267 hentis
254 1198 740 1257 omninmaffcctuum
773 1217 982 1256 structae
1030 1208 1170 1255 facile
1218 1210 1376 1256 norint
1422 1218 1609 1257 ceteras
1641 1219 1691 1258 et

37 1282 254 1342 ,bonsilio
285 1289 335 1329 et
364 1281 534 1329 solatio
566 1281 751 1337 iuvare,
800 1288 848 1327 et
884 1288 935 1327 ut
972 1280 1272 1327 nihilominus
1309 1296 1368 1327 ea
1399 1279 1690 1328 decucurre-

11 1346 169 1411 lli-int,
201 1367 288 1417 per
318 1366 438 1416 quae
468 1352 645 1409 femina
688 1350 880 1414 probari
923 1359 1098 1415 potest.
1172 1349 1312 1399 Adeo
1358 1351 1473 1400 nihil
1517 1353 1689 1416 virgini

0 1413 7 1465 ῗ
37 1423 114 1479 ml
144 1425 373 1472 honorem
405 1421 465 1470 de
498 1423 606 1470 loco
637 1423 912 1487 permissum
945 1430 1032 1469 est.
1484 1436 1486 1438 ·
1576 1414 1579 1420 ’

0 1497 67 1553 [ie
198 1499 278 1545 10.
342 1493 424 1542 Sic
463 1492 558 1555 [nec
605 1492 663 1541 de
709 1494 940 1557 aliquibus
979 1493 1254 1556 insignibus.
1319 1492 1542 1542 Ceterum
1576 1496 1691 1542 satis

0 1558 375 1630 ‘finhumanunh
420 1565 460 1612 si
504 1565 707 1612 feminae
755 1563 941 1628 quidem
988 1580 1076 1628 per
1121 1566 1277 1612 onmia
1320 1566 1435 1612 viris
1474 1566 1690 1614 subditae

29 1698 31 1701 v
118 1639 388 1699 norigeram
420 1644 578 1693 notam
608 1637 894 1700 virginitatis
926 1651 1038 1682 suae
1070 1636 1368 1700 praeferant,
1418 1653 1509 1701 qua
1540 1639 1691 1701 suspi-

85 1709 245 1756 iantur
284 1716 335 1756 et
378 1708 822 1772 circumspiciantur
867 1715 916 1754 et
959 1707 1323 1770 magnificentur
1367 1723 1394 1754 a
1439 1708 1689 1767 fratribus3

84 1781 143 1828 iri
188 1786 368 1837 autem,
415 1787 490 1830 tot
530 1778 763 1841 virgines,
812 1786 885 1830 tot
927 1777 1162 1840 spadones
1205 1778 1484 1839 voluntarii,
1541 1795 1690 1827 caeco

7 1843 10 1845 ’
46 1913 51 1916 ¹
117 1866 179 1898 no
211 1867 301 1898 suo·
327 1840 592 1907 incedant,
619 1850 733 1896 nihil
779 1857 1043 1911 gestanteS,
1092 1847 1216 1912 quod
1262 1858 1311 1896 ct
1340 1850 1467 1912 ipsos
1506 1851 1693 1898 faceret

48 1921 277 1970 illustres.
323 1919 575 1968 Debebunt
604 1921 745 1967 etiam
777 1928 826 1967 et
855 1920 944 1983 ipsi
989 1920 1147 1983 aliqua
1178 1920 1266 1966 sibi
1298 1921 1501 1983 insignia
1526 1919 1692 1969 defen-

15 1986 38 2053 }
53 1991 196 2050 dere,
227 1996 310 2039 aut
338 2006 517 2056 pennas
551 1989 882 2038 Garamantum
914 1999 996 2037 aut
1036 1990 1260 2054 crobylos
1276 1992 1322 2050 2)
1362 1991 1690 2050 barbarorum,

23 2063 33 2080 ⁴
55 2073 137 2112 aut
167 2061 359 2111 cicadas
387 2060 746 2110 Atheniensium
792 2070 873 2108 aut
919 2063 1070 2108 cirros
1105 2060 1445 2109 Germanorum
1491 2072 1573 2112 aut
1609 2065 1694 2111 sti-

17 2128 213 2198 {ggnata
242 2133 509 2191 Britonum,
541 2141 623 2180 aut
652 2149 713 2181 ex
743 2133 929 2183 diverso
963 2132 1058 2190 fiat,
1101 2134 1256 2196 capite
1286 2134 1430 2180 velati
1462 2135 1508 2180 in
1535 2135 1695 2182 eccle·

19 2222 126 2265 ÷J¹
155 2206 349 2253 lateant.
413 2203 543 2252 Certi
589 2221 743 2252 snmus
789 2204 1002 2268 spiritum
1041 2212 1252 2251 sanctum
1291 2206 1442 2268 magis
1472 2206 1695 2253 masculis

17 2268 22 2274 ⁴
106 2277 151 2324 le
181 2274 359 2340 aliquid
388 2275 689 2324 subscribere
720 2277 955 2340 potuisse,
1003 2276 1042 2322 si
1086 2275 1273 2322 feminis
1317 2276 1693 2341 subscripsisset,

42 2411 44 2414 .
85 2353 160 2396 nm
189 2355 386 2412 praeter
413 2362 554 2394 sexus
584 2348 942 2404 auctoritatem,
989 2347 1130 2393 etiam
1177 2347 1322 2410 ipsius
1369 2349 1693 2396 continentiae

47 2416 61 2471 s
88 2419 246 2467 omine
267 2418 501 2466 masculos
523 2419 681 2482 potius
706 2419 931 2465 honorari
957 2418 1260 2481 oportuisset.
1296 2417 1498 2480 Quarum
1518 2428 1692 2482 quanto

44 2506 197 2538 exus
227 2488 412 2553 avidior
441 2497 491 2536 et
520 2488 722 2536 calidior
751 2490 799 2535 in
830 2490 1050 2544 feminas,
1098 2497 1230 2534 tanto
1272 2490 1566 2536 continentia
1596 2506 1695 2537 ma·-

37 2561 174 2609 .=·'ris
203 2558 389 2607 ardoris
420 2559 683 2607 laboratior
711 2558 915 2621 ideoque
948 2557 1139 2619 dignior
1183 2558 1308 2604 omni
1355 2561 1692 2618 ostentatione,

42 2633 99 2681 εἰ
128 2631 385 2679 ostentatio
414 2630 702 2693 virginitatis
733 2638 806 2676 est
836 2628 1055 2691 dignitas.
1118 2627 1228 2675 Non
1275 2630 1399 2676 euim
1446 2639 1494 2677 et
1540 2632 1694 2678 conti-

35 2695 49 2767 ¹·
103 2724 105 2729 ·
133 2703 219 2750 tia
246 2694 509 2764 virginitati
539 2701 754 2758 antistat,
787 2701 884 2747 sive
914 2698 1184 2756 viduorum,
1226 2700 1328 2746 ¹sive
1370 2701 1446 2764 qui
1486 2717 1547 2748 ex
1578 2718 1694 2749 con-

33 2770 130 2832 g..·
172 2790 199 2821 n
230 2772 561 2821 contumeliam
594 2786 885 2818 communem
917 2771 1009 2816 iam
1040 2779 1395 2817 recusaverunt.
1458 2770 1580 2819 Nam
1595 2774 1693 2820 vir—

42 2845 234 2909 „4'nitas
265 2844 419 2907 gratia
451 2850 659 2899 constat,
693 2842 985 2889 continentia
1015 2856 1129 2887 vero
1160 2841 1351 2889 virtute.
1427 2841 1538 2890 Non
1577 2860 1693 2891 con-

55 2951 63 2958 ,
90 2913 362 2980 apiscendi,
395 2914 471 2961 cui
503 2911 885 2977 concupiscendo
925 2911 1195 2969 inoleveriS,
1229 2911 1409 2976 grande
1449 2923 1691 2963 certamen

51 3131 55 3134 .
175 3097 219 3148 1)
246 3099 270 3135 1
287 3070 393 3135 Tim.
413 3101 450 3145 5,
475 3101 513 3135 9.
643 3098 688 3146 2)
706 3097 932 3135 Rhenanus
950 3071 990 3134 in
1010 3098 1073 3135 ed.
1092 3099 1121 3134 1.
1139 3099 1436 3148 scrobu1023
1468 3101 1691 3140 Gelenius:

91 3155 333 3193 trobulon
358 3151 674 3209 (στροβίλους);
704 3155 938 3192 Salmasius
955 3158 996 3192 et
1015 3154 1166 3204 Rigalt.
1184 3157 1482 3206 ntropulos;
1509 3157 1689 3197 ed.Fra-

43 3211 208 3252 ·‹·eker.
226 3214 268 3250 et
284 3211 494 3250 Priorius:
529 3223 550 3248 c
562 3222 616 3249 ro
627 3214 650 3250 b
662 3211 744 3259 ylo
756 3223 774 3249 s
807 3208 1103 3266 (κρωβύλους).

442 3307 464 3335 ,
1238 3271 1334 3319 14*
