1942 3554
300 201 383 248 38
876 203 958 241 DE
994 203 1323 243 BAPTISMO.

298 317 605 363 intermutatis
635 312 842 360 manibus
872 313 1191 371 benedixerit,
1223 313 1477 378 etquidem
1506 317 1573 364 ita
1599 322 1897 369 transversim

296 385 542 447 obliquatis
574 386 620 431 in
651 399 725 439 se,
756 392 808 430 ut
838 383 1070 430 Christum
1101 383 1418 433 deformantes
1447 386 1677 435 iamsune
1705 397 1897 452 porten-

293 454 461 501 derent
488 453 865 501 benedictionem
897 455 943 500 in
975 453 1208 501 Christum
1238 455 1455 502 futuram.
1527 456 1656 504 Tunc
1680 457 1760 505 ille
1791 475 1898 506 san-

292 525 520 571 ctissimus
551 525 738 588 spiritus
769 539 910 587 super
939 523 1186 572 emundata
1229 533 1278 571 et
1319 524 1573 573 benedicta
1610 543 1812 591 corpora
1841 529 1899 576 li-

288 595 405 641 bens
436 610 463 641 a
491 603 624 658 patre
657 593 927 652 descendit3
967 607 1108 658 super
1135 594 1351 658 baptismi
1381 612 1524 660 aquas
1553 605 1768 661 tanquam
1798 600 1894 662 pri-

288 665 454 711 stinam
499 664 657 711 sedem
701 680 1051 726 recognoscens
1098 666 1410 728 conquiescit,
1459 667 1699 715 columbae
1745 668 1901 731 figura,

284 733 500 799 delapsus
530 736 577 782 in
608 733 862 792 dominum,
895 744 945 781 ut
974 743 1140 781 natura
1169 736 1357 798 spiritus
1387 737 1539 784 sancti
1569 735 1893 786 declararetur

282 821 370 868 per
399 805 566 852 animal
597 806 905 868 simplicitatis
936 814 983 852 et
1013 806 1336 864 innocentiae,
1384 805 1508 870 quod
1552 808 1690 854 etiam
1723 824 1899 872 corpo-5

281 876 447 922 raliter
474 876 575 939 ipso
606 876 716 922 felle
749 884 911 922 careat
941 875 1169 922 columba.
1243 875 1476 940 Ideoque,
1505 885 1681 935 estote,
1727 879 1889 941 inquit,
1941 940 1942 945 1

281 946 514 1008 simplices
545 946 665 992 sicut
694 946 936 992 columbae
955 947 1024 1006 1),
1055 961 1115 992 ne
1145 946 1236 993 hoc
1269 945 1451 1010 quidem
1482 948 1584 995 sine
1613 957 1888 1011 argumento

278 1014 608 1078 praecedentis
640 1015 832 1078 figurae.
909 1014 1303 1074 Quemadmodum
1334 1018 1456 1064 enim
1499 1026 1607 1081 post
1643 1034 1785 1082 aquas
1817 1017 1888 1066 di-
1934 1029 1942 1034 “

279 1086 414 1143 luvii,
448 1086 610 1148 quibus
640 1087 857 1148 iniquitas
888 1087 1077 1148 antiqua
1105 1095 1304 1149 purgata
1334 1095 1427 1144 est,
1458 1096 1566 1150 post
1593 1087 1884 1152 baptismum,

276 1164 327 1201 ut
356 1157 422 1201 ita
452 1154 672 1211 dixerim,
705 1154 860 1201 mundi
890 1171 1054 1218 pacem
1087 1156 1307 1203 coelestis
1337 1157 1437 1203 irae
1467 1172 1640 1219 praeco
1674 1158 1887 1207 columba

278 1226 416 1271 terris
462 1225 750 1271 adnuntiavit
795 1224 983 1271 dimissa
1028 1241 1088 1272 cx
1131 1241 1242 1272 arca
1288 1234 1337 1273 et
1381 1242 1483 1273 cum
1528 1227 1638 1274 olea
1677 1243 1884 1287 reversa,

276 1293 400 1357 quod
431 1297 609 1358 signum
641 1296 779 1342 etiam
811 1294 932 1358 apud
963 1293 1177 1342 nationes
1205 1296 1313 1359 paci
1342 1291 1688 1362 praetenditur:
1719 1297 1884 1346 eadem

276 1364 580 1428 dispositione
614 1365 833 1428 spiritalis
865 1365 1060 1413 effectus
1090 1374 1271 1424 terrae,
1315 1365 1364 1413 id
1395 1375 1487 1424 est,
1534 1368 1663 1423 carni
1694 1376 1883 1416 nostrae

274 1437 533 1498 emergenti
571 1435 629 1483 de
668 1436 856 1483 lavacro
902 1445 1009 1500 post
1049 1445 1214 1484 vetera
1257 1434 1432 1484 delicta
1477 1437 1690 1485 columba
1733 1440 1883 1487 sancti

273 1507 461 1569 spiritus
492 1505 701 1562 advolat,
734 1522 898 1569 pacem
931 1505 1006 1553 dei
1036 1506 1264 1564 afferens,
1297 1506 1553 1554 emissa'de
1586 1508 1756 1566 coelis,
1802 1509 1883 1558 ubi

272 1577 477 1623 ecclesia
507 1586 579 1623 est
609 1592 721 1623 arca
752 1576 964 1638 figurata.
1027 1575 1122 1624 Sed
1147 1575 1340 1624 mundus
1365 1593 1522 1624 rursus
1547 1576 1755 1642 deliquit,
1789 1595 1879 1642 quo

270 1647 389 1693 male
422 1656 720 1710 comparetur
749 1646 1000 1709 baptismus
1032 1645 1221 1694 diluvio.
1282 1645 1444 1710 Itaque
1474 1648 1572 1710 igni
1603 1647 1877 1707 destinatur,

271 1718 391 1763 sicut
420 1726 468 1764 et
497 1717 658 1774 homo,
692 1718 767 1779 qui
796 1726 903 1779 post
931 1717 1205 1780 baptismum
1228 1708 1405 1764 vdelicta
1428 1725 1682 1776 restaurat,
1713 1727 1763 1765 ut
1786 1718 1876 1766 hoc
1932 1746 1935 1747 ν

277 1802 451 1851 quoque
483 1788 529 1834 in
560 1789 740 1850 signum
771 1785 1100 1834 admonitionis
1129 1795 1318 1834 nostrae
1350 1785 1522 1835 debeat
1550 1788 1718 1852 accipi.

409 1862 456 1909 9.
519 1857 643 1916 Quot
685 1857 828 1918 igitur
871 1858 1136 1920 patrocinia
1189 1866 1406 1916 naturae,
1467 1867 1580 1922 quot
1629 1858 1876 1922 privilegia

267 1929 471 1990 gratiae,
505 1936 616 1991 quot
639 1927 881 1974 sollemnia
905 1927 1206 1991 disciplinae,
1235 1927 1428 1990 figurae,
1459 1930 1873 1992 praestructiones,

265 2000 565 2061 precationes
596 1999 872 2060 religionem
903 2014 1051 2062 aquae
1083 1997 1445 2046 ordinaverunt?
1500 1997 1655 2046 Primo
1689 1998 1873 2063 quidem

267 2085 400 2132 quum
430 2069 626 2132 populus
657 2067 715 2115 de
744 2066 966 2131 Aegypto
999 2069 1147 2116 libere
1192 2067 1437 2132 expeditus
1481 2070 1586 2117 vim'
1616 2071 1743 2132 regis
1772 2068 1871 2117 Ae-

266 2135 396 2202 gypti
425 2155 513 2202 per
541 2155 706 2202 aquam
735 2146 1054 2200 transgressus
1085 2137 1441 2203 evadit‚‘ipsum
1471 2155 1632 2202 regem
1664 2153 1766 2187 cum
1797 2148 1870 2186 to-

263 2209 321 2254 tis
352 2210 500 2271 copiis
530 2225 650 2271 aqua
679 2209 926 2263 exstinxit..
999 2208 1127 2267 Quae
1173 2210 1322 2272 figura
1363 2210 1654 2257 manifestior
1696 2210 1744 2256 in
1787 2209 1870 2256 ba-

261 2279 414 2342 ptismi
431 2281 755 2326 sacramento?
783 2277 1064 2325 Liberantur
1085 2277 1144 2325 de
1169 2279 1328 2325 seculo
1353 2280 1567 2326 nationes
1588 2294 1676 2342 per
1703 2295 1868 2342 aquam

262 2348 468 2406 scilicet,
515 2357 564 2396 et
607 2347 839 2396 diabolum
884 2347 1222 2395 dominatorem
1264 2349 1504 2410 pristinum
1549 2349 1595 2394 in
1633 2363 1752 2412 aqua
1783 2365 1867 2412 op-

261 2434 469 2482 pressum
501 2417 840 2482 derelinquunt.
915 2417 1030 2465 Item
1075 2433 1194 2481 aqua
1238 2416 1295 2464 de
1327 2416 1645 2464 amaritudinis
1672 2419 1787 2466 vitio
1817 2419 1866 2466 in

262 2505 391 2535 suum
407 2490 454 2550 2)
516 2488 806 2536 commodum
863 2488 1102 2536 suavitatis
1158 2487 1310 2535 Mosei
1368 2488 1494 2551 ligno
1561 2487 1862 2536 remediatur.

260 2558 457 2622 Lignum
487 2558 602 2606 illud
631 2569 734 2606 erat
764 2559 1004 2615 Christus,
1035 2566 1292 2606 venenatae
1329 2566 1378 2605 et
1405 2574 1591 2605 amarae
1622 2566 1750 2606 retro
1781 2575 1864 2606 na·
1910 2620 1913 2621 ⁷

260 2638 392 2677 turae
422 2646 564 2678 venas
594 2631 640 2676 in
671 2630 999 2677 saluberrimas
1029 2644 1171 2692 aquas
1199 2628 1412 2692 baptismi
1456 2629 1638 2676 scilicet
1667 2644 1728 2676 ex
1756 2644 1861 2677 sese

260 2699 537 2747 remedians.
613 2701 741 2748 Haec
773 2709 845 2747 est
873 2715 1014 2763 aqua,
1060 2715 1176 2762 quae
1215 2697 1272 2746 de
1311 2699 1479 2746 comite
1517 2706 1652 2762 petra
1686 2699 1859 2764 populo

261 2769 510 2817 defluebat.
601 2769 818 2818 Sienim
862 2778 997 2834 petra
1041 2768 1272 2827 Christus,
1318 2769 1416 2816 sine
1463 2767 1602 2834 dubio
1648 2784 1768 2838 aqua
1811 2769 1860 2816 in

261 2840 446 2887 Christo
477 2841 750 2904 baptismum
779 2839 992 2888 videmus.
1014 2838 1246 2886 benedici.
1322 2837 1502 2898 Quanta
1526 2833 1674 2903 aquae
1705 2839 1858 2902 gratia

259 2925 409 2974 penes.
434 2909 571 2958 deum
601 2921 648 2958 et
678 2911 909 2959 Christum
939 2911 1038 2958 eius
1082 2918 1156 2958 est
1197 2908 1256 2957 ad
1297 2909 1512 2974 baptismi
1543 2909 1857 2974 confirmatio-

370 3093 419 3141 1)
444 3094 593 3132 Matth.
612 3095 676 3144 10,
697 3095 767 3131 16.
875 3095 921 3144 2)
949 3095 1142 3132 Lattmet
1158 3093 1244 3142 Rig.
1270 3092 1319 3131 in
1350 3104 1494 3133 usum
1523 3103 1646 3130 com.
1675 3091 1870 3136 §mavi-v
1908 3083 1912 3085 ξ

259 3150 402 3188 tatis.

1932 1323 1942 1416 ..-Λ-...ΑΔ
1936 1261 1942 1306 ..m
1940 1231 1942 1239 .„
1939 1209 1942 1214 .
