1942 3554
1876 0 1913 146 ξ

1899 158 1909 174 ,ι

1896 183 1908 198 'l

331 296 479 349 forte,
526 292 650 337 inter
687 305 802 353 quos
833 289 982 335 latere
1013 288 1233 334 ieiunium
1264 289 1311 333 in
1340 295 1487 336 totum
1517 302 1611 334 non
1649 287 1808 348 datur,
1856 279 1942 345 cmi:

331 364 459 409 ferre
489 375 669 424 pacem.
733 357 1006 421 Ubicunque
1032 366 1185 404 autem
1216 357 1327 403 alibi
1359 358 1679 422 operationem
1709 367 1833 406 tuam
1863 352 1942 425 a*

333 430 565 479 scondere
595 438 754 492 potes,
788 427 933 475 debes
963 428 1225 474 meminisse
1255 428 1523 490 praeceptig
1560 429 1626 474 ita
1665 437 1713 476 et
1742 428 1885 496 disci·
1938 477 1942 480 .

332 517 420 548 nae
467 501 608 557 foris,
655 507 705 546 et
749 496 1075 546 consuetudini
1118 495 1244 543 domi
1290 497 1565 545 satisfacies.
1656 496 1736 546 Sic
1781 508 1831 546 et
1909 495 1942 507 '¹

332 570 567 627 Paschae,
602 586 691 633 quo
726 569 980 616 communis
1012 576 1062 614 et
1092 568 1222 630 quasi
1252 567 1439 630 publica
1468 568 1639 615 ieiunii·
1659 569 1828 632 religio
1859 589 1862 592 ⁴
1913 577 1942 634 J

333 642 501 688 merito
548 639 821 703 deponimus
868 638 1098 695 osculum,r
1144 637 1258 683 nihil
1305 645 1542 684 curantes·
1566 637 1624 685 (10·
1671 640 1886 687 occulta

336 710 460 775 quod
492 718 594 757 οιιιιι
626 710 836 764 omnibus
866 709 1091 756 faciamus
1115 707 1177 767 1).
1239 705 1466 773 Similiter
1495 716 1546 755 et
1573 710 1822 756 stationum
1853 710 1882 759 d

334 783 420 829 bus
451 798 543 827 non
573 789 737 844 putant
774 781 985 844 plerique
1031 778 1370 826 sacrificiolum
1416 779 1704 826 orationibus
1748 780 1942 832 interssi

336 851 581 908 niendum,
616 849 741 914 quod
772 851 911 896 statio
944 847 1168 895 solvenda
1198 849 1258 894 sit
1287 856 1488 911 accepto
1530 853 1732 912 corpore
1763 838 1942 923 domiffl

331 179 416 224 ιο
911 176 994 215 DE
1033 174 1372 214 ORATmNE.

337 922 466 985 Ergo
499 920 716 968 devotum
748 918 838 966 deo
872 919 1143 981 obsequium
1169 918 1453 964 eucharistia
1475 919 1692 976 resolvit,
1725 936 1784 966 an
1808 937 1882 968 ma

336 992 429 1040 (100
477 992 687 1054 obligat?
744 989 915 1036 Nonne
961 989 1234 1036 sollemnior
1277 989 1369 1034 erit
1413 990 1553 1035 statio
1600 997 1702 1047 tua,
1750 991 1789 1037 si
1820 912 1942 1054 ωε

339 1079 467 1109 aram
500 1060 576 1107 dei
609 1061 827 1107 steteris?
891 1058 1108 1121 Accepto
1155 1073 1358 1120 corpore
1405 1056 1578 1105 domini
1623 1067 1672 1106 et
1713 1075 1877 1107 reserv

338 1142 582 1194 utrumque
613 1131 788 1176 salvum
819 1138 913 1186 est,
961 1137 1010 1175 et
1053 1128 1353 1190 participatio
1393 1128 1615 1174 sacrificii
1652 1137 1703 1176 et
1739 1145 1889 1178 execu

339 1202 503 1248 officii.
581 1199 633 1246 Si
664 1200 803 1246 statio
836 1197 894 1245 de
926 1198 1114 1244 militari
1146 1197 1360 1260 exemplo
1391 1210 1560 1245 nomen
1591 1199 1786 1262 accipit,
1836 1205 1853 1260 (
1896 1251 1899 1261 ‚
1927 1245 1930 1247 ,

341 1281 391 1319 et
420 1271 585 1318 militia
616 1268 692 1316 dei
723 1284 875 1316 sumus
886 1271 928 1327 ‚)
951 1268 1133 1330 utique
1165 1267 1290 1314 nulla
1321 1266 1500 1313 laetitia
1530 1268 1626 1316 sive
1657 1270 1846 1317 tristitia

340 1342 535 1389 veniens
568 1340 756 1395 eastris,
805 1328 1031 1385 stationes
1076 1338 1270 1384 militum
1314 1336 1556 1385 rescindit.
1630 1337 1750 1386 Nam
1781 1340 1854 1389 lae
1885 1336 1898 1399 J

343 1413 584 1468 libentius,
616 1411 808 1457 tristitia
838 1409 1086 1456 sollicitius
1117 1406 1460 1454 administrabit
1489 1406 1781 1472 disciplinam
1804 1412 1868 1471 2).
1889 1400 1942 1470 ⁵⁵⁴.

489 1486 568 1531 15.
594 1481 640 1539 3)
716 1479 786 1526 De
832 1478 992 1525 habitu
1034 1493 1149 1525 vero
1196 1476 1420 1524 duntaxat
1456 1478 1730 1526 feminarum
1758 1482 1857 1528 vari
1917 1475 1942 1540 f

345 1552 687 1600 observationis
733 1550 880 1596 efficit
922 1557 1031 1612 post
1073 1548 1413 1595 sanctissimum
1458 1549 1719 1611 apostolum
1764 1566 1848 1599 nos
1870 1545 1920 1606 ᾖ

346 1623 543 1670 maxime
590 1622 757 1667 nullius
803 1620 897 1666 loci
942 1619 1153 1664 homines
1198 1616 1492 1680 impudenter
1534 1627 1821 1678 retractare,
1872 1618 1942 1679 Μ

346 1691 471 1756 quod
516 1707 609 1737 non
655 1688 971 1753 impudenter,
1033 1689 1071 1734 si
1117 1686 1369 1735 secundum
1421 1689 1681 1751 apostolum
1732 1681 1942 1816 reti-afli

347 1779 461 1810 ιιιιιε.
537 1760 606 1808 De
652 1759 882 1806 modestia
921 1757 1114 1821 quidem·
1145 1758 1295 1804 cultus
1334 1765 1383 1804 et
1413 1767 1605 1805 ornatus
1633 1769 1800 1822 aperta
1827 1775 1908 1826 pra

349 1832 543 1911 scriptio
576 1839 648 1877 cst
678 1831 818 1877 ctiam
848 1828 999 1885 Petri,
1034 1827 1296 1874 cohibentis
1327 1817 1493 1874 eodem
1525 1844 1632 1886 ore,
1663 1843 1775 1892 quia
1798 1846 1856 1878 eo

349 1912 399 1950 et
428 1902 616 1966 spiritu,
651 1917 740 1963 quo
771 1899 963 1957 Paulus,
997 1907 1046 1945 et
1066 1899 1261 1945 vestium
1281 1898 1484 1960 gloriam
1507 1907 1557 1946 et
1578 1900 1680 1946 auri
1703 1828 1942 1996 superba

351 1982 401 2020 et
430 1973 625 2019 crinium
656 1971 889 2017 lenoniam
912 1970 959 2029 4)
993 1969 1341 2033 operositatem.
1869 1967 1895 2030 a}

495 2046 574 2093 16.
600 2044 645 2100 5)
708 2039 804 2087 Sed
843 2038 966 2103 quod
1004 2040 1269 2103 promiscue
1310 2038 1588 2086 observatur
1625 2053 1713 2103 per
1738 2038 1925 2103 'eccleji'

353 2113 483 2176 quasi
514 2113 765 2168 incertum,
805 2104 854 2157 id
883 2108 1232 2157 retractandum
1263 2117 1357 2165 est,
1402 2108 1611 2156 velarine
1644 2108 1859 2158 debeant
1915 2146 1926 2167 -7

353 2184 508 2245 gines,
555 2197 614 2227 an
659 2197 766 2226 non.
842 2180 931 2238 Qui
969 2181 1091 2226 enim
1127 2178 1384 2241 virginibus
1414 2177 1658 2241 indulgent
1686 2182 1908 2246 capitis„

353 2253 646 2307 munitatem,
678 2250 769 2296 hoc
801 2251 885 2296 niti
914 2248 1154 2305 videntur,
1195 2247 1318 2311 qnod
1356 2249 1595 2312 apostolus
1633 2266 1726 2296 non
1762 2252 1836 2298 vir
1879 2257 1898 2312 J

355 2322 648 2377 nominatim,
695 2318 778 2366 sed
816 2319 1034 2366 mulieres
1073 2317 1391 2380 designaverit
1426 2317 1648 2366 velandas
1694 2335 1822 2380 esse3

356 2408 539 2448 sexum,
572 2399 622 2436 ut
652 2388 834 2436 diceret
863 2389 1079 2445 feminas,
1126 2386 1210 2435 sed
1237 2386 1433 2450 ⁴gradum
1472 2398 1610 2436 sexus
1641 2388 1880 2450 dicendos⁴

358 2464 500 2510 lieres
522 2462 586 2520 6).
661 2459 782 2506 Nam
812 2460 852 2506 si
881 2475 1039 2508 sexum
1070 2459 1354 2505 nominasset
1382 2459 1578 2506 feminas
1616 2458 1841 2520 dicendo,

359 2533 510 2580 solute
542 2530 782 2580 definisset
811 2527 869 2576 de
901 2530 1024 2576 omni
1055 2529 1263 2576 muliere.
1322 2526 1419 2576 Aut
1449 2543 1584 2594 quum
1613 2546 1775 2583 unum.

362 2619 502 2651 sexus
534 2602 762 2664 nominat,
802 2600 942 2648 alium
971 2598 1172 2647 tacendo
1203 2600 1423 2665 secernit.
1463 2600 1483 2612 “
1511 2598 1682 2648 Potuit.
1712 2603 1861 2662 enimf

477 2829 521 2877 1)
555 2828 653 2874 Cap.
671 2829 735 2864 19.
758 2828 960 2877 Murator.
1074 2825 1119 2874 2)
1152 2826 1270 2870 Quae
1286 2828 1523 2874 sequuntur
1545 2826 1706 2876 primm
1723 2836 1751 2865 e
1765 2827 1858 2867 cod.

364 2884 561 2922 brosiano
578 2883 730 2921 adiecit
754 2883 1038 2931 Muratorius‚
1062 2883 1269 2931 Rigaltius
1293 2883 1402 2920 enim
1419 2895 1468 2921 ea
1491 2886 1677 2934 tantum,
1707 2895 1814 2932 quae
1841 2885 1851 2895 '
1889 2885 1909 2927 ‘f

366 2951 432 2977 vv.
478 2941 548 2977 De
585 2940 766 2977 habitu
797 2951 928 2987 unque
958 2939 1010 2977 ad
1034 2951 1098 2985 vv.
1136 2939 1268 2986 quod
1313 2941 1575 2987 promiscu
1593 2951 1615 2977 e
1660 2942 1846 2979 observ
1910 2955 1913 2969 ³

368 3007 457 3044 per
489 2996 770 3045 ecclesias,
803 3007 952 3044 quas,
982 2995 1028 3033 in
1053 2996 1143 3034 cod.
1160 3007 1238 3033 suo
1255 2995 1484 3035 invenerat.
1598 2995 1644 3044 3)
1674 2997 1774 3045 Gap.
1792 2999 1858 3035 2⁰.
1894 3023 1902 3038 ,-

366 3054 496 3090 rator.
574 3049 622 3103 4)
641 3052 738 3089 cod.
754 3052 1200 3092 Ambrosalenonem
1220 3053 1602 3101 morositatem,
1630 3053 1785 3091 murat.
1801 3056 1844 3092 et
1891 3055 1904 3088 5

367 3107 603 3147 lenonem
632 3108 1020 3156 operositatem.
1108 3104 1152 3160 5)
1177 3109 1276 3157 Cap.
1295 3111 1362 3147 21.
1377 3110 1532 3149 Mutat.
1617 3107 1824 3159 6)1cor.
1875 3112 1905 3161 Δὶ
