1942 3554
303 220 425 266 218
688 223 771 261 DE
801 223 1171 263 VIRGINIBUS
1200 224 1539 268 VELANDIS.

303 337 459 398 iugum
490 336 672 382 illarum
703 343 790 382 est.
853 334 1131 383 Iudicabunt
1158 354 1243 385 vos
1260 339 1305 399 1)
1335 336 1545 388 Arabiae
1575 340 1776 389 feminae
1814 343 1916 392 eth-

302 407 455 462 nicae,
489 421 606 468 quae
637 421 731 452 non
764 405 918 469 capu‘t,
952 406 1035 453 sed
1065 408 1234 455 faciem
1266 407 1450 473 quoque
1480 411 1547 457 ita
1568 419 1714 459 totam
1737 420 1916 476 tegunt,

302 484 351 522 ut
380 491 472 522 uno
506 476 643 523 oculo
683 475 882 523 liberato
924 486 1176 526 contentae
1215 480 1307 526 sint
1339 479 1581 528 dimidiam
1619 482 1711 529 frui
1749 483 1930 544 lucem.

301 562 434 609 quam
465 555 611 593 totam
641 547 812 594 faciem
843 549 1145 610 prostituere.
1184 549 1362 598 Mavult
1391 551 1563 599 femina
1591 551 1753 600 videre
1786 570 1932 621 quaqe

296 616 464 664 videri.
528 616 651 675 Quas
683 626 941 681 propterea
971 619 1317 668 infelicissimas
1348 622 1416 668 ait
1445 621 1654 670 Romana
1694 623 1934 687 quaedam.

298 689 486 749 regina,
534 686 659 751 quod
703 687 923 736 adamare
969 691 1118 752 magis
1165 707 1298 754 quam
1337 690 1544 740 adamari
1580 695 1934 757 possint3'cu1m

298 759 392 805 sint
419 759 494 805 vel
534 774 595 806 ex
638 759 831 807 alterius
875 760 1168 808 infelicitatis
1184 763 1230 820 2)
1272 771 1321 811 et
1366 762 1550 827 quidem
1587 765 1933 828 frequentioris:

297 830 584 876 immunitate
615 830 804 887 felices,
839 831 945 894 quia
975 831 1160 879 facilius
1190 831 1399 881 adamari
1430 850 1564 898 quam
1602 833 1821 883 adamare
1851 830 1926 884 fei-

299 900 451 946 minae
482 901 676 963 possint.
738 900 801 948 Et
831 902 1049 950 ethnicae
1082 902 1268 967 quidem
1299 903 1574 968 disciplinae
1599 907 1836 954 meracior
1858 915 1925 964 et,

298 978 350 1017 ut
379 971 445 1017 ita
483 969 703 1028 dixerim,
749 971 999 1020 barbarior
1036 973 1281 1021 modestia.
1341 973 1494 1022 Nobis
1533 974 1745 1023 dominus
1783 978 1933 1029 etiam-

298 1041 668 1088 revelationibus
704 1043 949 1090 velaminis
987 1046 1140 1107 spatia
1177 1053 1377 1093 metatus
1416 1054 1505 1093 est.
1572 1044 1694 1094 Nam
1741 1045 1927 1096 cuidam

299 1112 457 1158 sorori
487 1120 677 1159 nostrae
709 1113 904 1174 angelus
934 1114 982 1160 in
1012 1115 1186 1161 somnis
1219 1117 1455 1173 cervices,
1503 1118 1634 1179 quasi
1671 1116 1924 1182 applaude-

299 1190 388 1237 ret,
419 1181 698 1228 verberans:
731 1184 991 1246 elegantes,
1024 1185 1188 1247 inquit,
1222 1187 1436 1232 cervices
1468 1195 1517 1233 et
1539 1188 1715 1250 ‚merito
1746 1187 1924 1247 nudae,

298 1251 471 1298 bonum.
516 1261 618 1308 est,
663 1269 808 1316 usque
855 1252 914 1300 ad
959 1254 1139 1301 lumbos
1184 1271 1212 1301 a
1257 1257 1412 1319 capite
1458 1255 1644 1314 veleris,
1677 1272 1735 1305 ne
1766 1267 1816 1305 et
1842 1258 1924 1307 tibi

299 1323 390 1368 ista
422 1323 657 1369 cervicum
697 1324 890 1371 libertas
921 1341 1013 1371 non
1044 1326 1216 1388 prosit,
1257 1334 1305 1372 et
1341 1327 1499 1390 utique
1532 1326 1656 1390 quod
1685 1329 1764 1375 uni
1795 1327 1925 1378 dixe-

299 1393 388 1449 ris,
436 1393 646 1440 omnibus
678 1393 870 1442 dixeris.
935 1395 1162 1454 Quantam
1193 1405 1364 1443 autem·
1388 1398 1744 1460 castigationem
1775 1415 1925 1463 mere—

270 1517 272 1523 ¹
298 1462 473 1510 buntur
504 1466 643 1511 etiam
675 1465 800 1526 illae,
834 1482 952 1529 quae
985 1467 1109 1513 inter
1137 1467 1340 1530 psalmos
1369 1469 1445 1515 vel
1474 1469 1522 1514 in
1554 1485 1827 1533 quacunque
1851 1468 1924 1518 dei

300 1535 538 1582 mentione
570 1544 783 1583 retectae
814 1540 1153 1600 perseverant?
1182 1539 1412 1586 meritone
1445 1540 1587 1586 etiam
1619 1541 1799 1604 quaein
1822 1556 1924 1588 ora-

300 1605 430 1651 tione
463 1606 564 1668 ipsa
594 1607 816 1654 facillime
857 1607 1084 1654 fimbriam
1116 1617 1196 1655 aut
1223 1610 1382 1656 villum
1413 1618 1493 1656 aut
1531 1609 1773 1673 quodlibet
1804 1611 1942 1666 filum¹

304 1676 504 1724 cerebro
544 1687 863 1740 superponunt
900 1687 949 1725 et
992 1687 1144 1726 tectas
1189 1695 1238 1726 se
1279 1681 1557 1742 opinantur?
1613 1680 1750 1727 Tanti
1790 1690 1923 1745 caput

303 1764 432 1794 suum
463 1749 819 1808 mentiuntur3).
879 1748 1043 1806 Aliae,
1076 1749 1240 1812 quibus
1269 1751 1407 1813 plane
1439 1752 1589 1801 maior
1618 1759 1691 1798 est
1719 1752 1922 1815 palma4)

304 1819 428 1865 omni
474 1817 654 1864 fimbria
700 1827 749 1866 et
778 1819 881 1877 filo,
929 1836 1022 1866 non
1054 1820 1202 1867 minus
1242 1822 1403 1884 capite
1435 1838 1519 1868 suo
1558 1820 1830 1880 abutuntur,
1880 1832 1923 1870 111

301 1889 454 1936 bestia
486 1887 712 1951 quaedam
743 1891 891 1952 magis
924 1906 1059 1953 quam
1091 1892 1203 1948 avis,
1237 1890 1351 1938 licet
1379 1900 1606 1955 pennata,
1637 1892 1772 1940 brevi
1803 1894 1923 1956 capi·

302 1969 367 2015 te,
400 1967 645 2022 protracta
676 1962 887 2018 cervice,
937 1970 1097 2008 cetera
1130 1961 1408 2024 altegradia.
1471 1960 1602 2010 Hanc
1634 1964 1784 2021 aiunt,
1827 1979 1927 2013 cum

305 2029 674 2078 delitescendum
714 2031 879 2088 habet,
929 2041 1069 2095 caput
1106 2033 1254 2079 solum
1292 2034 1430 2096 plane
1467 2042 1615 2080 totum
1645 2034 1691 2080 in
1724 2032 1922 2081 conden-

305 2118 404 2148 sum
435 2099 730 2158 abstrudere,
763 2102 993 2166 reliquam
1025 2119 1075 2150 se
1108 2104 1155 2149 in
1186 2112 1351 2166 aperto
1383 2104 1667 2167 relinquere.
1722 2103 1794 2151 Ita
1825 2103 1925 2151 dum

304 2174 351 2218 in
385 2172 540 2234 capite
573 2187 742 2218 secura
773 2180 858 2229 est,
893 2172 1031 2230 nuda,
1065 2189 1155 2236 qua
1184 2175 1334 2220 maior
1363 2183 1450 2231 est,
1485 2175 1668 2237 capitur
1684 2182 1799 2232 tota,
1827 2174 1927 2222 cum

307 2243 476 2304 capite.
537 2241 676 2288 Tales
708 2251 845 2288 erunt
875 2251 923 2289 et
953 2244 1095 2300 istae,
1142 2245 1456 2306 minus.quam
1487 2245 1600 2292 utile
1633 2253 1720 2302 est,
1754 2253 1922 2293 tectae.

307 2313 509 2375 Oportet
553 2326 668 2373 ergo
716 2314 839 2358 omni
883 2321 1095 2375 tempore
1143 2322 1190 2360 et
1236 2315 1358 2359 omni
1398 2315 1505 2361 loco
1542 2329 1774 2361 memores
1813 2316 1922 2377 legis

305 2380 554 2439 incedere,
594 2391 782 2445 paratas
828 2391 877 2429 et
906 2383 1156 2430 instructas
1194 2382 1253 2429 ad
1292 2399 1474 2430 omnem
1514 2382 1591 2431 dei
1628 2385 1921 2432 mentionem.

309 2454 385 2516 qui
430 2453 470 2499 si
506 2453 650 2499 fuerit
687 2454 734 2499 in
771 2462 991 2516 pectore,
1041 2463 1358 2516 cognoscetur
1380 2463 1436 2501 ,et
1466 2455 1512 2500 in
1552 2455 1705 2518 capite
1736 2456 1921 2502 femina—

307 2540 424 2570 rum.
487 2522 617 2570 Haec
664 2540 766 2570 cum
804 2523 929 2571 bona
973 2540 1091 2587 pace
1138 2524 1424 2587 legentibus,
1470 2525 1719 2572 utilitatem
1737 2527 1781 2584 ⁵)
1817 2542 1921 2573 con-

309 2592 544 2641 suetudini
588 2594 1009 2658 praeponentibus,
1055 2611 1148 2657 pax
1193 2604 1240 2642 et
1285 2596 1437 2658 gratia
1475 2612 1503 2643 a
1533 2594 1722 2643 domino
1768 2604 1921 2644 nostre

311 2665 418 2711 Iesu
448 2663 702 2722 redundet,
752 2668 877 2725 [cum
909 2663 1137 2730 Septimio
1168 2666 1480 2725 Tertulliano,
1528 2667 1658 2714 cuius
1694 2666 1788 2714 hoc
1818 2680 1921 2731 opu-

293 2736 488 2789 ,sculum
519 2739 609 2796 est]
628 2735 692 2797 6).

427 2893 471 2941 1)
504 2893 635 2930 Rhen.
666 2893 729 2932 ed.
761 2895 792 2932 1.
824 2906 929 2934 nos.
1013 2892 1059 2947 2)
1090 2896 1221 2932 Rhen.
1253 2897 1316 2934 ed.
1348 2897 1378 2933 1.
1413 2893 1718 2935 felicitatis.
1801 2892 1845 2941 3)
1863 2890 1920 2930 si«

314 2947 444 2985 Rhea.
477 2949 540 2987 ed.
572 2951 621 2996 1.;
656 2951 729 2988 alii
758 2951 1074 2990 metiuntur..
1128 2953 1173 2999 4)
1205 2952 1336 2990 Rhen.
1370 2952 1477 2989 coni.
1508 2951 1661 2999 palla.
1730 2946 1776 3002 5)
1794 2949 1915 2986 Latin

315 3009 357 3040 et
387 3004 477 3052 Rig.
509 3006 616 3044 coni.
655 3007 945 3045 veritatem.
1132 3010 1176 3054 6)
1207 3009 1281 3046 Vv.
1313 3008 1477 3045 uncinis
1508 3007 1672 3045 inclusa
1701 3018 1726 3045 a
1754 3004 1922 3044 librario

316 3061 493 3107 quodam
525 3061 664 3100 addita
695 3075 788 3102 esse
820 3065 1062 3112 auspicatur
1092 3063 1319 3114 semlerus,
1351 3069 1394 3103 et
1423 3067 1539 3104 recte
1569 3062 1748 3111 quidem.

856 3171 1393 3193 w*
