1942 3554
405 207 498 251 ΒΕ
525 210 905 250 vinemmus
935 209 1278 250 vlu-Annis.
1530 206 1659 254 2⁰2

118 341 327 375 cronon
355 324 524 390 potuit,
557 326 666 389 quia
696 340 785 372 nec
816 324 863 370 in
893 320 1063 370 Adam.
1105 321 1158 371 Si
1188 324 1254 370 ita
1283 339 1362 371 res
1393 331 1481 381 est,
1511 340 1659 388 appa-

83 405 101 445 t
128 413 225 446 non
253 404 452 462 propter
480 397 685 443 futurum
716 395 960 443 mulierem
992 394 1397 457 cognominata'm,
1430 393 1491 442 ad
1523 411 1661 459 quam

75 477 229 517 turum
266 484 361 515 non
404 467 691 532 pertinebat.
752 466 824 513 Eo
862 464 1075 523 accedit,
1111 464 1234 530 quod
1279 466 1380 530 ipse
1426 466 1661 514 rationem

0 539 125 605 ‘q'us
154 540 355 587 nominis
385 536 550 586 edidit.
614 538 730 586 Cum
768 538 890 585 enim
922 535 1142 584 dixisset:
1188 537 1439 586 vocabitur
1474 538 1660 596 mulier,

0 606 230 670 addidit:
291 610 510 674 quoniam
550 626 611 657 ex
653 610 756 657 viro
803 625 887 656 suo
928 617 1109 673 sumpta
1149 616 1236 666 est,
1285 617 1335 657 et
1364 610 1467 673 ipso
1507 607 1661 657 adhuc

0 682 222 746 >fii-gine.
300 680 398 730 Sed
430 680 640 729 dicemus
672 690 721 728 et
750 679 809 728 de
839 680 929 727 viri
967 681 1155 726 nomine
1187 695 1271 727 suo
1304 681 1430 728 loco.
1504 679 1660 728 Nemo

4 744 182 818 v&aque
220 769 393 801 nomen
430 751 492 800 ad
536 752 835 816 prophetiam
881 751 1265 814 interpretetur,
1292 750 1417 815 quod
1463 767 1525 799 ex
1568 752 1664 799 alia

0 815 370 888 'nfignificatione
389 822 642 871 deductum
673 831 760 879 cst,
793 823 1074 886 praesertim
1107 838 1210 870 cum
1242 831 1486 886 appareat,
1504 822 1584 869 ubi
1604 821 1662 870 de

3 908 6 911 ’
75 904 182 943 turo
212 911 384 943 nomen
414 895 682 957 acceperit,
723 894 820 940 illic
860 893 1073 949 scilic-et,
1111 891 1192 940 ubi
1222 892 1324 940 Eva
1355 895 1664 956 cognomina-

7 973 23 1013 1
100 1001 114 1025 ,
144 966 384 1031 personali
414 967 506 1013 iam
535 964 785 1021 vocabulo,
820 964 928 1027 quia
959 963 1173 1011 naturale
1212 973 1561 1028 praecesserat.
1611 962 1663 1012 Si

7 1055 17 1083 ο
44 1036 48 1041 ’
84 1038 147 1085 im
177 1037 278 1085 Eva
306 1045 459 1085 mater
487 1036 743 1084 viventium
775 1043 870 1092 est,
916 1050 1036 1082 ecce
1069 1050 1131 1082 ex
1162 1035 1322 1097 futuro
1355 1037 1665 1098 cognomina-

4 1119 15 1152 1
75 1125 116 1167 r,
146 1124 264 1156 ecce
294 1125 418 1156 uxor
457 1116 506 1155 et
534 1123 630 1154 non
658 1107 794 1169 virgo
826 1107 1199 1170 praenuntiatur.
1262 1106 1365 1154 Hoc
1399 1108 1492 1154 erit
1518 1123 1664 1155 voca-

4 1177 15 1226 l
56 1180 180 1228 ulum
224 1187 480 1243 nupturae3
528 1194 590 1226 ex
633 1186 779 1241 nupta
824 1178 948 1224 enim
993 1185 1161 1224 mater.
1236 1176 1308 1225 Ita
1352 1176 1430 1225 hic
1478 1193 1664 1243 quoque

7 1249 312 1308 ostenditur,
351 1267 446 1297 non
477 1248 536 1297 de
566 1250 726 1296 futuro
765 1249 1008 1295 mulierem
1040 1256 1151 1295 tunc
1185 1248 1495 1306 nominatam,
1545 1264 1665 1313 quae

21 1320 319 1386 postmodum
351 1329 612 1385 acceptura
642 1329 748 1368 erat
776 1320 963 1385 futurae
1004 1318 1291 1367 conditionis
1329 1336 1442 1368 suae
1475 1336 1663 1368 nomen.

14 1391 318 1458 Responsum
348 1394 463 1440 satis
494 1400 568 1439 est
596 1390 657 1438 ad
687 1392 808 1439 hanc
839 1399 1038 1455 partem.

15 1454 57 1522 ᾗ
165 1468 214 1516 6.
272 1461 531 1511 Videamus
570 1479 717 1521 nunc,
765 1463 803 1509 si
850 1471 899 1509 et
929 1462 1171 1526 apostolus
1209 1462 1408 1510 formam
1446 1462 1667 1511 vocabuli

12 1532 159 1617 §etius
185 1533 444 1582 secundum
479 1533 702 1582 Genesim
734 1533 958 1580 observet
987 1534 1121 1580 sexui
1153 1531 1384 1598 deputans
1423 1533 1562 1593 illud,
1595 1535 1664 1581 sic

35 1612 37 1614 ’
122 1606 269 1654 'erem
297 1621 478 1654 vocans
515 1606 747 1669 virginem
777 1604 1002 1662 Mariam,
1051 1603 1439 1668 quemadmodum
1481 1614 1531 1653 et
1571 1603 1666 1652 Ge-

0 1680 8 1710 s
87 1678 152 1725 sis
179 1675 343 1725 Evam.
405 1675 633 1725 Scribens
665 1677 790 1724 enim
823 1674 882 1723 ad
917 1674 1125 1734 Galatas,
1158 1676 1308 1734 misit,
1341 1677 1517 1740 inquit,
1549 1674 1666 1725 deus

76 1749 168 1796 'um
211 1764 345 1796 suum
389 1748 565 1796 factum
610 1763 672 1795 ex
714 1748 911 1794 muliere
929 1748 1001 1807 1),
1047 1763 1183 1810 quam
1228 1748 1389 1811 utique
1433 1748 1667 1811 virginem

31 1824 45 1880 j
87 1827 215 1866 nstat
249 1819 422 1877 fuisse,
467 1819 584 1866 lieet
614 1818 801 1865 Hebion
832 1818 1038 1865 resistat.
1099 1816 1328 1880 Agnosco
1369 1826 1419 1866 et
1447 1819 1666 1882 angelum

0 1930 2 1934 ,
70 1889 299 1938 abrielem
335 1888 397 1938 ad
438 1890 671 1953 virginem
717 1890 928 1947 missum3
976 1887 1059 1935 sed
1099 1904 1203 1935 eum
1239 1888 1508 1948 benedicit,
1540 1889 1668 1937 illam

0 1958 152 2010 §inter
179 1960 402 2009 mulieres
431 1977 526 2008 non
556 1961 680 2009 inter
708 1958 1167 2023 virgines’deputat:
1221 1959 1486 2008 Benedicta
1515 1969 1565 2007 tu
1596 1962 1668 2008 in-

0 2026 102 2079 'ter
130 2032 440 2093 mulieres2).
497 2029 695 2079 Sciebat
732 2040 783 2078 et
815 2031 1015 2094 angelus
1055 2031 1301 2080 mulierem
1339 2032 1481 2080 etiam
1518 2032 1667 2095 virgi-

0 2097 135 2151 'nem
163 2101 276 2150 dici.
340 2100 438 2150 Sed
476 2111 526 2150 et
563 2101 623 2150 ad
663 2102 783 2150 haec
825 2101 918 2149 duo
959 2103 1206 2165 ingeniose
1248 2101 1435 2167 quidam
1466 2119 1668 2167 respon-

61 2174 72 2186 '
125 2188 152 2221 e
182 2173 428 2237 sibigvisus
459 2182 556 2222 est:
597 2175 816 2238 quoniam
851 2172 1036 2237 quidem
1068 2172 1356 2237 desponsata
1392 2182 1467 2222 est
1494 2171 1666 2233 Maria,

77 2245 209 2293 circo
241 2253 292 2293 et
319 2245 379 2292 ab
410 2245 582 2308 angelo
614 2253 664 2292 et
693 2244 752 2292 ab
784 2245 1003 2308 apostolo
1034 2245 1279 2292 mulierem
1296 2246 1664 2309 pronuntiatam.

101 2325 324 2380 sponsata
361 2317 508 2374 enim,
555 2314 901 2380 quodammodo
940 2324 1100 2379 nupta.
1174 2316 1352 2364 Tamen
1391 2316 1520 2365 inter
1549 2333 1669 2382 quo-

56 2411 58 2413 >
135 2385 275 2435 modo
306 2395 356 2435 et
382 2403 544 2436 verum
575 2388 690 2435 satis
719 2389 934 2444 interest,
968 2386 1195 2434 duntaxat
1218 2388 1311 2435 hoc
1336 2389 1383 2435 in
1407 2388 1534 2444 loco,
1562 2404 1667 2436 nam

76 2457 144 2505 ibi
180 2457 702 2506 itasane‘habendum
741 2467 830 2505 est.
891 2457 1031 2505 Nunc
1068 2474 1210 2515 vero,
1258 2475 1352 2505 non
1399 2459 1531 2521 quasi
1576 2459 1667 2506 iam

62 2536 219 2594 uptam
242 2528 492 2577 mulierem
519 2528 718 2577 Mariam
748 2529 1184 2592 pronuntiaverunt,
1217 2527 1302 2576 sed
1333 2529 1465 2592 quasi
1495 2528 1668 2576 nihilo-

42 2655 45 2658 ,
78 2600 91 2611 ⁸
126 2615 180 2647 us
208 2599 453 2657 feminam,
492 2601 676 2648 etiamsi
707 2616 801 2646 non
832 2615 1076 2662 sponsam,
1118 2600 1250 2662 quasi
1278 2599 1372 2646 hoc
1403 2616 1432 2646 a
1462 2600 1667 2663 primor-

65 2670 112 2718 ὀ
146 2667 347 2718 «dictam.
437 2669 557 2718 Illud
603 2671 724 2717 enim
770 2668 1070 2733 praeiudicet
1113 2685 1313 2718 necesse
1360 2678 1455 2727 est,
1502 2685 1530 2718 a
1575 2687 1666 2735 quo

46 2799 49 2801 ¹
82 2756 184 2797 rma
211 2739 476 2790 descendit.
510 2741 731 2789 Ceterum
763 2739 887 2808 quod
916 2740 1155 2804 pertineat
1183 2740 1245 2788 ad
1274 2741 1368 2790 hoc
1395 2741 1665 2806 capitulum,

58 2811 71 2823 '
101 2810 180 2860 hic
211 2810 526 2877 desponsatae
557 2811 863 2875 adaequatur,
895 2819 947 2858 ut
976 2810 1086 2858 ideo
1117 2812 1286 2860 mulier
1315 2811 1444 2860 dieta
1473 2813 1535 2860 sit
1562 2812 1665 2862 Ma-

60 2881 73 2893 '
113 2914 129 2940 ‚
151 2922 153 2924 .
173 2892 269 2931 non
298 2899 389 2947 qua
417 2884 614 2940 femina,
659 2881 745 2930 sed
775 2898 866 2946 qua
895 2883 1135 2940 maritata,
1180 2883 1272 2931 iam
1302 2899 1420 2947 ergo
1453 2883 1665 2937 Christus

42 2959 61 3010 J
100 2969 135 3000 n
164 2969 230 3002 ex
254 2950 439 3017 virgine
470 2963 606 3002 natus
637 2962 732 3011 est,
781 2955 890 3017 quia
919 2969 980 3001 ex
1016 2952 1323 3017 desponsata,
1371 2971 1489 3019 quae
1526 2956 1663 3019 virgo

44 3031 46 3034 ’
179 3022 378 3073 desierit
413 3025 505 3073 hoc
543 3026 748 3073 nomine.
809 3023 944 3083 Quod
988 3025 1029 3072 si
1074 3040 1135 3073 ex
1176 3027 1360 3091 virgine
1399 3035 1535 3075 natus
1574 3035 1662 3085 est,

152 3177 367 3233 1)Ga1.4‚
384 3180 423 3218 4.
539 3182 585 3232 2)
602 3182 706 3221 Luc.
725 3183 761 3235 1,
779 3183 844 3222 28.
