1942 3554
544 199 1113 243 DEJDOLOLATRM.
1576 193 1645 244 51

26 344 180 402 *mus
211 340 347 389 nobis
378 339 721 389 idololatriam?
758 338 902 387 Certe
929 339 1136 402 quisquis
1160 337 1240 384 ille
1267 345 1361 395 est,
1393 344 1475 384 aut
1497 336 1652 383 amica

19 420 102 467 int
134 411 324 460 inimica
365 410 703 475 congressione
753 407 1030 472 adstringit:
1077 408 1117 456 si
1162 408 1376 466 inimica,
1446 407 1539 455 iam
1591 404 1652 454 ad

22 485 222 547 {nagnam
260 481 470 538 vocaris,
515 489 565 528 et
608 481 701 528 scis
741 479 827 526 tibi
867 477 1179 526 dimicandum
1210 494 1347 537 esse3
1396 478 1436 525 si
1481 476 1650 534 amica,

25 561 195 619 »panto
227 553 443 602 securius
472 552 518 598 in
552 549 787 599 dominum
818 551 1081 598 transferes
1112 549 1474 613 responsionem
1508 556 1649 604 tuam,

23 631 75 671 qt
102 621 331 672 dissolvas
361 621 700 686 obligationem
741 621 866 678 eiuS,
919 636 1008 683 per
1039 636 1176 684 quem
1214 628 1262 666 te
1295 619 1441 666 malus
1479 617 1653 665 honori

26 691 282 752 dolorum,
314 691 363 740 id
392 700 487 751 est,
520 690 820 739 idololatriae
852 689 1114 755 quaerebat
1144 698 1421 737 annectere.
1493 686 1653 735 Omnis

12 763 250 813 Ξ-ιιῐίιξιῐίι
278 761 507 812 eiusmodi
538 761 826 810 idololatria.
893 761 1112 808 Honoras
1145 776 1252 818 eos,
1296 759 1462 823 quibus
1501 758 1655 821 impo-

20 833 127 884 :itis
168 833 442 898 obsequium
487 833 782 897 praestitisti.
860 829 975 878 Scio
1015 829 1269 895 quendam,
1318 830 1396 877 cui
1436 827 1653 876 dominus

15 912 267 970 gnoscat,
300 920 438 969 quum
477 903 544 952 illi
576 904 623 950 in
654 902 843 966 publico
875 918 963 966 per
1001 902 1129 949 litem
1163 900 1339 948 dictum
1373 908 1529 948 esset:
1578 898 1655 945 lu-

14 973 158 1041 spite?
181 973 269 1022 tibi
300 974 363 1023 sit
391 975 561 1032 iratus,
593 972 921 1037 respondisse:
954 973 1047 1019 imo
1081 971 1184 1019 tihi.
1259 969 1381 1030 Quid
1411 970 1553 1018 aliter
1584 969 1656 1016 fe-

25 1045 173 1098 ·cimet
201 1044 441 1102 ethnicus,
475 1045 552 1109 qui
584 1043 744 1092 Iovem
778 1042 914 1091 deum
947 1041 1182 1090 credidit?
1227 1042 1414 1091 etiamsi
1444 1057 1538 1088 non
1569 1055 1657 1104 per

26 1113 227 1165 eundem
264 1115 542 1164 retorsisset
578 1113 898 1172 maledictum,
945 1129 1034 1161 nec
1073 1129 1160 1177 per
1196 1113 1338 1160 ullum
1369 1112 1496 1159 Iovis
1528 1110 1656 1159 simi-

20 1186 144 1244 den,
191 1185 554 1234 confirmaverat
585 1185 743 1232 Iovem
776 1183 937 1243 deum,
980 1199 1067 1248 per
1097 1199 1235 1248 quem
1268 1199 1321 1231 se
1353 1180 1657 1230 maledictum

15 1253 220 1320 *indigne
271 1255 436 1304 tulisse
490 1254 896 1303 demonstraverat
947 1253 1313 1302 remaledicens.
1414 1250 1491 1300 Ad
1546 1248 1659 1315 quid

37 1325 155 1374 enim
183 1324 446 1390 indigneris
475 1341 565 1390 per
595 1341 699 1373 eum
731 1323 1030 1382 maledictus,
1079 1340 1215 1388 quem
1247 1324 1341 1371 scis
1372 1322 1487 1370 nihil
1519 1322 1661 1369 esse?

20 1395 150 1445 ‘Nam
180 1395 220 1444 si
251 1396 450 1454 insanis,
482 1396 571 1442 iam
605 1410 711 1443 esse
744 1394 1010 1453 confirmas,
1046 1404 1094 1442 et
1124 1396 1218 1443 erit
1247 1392 1516 1441 idololatria
1546 1407 1658 1456 pro-

19 1466 178 1516 2-Fessio
222 1466 404 1514 timoris
447 1466 542 1526 tui3
593 1473 764 1530 quanto
811 1466 961 1528 magis
1001 1481 1104 1512 cum
1142 1481 1232 1528 per
1269 1466 1418 1528 ipsum
1455 1462 1659 1511 remale-

13 1535 173 1596 dicis,
210 1535 379 1585 eodem
411 1535 513 1584 Iovi
543 1535 772 1583 honorem
803 1536 943 1594 facis,
993 1551 1084 1599 quo
1118 1543 1167 1582 et
1196 1535 1302 1592 ille,
1357 1535 1435 1598 qui
1466 1542 1514 1581 te
1545 1549 1659 1596 pro-

37 1607 246 1658 vocavit?
301 1605 476 1655 Fidelis
507 1614 664 1654 autem
702 1606 750 1653 in
782 1604 1012 1653 eiusmodi
1050 1604 1210 1653 ridere
1244 1604 1412 1662 debet,
1460 1619 1555 1651 non
1587 1603 1659 1650 in-

18 1676 211 1736 ,sa-ire,
263 1677 356 1724 imo
395 1674 651 1725 secundum
691 1685 1020 1740 praeceptum,
1066 1692 1126 1723 ne
1165 1690 1254 1740 per
1293 1674 1432 1723 deum
1470 1672 1659 1738 quidem

26 1745 395 1805 remaledicere,
441 1746 526 1795 sed
555 1747 691 1810 plane
722 1745 1013 1794 benedicere
1043 1762 1131 1810 per
1162 1745 1324 1804 deum,
1369 1754 1422 1792 ut
1453 1753 1502 1793 et
1533 1743 1661 1792 idola

13 1817 246 1866 destruas
276 1825 326 1866 et
355 1816 492 1866 deum
523 1815 774 1880 praedices
807 1826 854 1864 et
882 1816 1138 1880 adimpleas
1170 1814 1484 1879 disciplinam.

174 1891 260 1940 22.
314 1885 484 1951 Aeque
523 1885 744 1934 benedici
782 1903 870 1950 per
907 1885 1023 1934 deos
1062 1887 1301 1934 nationum
1341 1885 1531 1933 Christo
1571 1885 1661 1932 ini-

38 1959 175 2007 tiatus
211 1974 304 2005 non
343 1956 613 2014 sustinebit,
658 1966 710 2004 ut
749 1973 937 2020 semper
972 1957 1161 2004 reiiciat
1196 1954 1475 2004 immundam
1515 1955 1662 2003 bene-

39 2028 317 2086 dictionem,
364 2035 413 2075 et
443 2043 545 2075 eam
577 2027 664 2074 sibi
695 2027 742 2074 in
774 2026 911 2075 deum
944 2035 1232 2075 convertens
1264 2025 1503 2075 emundet.
1568 2025 1663 2073 Be-

38 2098 193 2148 nedici
221 2113 311 2162 per
338 2097 456 2146 deos
487 2098 747 2155 nationum,
795 2096 1016 2145 maledici
1055 2105 1128 2145 est
1157 2113 1246 2161 per
1283 2095 1437 2145 deum.
1502 2094 1553 2144 Si
1585 2096 1662 2144 cui

18 2167 216 2224 ¹detulero
255 2168 604 2233 eleemosynam
649 2168 724 2216 vel
763 2167 939 2233 aliquid
976 2168 1263 2232 praestitero
1308 2166 1557 2226 beneficii,
1613 2175 1663 2214 et

21 2231 121 2303 'illo
153 2239 266 2293 mihi
305 2237 421 2289 deos
458 2254 571 2287 suos
608 2239 684 2286 vel
725 2239 944 2286 coloniae
982 2239 1171 2302 genium
1210 2238 1442 2302 propitios
1487 2238 1662 2302 impre-

31 2317 197 2368 utut,
239 2310 331 2358 inm
369 2309 545 2358 oblatio
584 2325 688 2357 mea
724 2309 802 2358 vel
842 2310 1056 2373 operatio
1095 2308 1329 2358 idolorum
1367 2308 1522 2356 honor
1553 2308 1661 2366 erit,

118 2395 272 2448 quae
300 2378 649 2428 benedictionis
681 2381 878 2443 gratiam
910 2388 1204 2444 compensat.
1258 2379 1355 2428 Cur
1385 2388 1543 2427 autem
1569 2394 1662 2425 non

19 2457 163 2511 affl&
189 2465 264 2500 me
295 2449 372 2500 dei
403 2467 570 2499 caussa
600 2451 801 2508 fecisse,
855 2460 907 2498 ut
944 2459 993 2498 et
1031 2450 1148 2497 deus
1179 2450 1336 2514 potius
1367 2448 1665 2514 glorificetur

20 2527 111 2578 set.
126 2518 370 2574 daemonia
405 2538 500 2569 non
538 2522 831 2568 honorentur
874 2522 920 2568 in
968 2537 1052 2579 eo,
1114 2519 1240 2584 quod
1284 2528 1480 2583 propter
1526 2517 1664 2567 deum

20 2588 170 2651 «MT
219 2588 317 2641 Sed
346 2591 461 2640 deus
491 2590 636 2650 videt,
670 2592 885 2673 quoniam
917 2599 1114 2654 propter
1144 2591 1294 2653 ipsum
1325 2590 1447 2649 feei3
1482 2589 1666 2653 pariter

24 2658 195 2723 Ύῇὖῼι,
245 2663 460 2726 quoniam
498 2671 698 2726 propter
726 2663 876 2726 ipsum
907 2661 1083 2708 fecisse
1114 2676 1188 2708 me
1221 2660 1350 2707 nolui
1389 2658 1661 2719 ostendere,

27 2736 438 2797 ‘022praeceptum
484 2733 586 2781 eius
624 2731 938 2796 idolothytum
978 2729 1320 2795 quodammodo
1352 2730 1464 2778 feci.
1525 2730 1663 2779 Multi

24 2798 228 2859 “dieunt:
260 2817 394 2850 nemo
419 2819 471 2851 se
496 2802 638 2850 debet
669 2802 989 2866 promulgare3
1024 2809 1137 2864 puto
1163 2809 1317 2849 autem
1340 2816 1431 2848 nec
1456 2816 1661 2865 negare.

27 2878 190 2950 neget
219 2873 363 2930 enim,
402 2874 666 2938 quicunque
699 2872 999 2920 dissimulat'
986 2888 1032 2918 in
1066 2887 1342 2952 quacunque
1375 2885 1543 2920 caussa
1573 2887 1662 2935 pro

30 2967 31 2970 ¹
65 2940 238 3010 „ico
276 2941 476 2990 habitus.
551 2942 612 2990 Et
647 2944 809 3006 utique
850 2942 999 2989 omnis
1038 2941 1230 3005 negatio
1268 2941 1540 2990 idololatria
1572 2950 1662 3000 est,

36 3020 170 3076 44²
220 3012 367 3059 omnis
418 3011 686 3060 idololatria
732 3013 952 3075 negatio,
1018 3012 1115 3059 sive
1168 3013 1214 3058 in
1267 3012 1409 3059 factis
1463 3014 1563 3060 sive
1616 3013 1663 3058 in

143 3136 271 3203 23.
327 3150 422 3198 Sed
454 3159 526 3199 est
557 3151 781 3215 quaedam
815 3150 1043 3200 eiusmodi
1076 3153 1264 3215 species
1297 3153 1344 3198 in
1376 3153 1504 3200 facto
1539 3161 1585 3199 et
1617 3153 1664 3199 in

1243 3254 1313 3300 4*
