1942 3554
331 201 461 248 150
914 203 997 243 DE
1024 203 1363 243 Punicum.

268 347 283 365 0
331 316 484 365 denuo
516 315 803 378 signaculum
835 314 1096 375 lavacri1),
1130 325 1179 363 et
1207 331 1366 362 rursus
1396 313 1463 362 illi
1499 316 1779 367 mactabitur
1807 320 1930 369 Chri--

330 397 451 443 stuS,
483 394 532 433 et
560 385 803 433 recumbet
833 401 890 433 eo
921 387 969 433 in
999 386 1160 444 thoro,
1192 385 1252 434 de
1283 402 1373 450 quo
1403 385 1596 450 indigne
1614 389 1773 437 vestiti
1796 405 1824 437 a
1846 400 1935 438 tor.

328 456 509 503 toribus
553 456 707 503 solent
742 456 845 503 tolli
889 465 938 503 et
975 456 1116 503 abiici
1153 457 1200 503 in
1237 457 1482 515 tenebras,
1527 456 1696 506 nedum
1740 461 1939 524 spoliatit

328 526 437 574 Plus
469 534 541 574 est
570 526 735 588 igitur,
768 527 807 573 si
837 543 926 574 nec
958 526 1150 591 expedit
1178 528 1226 574 in
1257 527 1569 576 Christianum
1593 530 1844 579 convenire
1868 542 1936 581 or*

329 596 485 644 dinem
516 596 599 644 filii
630 596 833 660 prodigi.
909 597 1046 656 Quod
1089 598 1129 646 si
1174 614 1262 645 nec
1305 599 1353 645 in
1397 597 1617 647 Iudaeum
1648 601 1834 664 integre
1864 601 1942 651 fili·

329 669 485 730 imago
520 668 782 726 concurrit,
815 667 875 716 ad
905 670 1195 733 propositum
1219 667 1394 716 domini
1417 669 1694 734 simpliciter
1714 672 1937 736 interpr&

330 739 447 786 tatio
479 738 831 801 gubernabitur.
877 738 1084 787 Venerat
1113 738 1324 787 dominus
1353 740 1528 804 utique,
1559 749 1612 788 ut
1641 741 1764 806 quod
1793 744 1942 807 perio<

329 817 406 856 rat
436 809 609 860 salvum
639 810 846 867 faceret,
879 809 1087 858 medicus
1119 811 1445 874 languentibus
1482 812 1632 874 magis
1662 826 1796 876 quam
1827 813 1942 862 sani*

331 880 628 927 necessarius
645 881 710 939 2).
765 880 867 927 Hoc
899 889 949 927 et
978 883 1028 928 in
1055 881 1293 944 parabolis
1324 880 1576 944 figurabat,
1608 890 1658 930 et
1686 883 1733 930 in
1763 892 1942 932 sentens

331 951 409 999 tiis
438 949 760 1014 praedicabat.
817 950 929 1009 Quis
962 953 1087 1015 perit
1115 953 1370 1010 hominum,
1402 951 1501 1014 quis
1531 950 1660 998 labat
1689 949 1748 998 de
1777 951 1942 999 valetun

333 1019 466 1078 dine,
498 1022 587 1068 nisi
618 1022 695 1084 qui
726 1020 862 1069 deum
894 1023 1075 1069 nescit?
1134 1022 1245 1082 Quis
1275 1023 1429 1070 salvus
1459 1039 1516 1070 ac
1547 1038 1707 1082 sanus,
1755 1026 1844 1072 nisi
1875 1041 1942 1089 qu·

333 1089 470 1138 deum
502 1093 660 1138 novit?
732 1091 827 1139 Has
872 1091 986 1139 duas
1031 1095 1216 1156 species
1260 1092 1319 1141 de
1365 1107 1540 1155 genere
1570 1094 1803 1142 fraternas
1832 1096 1921 1143 hae

334 1176 518 1224 quoque
550 1161 754 1223 signabit
783 1163 1024 1224 parabola.
1098 1162 1222 1209 Vide
1267 1179 1341 1218 an,
1370 1163 1543 1210 habeat
1587 1165 1800 1212 ethnicus
1844 1166 1942 1214 sub-

333 1234 550 1277 stantiam
581 1231 629 1276 in
660 1230 750 1276 deo
782 1240 916 1292 patre
950 1248 1118 1277 census
1148 1241 1196 1278 et
1219 1234 1478 1293 sapientiae
1503 1241 1552 1280 et
1575 1234 1798 1282 naturalis
1822 1237 1942 1299 agni·

333 1301 476 1347 tionis
507 1300 554 1346 in
586 1298 746 1357 deum,
792 1315 879 1363 per
924 1316 1057 1364 quam
1102 1309 1152 1348 et
1195 1302 1435 1364 apostolus
1480 1310 1614 1350 notat
1649 1305 1698 1351 in
1728 1307 1938 1369 sapientia

335 1369 412 1417 dei
443 1386 536 1416 non
569 1371 848 1433 cognovisse
879 1370 1095 1418 mundum
1125 1387 1212 1436 per
1248 1373 1522 1436 sapientiam
1553 1371 1689 1421 deum
1703 1375 1775 1436 ³),
1822 1392 1942 1440 quan

332 1443 494 1504 utique
526 1457 554 1487 a
584 1439 675 1488 deo
707 1451 978 1506 acceperat.
1041 1442 1171 1510 Hane
1203 1444 1360 1506 itaque
1390 1442 1612 1507 prodegit
1641 1445 1782 1509 longe
1811 1463 1840 1494 a
1871 1445 1942 1494 do*

334 1513 461 1559 mino
492 1512 699 1559 moribus
729 1513 882 1560 factus
912 1514 1036 1560 inter
1065 1529 1255 1561 errores
1286 1521 1334 1561 et
1363 1513 1613 1562 illecebras
1648 1524 1698 1563 et
1741 1516 1931 1565 libidine

337 1583 509 1640 seculi,
569 1583 648 1630 ubi
692 1583 814 1630 fame
858 1585 1071 1631 veritatis
1117 1585 1379 1648 compulsus
1423 1583 1620 1632 tradidit
1661 1602 1712 1634 se
1756 1588 1942 1652 princip*

336 1654 472 1701 huius
503 1654 624 1700 aevi.
699 1653 784 1701 Ille
816 1667 919 1701 eum
950 1655 1183 1718 praefecit
1211 1656 1391 1719 porcis,
1426 1660 1495 1715 (ut
1516 1656 1745 1705 familiare
1772 1657 1820 1705 id
1844 1657 1929 1706 dae

335 1741 523 1772 monum
554 1740 698 1788 pecus
728 1729 998 1788 pasceret,)
1045 1726 1123 1772 ubi
1168 1741 1265 1777 nec.
1301 1726 1380 1773 ille
1428 1737 1620 1790 compos
1650 1735 1777 1776 esset
1803 1729 1942 1779 vitali·

338 1810 504 1852 escae,
552 1795 775 1858 simulque
808 1796 926 1842 alios
954 1794 1141 1843 videret
1183 1797 1231 1842 in
1277 1812 1421 1859 opere
1467 1795 1622 1844 divino
1667 1798 1929 1847 abundante

338 1881 460 1929 pane
494 1863 707 1912 coelesti.
775 1865 1073 1913 Recordatur
1102 1867 1249 1931 patris
1280 1865 1380 1925 dei,
1412 1867 1655 1915 satisfacto
1685 1867 1832 1927 redit,
1875 1884 1931 1918 ve

339 1945 456 1983 stem
502 1937 743 2000 pristinam
787 1938 980 2000 recipit,
1027 1946 1195 1985 statum
1239 1938 1425 1985 scilicet
1461 1953 1588 1996 eum,
1634 1954 1770 2002 quem
1806 1938 1938 1988 Adai-1

338 2016 681 2069 transgressus,
715 2009 950 2056 amiserat.
1008 2006 1241 2055 Annulum
1273 2024 1455 2072 quoque
1500 2003 1674 2074 accipit
1716 2018 1825 2077 tune
1862 2011 1942 2076 pri

340 2094 485 2134 mum,
519 2094 608 2141 quo
641 2077 750 2125 fidei
780 2080 1047 2142 pactionem
1079 2081 1395 2142 interrogatus
1433 2079 1671 2143 obsignat,
1717 2089 1855 2145 atque
1885 2081 1937 2129 ‘it

341 2146 511 2195 exinde
544 2149 784 2211 opimitate
816 2148 1037 2197 dominici
1065 2151 1278 2213 corporis
1301 2151 1521 2208 vescitur,
1554 2150 1838 2200 eucharistia
1866 2153 1942 2199 sci-

341 2219 470 2265 licet.
547 2218 634 2265 Hic
681 2220 772 2266 erit
815 2218 1041 2282 prodigus
1086 2221 1228 2277 filius,
1275 2222 1351 2283 qui
1396 2226 1625 2284 nunquam
1655 2230 1785 2270 retro
1815 2222 1930 2285 frug?

342 2289 419 2351 qui
451 2289 605 2334 statim
636 2287 883 2351 prodigus,
917 2289 1040 2352 quod
1071 2306 1164 2339 non
1195 2291 1347 2336 statim
1381 2290 1685 2338 Christianus.
1746 2291 1879 2339 Hunc
1910 2307 1930 2339 e

342 2357 586 2405 Pharisaei
617 2357 674 2406 de
706 2360 866 2406 seculo
898 2358 957 2406 ad
987 2361 1133 2423 patris
1165 2361 1434 2423 complexus
1463 2367 1778 2408 revertentem
1802 2363 1848 2408 in
1873 2379 1930 2426 pu

346 2429 546 2476 blicanis
578 2437 626 2476 et
655 2430 987 2492 peccatoribus
1018 2430 1306 2478 moerebant..
1369 2430 1428 2477 Et
1458 2429 1566 2478 ideo
1598 2430 1657 2479 ad
1687 2431 1777 2480 hoc
1809 2432 1930 2479 solut

342 2501 532 2547 maioris
562 2500 721 2547 fratris
753 2490 1130 2549 accommodatus
1160 2510 1234 2548 est
1264 2502 1403 2558 livor,
1437 2517 1528 2548 nou
1553 2501 1659 2565 quia
1682 2502 1931 2551 innocente

344 2579 393 2617 et
423 2569 513 2618 deo
546 2570 859 2634 obsequentes
890 2570 1074 2629 Iudaei,
1121 2571 1203 2619 sed
1249 2573 1354 2635 quia
1397 2571 1658 2620 invidentes
1694 2573 1931 2621 nationibn

344 2641 563 2698 salutem,
609 2642 747 2705 plane
796 2659 910 2706 quos
948 2658 1135 2706 semper
1170 2641 1292 2706 apud
1321 2651 1500 2706 patrem
1531 2658 1635 2690 esse
1667 2652 1931 2708 oportuerat

343 2711 406 2758 Et
449 2713 607 2776 utique
642 2711 840 2760 Iudaeus
884 2711 945 2760 ad
974 2714 1166 2777 primam
1197 2714 1350 2760 statim
1380 2714 1676 2761 vocationem
1707 2713 1931 2762 Christiat

346 2783 513 2844 gemit,
559 2799 653 2829 non
697 2783 757 2833 ad
802 2782 1052 2831 secundam
1097 2785 1454 2831 restitutionem.
1530 2784 1615 2832 Illa
1660 2784 1781 2831 enim
1818 2786 1931 2832 etiar

347 2852 547 2900 ethnicis
577 2854 784 2913 relucet,
817 2855 935 2902 haec
967 2871 1079 2902 vero
1112 2871 1229 2918 quae
1261 2856 1307 2901 in
1338 2855 1554 2902 ecclesiis
1585 2855 1763 2918 agitur,
1794 2854 1942 2915 nela-

348 2921 477 2970 daeis
509 2922 692 2987 quidem
723 2934 835 2973 nota
865 2934 952 2972 est.
1012 2924 1130 2972 Puto
1161 2941 1233 2973 me
1273 2934 1323 2973 et
1365 2926 1589 2973 materiae
1633 2923 1933 2989 parabolarur

462 3091 506 3138 1)
523 3089 623 3131 Luc.
643 3097 709 3144 15,
730 3097 782 3132 22
799 3106 857 3141 aq.
934 3096 977 3143 2)
994 3095 1296 3144 Matth.18‚11.
1328 3096 1589 3144 Luc.19,10.
1619 3094 1881 3153 Matth.9,12
1896 3104 1931 3132 ι(

349 3149 451 3185 Luc.
469 3149 507 3199 5,
526 3150 575 3186 31
595 3161 654 3197 sq.
772 3152 816 3200 3)
836 3154 858 3187 1
879 3153 972 3190 Cor.
991 3155 1028 3200 1,
1049 3153 1114 3189 21.
