1942 3554
254 229 331 279 62
777 224 1358 265 Aronoemncus.

252 369 505 416 admissum
549 351 654 414 esse
700 364 824 429 quod
867 382 959 415 non
999 365 1132 423 licet3
1186 380 1337 428 neque
1379 364 1494 411 civis
1530 362 1734 411 fideliter
1771 364 1868 428 legi

255 438 553 502 obsequitur,
589 437 828 500 ignorans,
863 435 998 498 quale
1030 435 1104 492 sit,
1138 434 1263 498 quod
1293 434 1552 481 ulciscitur.
1615 432 1758 481 Nulla
1789 434 1868 485 lex
1925 467 1929 469 -

252 508 342 556 sibi
374 508 463 557 soli
495 506 1069 558 conscientiam.iustitiae
1102 520 1214 552 suae
1247 502 1411 562 debet,
1459 501 1545 551 sed
1575 504 1666 561 eis,
1707 519 1735 550 a
1764 505 1867 567 qui-

251 578 338 625 bus
370 577 643 641 obsequium
677 583 936 639 exspectat.
997 574 1217 626 Ceterum
1249 582 1471 643 suspecta
1502 573 1581 620 lex
1610 581 1703 632 est,
1744 589 1864 637 quae
1915 620 1918 633 ἐ

251 647 442 711 probari
480 662 532 694 se
570 662 662 693 non
700 646 818 703 vult,
873 644 1083 708 improba
1121 652 1295 701 autem,
1349 644 1389 690 si
1428 659 1522 692 non
1550 643 1749 708 probata
1780 642 1866 690 do·
1926 707 1928 710 Ι

252 718 465 764 minetur.

394 791 441 836 5.
482 786 543 833 Ut
574 785 631 832 de
664 786 847 848 origine
879 783 1055 848 aliquid
1086 792 1393 831 retractemus
1431 781 1660 831 eiusmodi
1690 783 1861 847 legum,
1925 776 1937 812 .”

251 865 385 903 vetus
419 864 521 903 erat
551 854 814 912 decretum,
854 870 912 901 ne
946 856 1023 918 qui
1055 853 1171 901 deus
1202 853 1258 900 ab
1292 855 1576 916 imperatore
1608 868 1865 901 consecra·

250 934 403 983 retur,
444 926 533 972 nisi
564 941 591 972 a
621 934 784 972 senatu
814 924 1054 987 probatus.
1116 922 1220 973 Scit
1234 924 1277 984 1)
1308 922 1373 971 M.
1404 921 1634 974 Aemilius
1671 922 1731 971 de
1772 921 1863 971 deo
1922 918 1935 983 3

250 1012 336 1042 suo
380 994 607 1042 Alburno.
690 994 821 1042 Facit
866 1003 912 1041 et
957 994 1047 1040 hoc
1092 992 1151 1039 ad
1196 1008 1404 1039 caussam
1450 1001 1679 1051 nostram,
1740 991 1865 1056 quod

249 1064 371 1128 apud
416 1081 498 1111 vos
546 1064 603 1112 de
650 1065 849 1111 humano
889 1064 1116 1110 arbitratu
1154 1062 1370 1112 divinitas
1407 1063 1685 1125 pensitatur.
1756 1062 1865 1111 Nisi

249 1135 426 1181 homini
458 1133 574 1181 deus
604 1135 857 1197 placuerit,
900 1133 1012 1180 deus
1044 1149 1136 1180 non
1168 1134 1283 1191 erit3
1341 1133 1478 1179 homo
1510 1134 1599 1179 iam
1629 1131 1721 1180 deo
1752 1149 1865 1196 pro·-
1927 1158 1930 1163 ·

250 1206 393 1267 pitius
425 1220 529 1251 esse
563 1203 772 1251 debebit.
848 1203 1063 1249 Tiberius
1097 1219 1236 1266 ergo,
1286 1203 1418 1254 cuins
1449 1211 1662 1266 tempore
1694 1218 1864 1251 nomen

248 1273 558 1321 Christianum
591 1274 638 1319 in
671 1273 878 1319 seculum
910 1274 1143 1330 introivit,
1177 1273 1492 1319 annuntiatum
1525 1273 1613 1319 sibi
1645 1287 1704 1319 ex
1722 1271 1863 1337 Syria
1922 1296 1934 1331 χ

246 1343 525 1400 Palaestina,
554 1342 676 1406 quod
701 1343 797 1390 illic
814 1344 1060 1390 veritatem
1080 1343 1201 1389 illius
1217 1342 1472 1391 divinitatis
1488 1343 1782 1395 revelaverat
1796 1343 1862 1402 2),
1904 1365 1932 1382 Δ

249 1413 417 1461 detulit
460 1412 517 1459 ad
557 1422 768 1460 senatum
809 1429 912 1461 cum
949 1414 1282 1475 praerogativa
1323 1412 1533 1476 suffragii
1564 1415 1652 1460 sui.
1712 1411 1861 1460 Sena*
1922 1415 1937 1474 j}

245 1493 341 1541 tus,
395 1483 503 1546 quia
534 1499 626 1529 nen
658 1485 758 1546 ipse
789 1483 1095 1545 probaverat,
1129 1483 1327 1545 respuit3
1383 1481 1561 1533 Caesar
1596 1483 1643 1529 in
1673 1491 1863 1530 senten·
1921 1495 1934 1537 ς

245 1555 310 1600 tia
342 1554 529 1609 mansit,
572 1553 875 1599 comminatus
907 1552 1167 1615 pericnlum
1198 1552 1553 1599 accusatoribus
1570 1551 1863 1600 Christiano-

246 1639 361 1669 rum.
425 1622 665 1668 Consulite
697 1623 1062 1668 commentarios
1094 1631 1302 1680 vestros3
1349 1622 1446 1669 illic
1483 1622 1737 1685 reperietis
1767 1622 1862 1686 pri-

246 1709 367 1739 mum
400 1691 640 1739 Neronem
680 1693 726 1738 in
764 1692 883 1739 hanc
923 1701 1098 1740 sectam
1131 1708 1232 1738 cum
1264 1693 1463 1739 maxime
1494 1691 1671 1740 Romae
1704 1692 1862 1740 orien—

244 1771 337 1809 tem
370 1762 656 1808 Caesariano
689 1761 846 1824 gladio
879 1763 1128 1809 ferocisse.
1183 1760 1280 1809 Sed
1310 1762 1394 1808 tali
1426 1761 1701 1809 dedicatore
1735 1760 1862 1809 dam-

243 1833 446 1879 nationis
476 1839 668 1878 nostrae
701 1832 841 1879 etiam
874 1832 1144 1894 gloriamur.
1206 1830 1296 1890 Qui
1327 1832 1450 1878 enim
1481 1832 1574 1879 scit
1601 1832 1750 1890 illum,
1790 1833 1861 1878 in-

242 1902 464 1964 telligere
496 1909 675 1964 potest,
722 1917 814 1947 non
846 1903 932 1948 nisi
974 1901 1151 1964 grande
1188 1900 1378 1964 aliquod
1405 1900 1578 1948 honum
1607 1918 1645 1949 ει-
1663 1900 1859 1949 Nerone

242 1970 519 2019 damnatum.
594 1971 882 2019 Tentaverat
918 1981 968 2019 et
997 1971 1315 2029 Domitianus,
1361 1972 1517 2034 portio
1554 1971 1761 2019 Neronis
1801 1970 1860 2019 de

241 2040 550 2098 crudelitate,
605 2040 689 2086 sed
733 2056 824 2104 qua
869 2050 919 2087 et
955 2042 1120 2098 homo,
1177 2041 1317 2088 facile
1365 2051 1583 2104 coeptum
1613 2041 1857 2105 repressit,

241 2111 471 2158 restitutis
511 2110 649 2157 etiam
691 2126 806 2173 quos
837 2111 1151 2172 relegaverat.
1218 2111 1355 2158 Tales
1395 2126 1581 2172 semper
1616 2110 1752 2159 nobis
1787 2111 1859 2159 in·
1920 2151 1939 2166 Γ

241 2188 512 2237 secutores,
545 2180 727 2237 iniusti,
761 2181 904 2243 impii,
936 2189 1111 2243 turpes,
1146 2196 1263 2243 quos
1295 2189 1343 2227 et
1372 2181 1461 2243 ipsi
1493 2179 1712 2230 damnare
1744 2195 1860 2228 con·
1923 2196 1935 2211 ¹

240 2250 436 2307 mestis,
483 2258 531 2296 et
575 2266 603 2296 a
640 2249 804 2312 quibus
843 2248 1083 2296 damnatos
1122 2250 1372 2299 restituere
1411 2249 1535 2297 soliti
1575 2250 1704 2299 estis.
1767 2249 1861 2299 Ce-

242 2329 394 2366 terum
440 2318 499 2366 de
546 2327 617 2365 tot
662 2319 831 2366 exinde
871 2320 1183 2383 principibus,
1245 2323 1445 2383 [usque]
1494 2319 1554 2367 ad
1580 2319 1858 2369 hodiernum

242 2388 447 2437 divinum
493 2389 830 2454 humanumque
876 2390 1187 2453 sapientibus,
1241 2389 1367 2438 edite
1403 2389 1602 2454 aliquem
1648 2389 1858 2441 debella-

242 2469 395 2507 torem
451 2459 834 2507 Christianorum.
925 2459 990 2506 At
1035 2476 1119 2507 nos
1166 2475 1192 2507 e
1239 2460 1478 2508 contrario
1523 2458 1702 2511 edimus
1745 2476 1857 2524 pro-

243 2539 500 2587 tectorem,
546 2530 586 2577 si
626 2530 814 2577 litterae
845 2530 909 2577 M.
940 2528 1123 2577 Aurelii
1164 2531 1423 2593 gravissimi
1453 2531 1856 2594 imperatorisre-

241 2600 507 2664 quirantur,
570 2596 733 2663 quibus
779 2600 903 2647 illam
950 2599 1271 2648 Germanicam
1317 2602 1437 2650 sitim
1485 2599 1853 2649 Christianorum

241 2670 366 2717 forte
397 2671 590 2718 militum
622 2670 972 2732 precationibus
1005 2671 1253 2733 impetrato
1285 2671 1420 2718 imbri
1452 2669 1710 2719 discussam
1739 2686 1856 2718 con-

241 2748 455 2787 testatur.
517 2739 606 2797 Qui
636 2740 758 2786 sicut
788 2757 879 2786 non
912 2740 1059 2803 palam
1091 2740 1147 2787 ab
1181 2740 1407 2787 eiusmodi
1445 2740 1706 2786 hominibus
1737 2755 1854 2803 poe-

238 2825 343 2856 nam
377 2809 589 2866 dimovit,
637 2810 702 2856 ita
731 2809 823 2856 alio
856 2809 993 2857 modo
1025 2811 1175 2876 palam
1211 2809 1450 2874 dispersit,
1497 2808 1684 2858 adiecta
1714 2810 1853 2857 etiam

356 3006 399 3052 1)
429 3005 637 3043 Heraldus
656 3009 696 3043 et
712 3006 888 3044 flavere.
907 3008 1036 3054 Scit;
1054 3007 1209 3046 Pamel.
1226 3010 1267 3044 et
1279 3006 1423 3046 Seml.:
1447 3007 1532 3054 Ut3
1557 3006 1854 3048 Bhen.:Ut-

239 3061 468 3100 Alburno
499 3062 651 3108 seem
700 3062 969 3110 Gangnaeus:
1015 3065 1077 3102 Ut
1111 3084 1167 3091 ——-
1200 3062 1431 3101 Alburno
1463 3063 1608 3104 facit.
1680 3061 1744 3098 Et
1774 3062 1853 3097 etc.

243 3119 286 3166 2)
318 3117 543 3156 Heraldus:
589 3119 951 3156 annuntiatum
995 3140 1050 3148 —
1093 3130 1221 3167 quae
1258 3141 1310 3147 —-
1348 3119 1633 3167 revelarat3
1689 3115 1780 3165 Rig.
1811 3119 1854 3152 et

240 3174 437 3212 flavere:
469 3174 781 3211 annuntiata
805 3195 860 3202 —
894 3187 1019 3221 quae
1045 3197 1102 3207 -—
1131 3176 1446 3214 revelarunt.

1911 2445 1937 2538 θὴς-,ΑΙ
1920 2364 1934 2401 .·‘
1921 2327 1934 2338 2
1921 2275 1930 2283 ,

1916 2600 1936 2773 arae-Q‘Aae'xs
1919 2543 1935 2591 ’ΞΥ

1930 2939 1935 2946 ,Α
1919 2879 1937 2925 ,tn-*⁴
1916 2812 1934 2858 ³⁴:3⁴⁷
1918 2786 1932 2802 ἠ

1906 3294 1939 3554 ωΰϋωεῐ·“
1914 3210 1939 3274 :11:343
1912 3110 1942 3203 πρῶ
1913 2922 1937 3100 >tte-:wenc
1916 2897 1926 2907 ¹
1916 2862 1933 2886 a·
