1942 3554
264 193 348 245 ,90
794 191 1375 232 Aronoess‘ricus.

268 333 427 383 omnia
460 347 603 396 super
634 332 820 379 Christo
844 331 1038 390 Pilatus,
1072 342 1119 380 et
1146 335 1252 396 ipse
1283 333 1374 379 iam
1402 344 1490 396 pro
1522 343 1629 379 sua
1638 322 1869 381 conscie?

270 406 336 453 tia
384 402 676 450 Christianus
717 401 919 449 Caesari
969 410 1064 449 tum
1109 402 1302 449 Tiberio
1355 402 1600 449 nuntia-vit.
1691 400 1843 450 Sed
1932 430 1937 439 ι

272 474 506 522 Caesares
553 470 867 519 credidissent
907 487 1052 553 super
1083 471 1296 530 Christo,
1339 472 1382 518 si
1409 479 1493 518 aut
1522 470 1756 519 Caesares
1795 471 1935 519 ιιι

269 552 432 592 essent
479 542 641 590 seculo
686 541 971 598 necessarii,
1025 551 1105 589 aut
1142 543 1189 589 si
1234 550 1282 589 et
1328 541 1581 589 Christiani
1625 535 1893 604 Ραῑιιίεεεε
1931 604 1934 610 Δ

271 629 380 663 esse
428 611 677 660 Caesares.
748 611 985 675 Discipuii
1032 624 1216 676 quoqne
1263 608 1416 659 diffusi
1464 623 1550 674 per
1594 610 1855 669 orhem,·e
1859 662 1862 663 γ

269 692 530 748 praecepto
578 682 793 746 magistri
839 681 917 730 dei
961 691 1241 765 paruerunt,
1291 682 1370 746 qui
1417 690 1464 728 et
1508 681 1597 744 ipsi
1637 692 1670 728 *a
1701 680 1864 731 Iudae

270 752 626 817 insequentibus
671 752 814 800 muita
858 753 1096 815 perpessi,
1142 753 1303 816 utique
1346 766 1433 816 pro
1472 748 1646 798 fiducia
1668 743 1881 817 veritatis¹

271 824 500 881 libenter,
548 821 723 870 Romae
749 831 988 886 postremo
1021 838 1111 885 per
1139 821 1348 870 Neronis
1384 821 1652 878 saevitiam,
1693 832 1808 879 saw,

271 909 377 942 nem
417 892 729 941 Christianum
774 893 1140 940 seminaverunt.
1210 891 1313 940 Sed
1357 890 1713 939 monstrabimus
1757 905 1807 939 v·
1833 900 1873 934 ιέ

270 962 471 1011 idoneos
501 971 649 1011 testes
683 962 879 1020 Christi,
914 963 1040 1025 ipsos
1077 963 1206 1019 illos,
1242 978 1360 1026 quos
1390 960 1620 1008 ademtis.
1695 959 1777 1009 Mu
1815 981 1834 1002 ·ι
1931 987 1935 991 -

273 1042 370 1090 est,
402 1033 443 1080 si
475 1049 559 1080 eos
588 1031 861 1089 adhibeam,
894 1041 944 1080 ut
975 1031 1180 1079 credatis
1211 1032 1514 1089 Christianis,
1547 1039 1745 1096 propter
1773 1044 1880 1096 qu

272 1120 366 1151 non
399 1101 594 1150 creditis
627 1102 923 1149 Christianis.
1000 1102 1194 1148 Interim
1232 1102 1309 1148 hic
1350 1109 1423 1149 est
1452 1100 1570 1148 ordo
1602 1109 1792 1148 nostrae
1822 1102 1889 1149 i

275 1173 546 1228 stitutionis,
585 1173 707 1219 hunc
739 1171 969 1219 edidimus
1001 1180 1048 1218 et
1076 1180 1239 1219 sectae
1267 1180 1321 1218 et
1349 1172 1550 1218 nominis
1577 1185 1772 1219 censum
1791 1174 1878 1219 οιιιῖ

274 1259 359 1289 suo
408 1250 621 1289 auctore.
696 1241 848 1289 Nemo
896 1243 987 1288 iam
1032 1242 1267 1288 infamiam
1312 1242 1531 1299 incutiat,
1585 1254 1723 1288 nemo
1767 1241 1884 1298 aliu,
1934 1276 1936 1278 -

277 1312 536 1369 existimet,
583 1313 692 1375 quia
736 1329 825 1359 nec
871 1312 942 1358 fas
981 1320 1054 1358 est
1091 1311 1172 1358 ulli
1206 1310 1264 1359 de
1295 1326 1378 1358 sua
1416 1310 1653 1374 religione
1684 1311 1891 1359 mentiri

274 1382 350 1430 Ex
380 1397 438 1429 eo
469 1382 617 1439 enim,
660 1380 785 1445 quod
821 1380 948 1428 aliud
979 1398 1007 1428 a
1037 1398 1088 1429 se
1123 1381 1217 1428 coli
1249 1380 1386 1439 dicit,
1419 1397 1555 1445 quam
1589 1380 1718 1439 colit,
1934 1379 1938 1406 ³

277 1451 404 1517 quod
435 1452 572 1510 colit,
606 1460 654 1498 et
685 1453 911 1500 culturam
944 1460 994 1498 et
1024 1451 1252 1499 hon-orem
1271 1453 1314 1515 l)
1344 1451 1391 1497 in
1421 1452 1620 1499 alterum
1651 1451 1818 1499 transf
1862 1469 1892 1512 ε,
1936 1468 1940 1475 >

277 1532 327 1571 et
358 1521 689 1570 transferendo
722 1523 810 1570 iam
842 1538 936 1569 non
973 1522 1090 1569 colit
1128 1521 1252 1585 quod
1290 1521 1495 1585 negavit.
1570 1518 1802 1583 Dicimus,
1878 1575 1883 1579 ,
1935 1559 1937 1563 «

274 1594 426 1658 palam
469 1591 690 1650 dicimus,
738 1601 788 1639 et
829 1592 964 1639 vobis
1008 1592 1336 1656 torquentibus
1382 1592 1580 1641 lacerati
1626 1601 1674 1640 et
1713 1600 1895 1640 eruent
1939 1624 1942 1626 -

275 1663 620 1711 vociferamur.
661 1662 810 1710 Deum
844 1663 1039 1710 colimus
1064 1678 1156 1726 per
1173 1662 1424 1710 Christum.
1499 1662 1632 1710 Illum
1664 1663 1883 1713 homines·
1939 1659 1941 1662 ’

275 1742 461 1798 putate,
507 1748 595 1796 per
626 1748 730 1780 eum
763 1741 812 1781 et
841 1734 888 1780 iu
924 1749 987 1780 eo
1026 1749 1077 1780 se
1117 1734 1347 1796 cognosci
1391 1733 1490 1781 vult
1526 1732 1648 1781 deus
1686 1741 1743 1782 et
1784 1725 1897 1782 coli
1903 1759 1925 1786 ς’·

279 1804 340 1851 Ut
384 1812 538 1852 autem
567 1801 759 1851 Iudaeis
803 1802 1138 1867 respondeam,
1191 1812 1242 1851 et
1285 1804 1373 1867 ipsi
1418 1803 1554 1851 deum
1598 1818 1689 1868 per
1728 1802 1864 1864 [Ιισιιι

278 1874 401 1937 nem]
418 1873 466 1936 2)
496 1873 698 1937 Moysen
741 1873 906 1921 coiere
955 1872 1242 1932 didicerunt,
1292 1883 1346 1920 ut
1391 1873 1587 1922 Graecis
1635 1888 1854 1922 occurran
1864 1886 1903 1923 ιι,

279 1943 494 2007 Orpheus
526 1943 737 2001 Pieriae,
769 1943 989 1991 Musaeus
1019 1941 1245 2002 Athenis,
1290 1944 1548 2008 Melampus
1577 1943 1747 2009 Argis,
1779 1945 1885 1992 Τι·

277 2014 478 2077 phonius
496 2013 727 2061 Boeotiae
757 2013 1101 2062 initiationibus
1129 2015 1346 2061 homines
1378 2012 1731 2078 obligaverunt3
1759 2023 1813 2063 ut
1840 2031 1885 2062 a

278 2100 363 2130 vos
409 2099 594 2146 quoque
648 2082 968 2131 dominatores
1021 2085 1228 2146 gentium
1279 2083 1564 2148 adspiciam,
1628 2085 1766 2133 homo
1812 2084 1896 2132 fu'

279 2153 535 2215 Pompilius
567 2151 741 2209 Numa,
789 2154 867 2216 qui
898 2153 1131 2200 Romanos
1171 2155 1514 2218 operosissimis
1555 2155 1897 2218 superstitioni

267 2222 364 2270 ,bus
398 2216 630 2268 oneravit.
707 2222 922 2270 Licuerit
959 2232 1007 2269 et
1036 2221 1225 2270 Christo
1266 2225 1572 2272 commentari
1610 2223 1873 2272 divinitat

279 2307 379 2338 rem
409 2293 674 2355 propriam3
725 2308 818 2339 non
860 2293 943 2356 qui
989 2294 1176 2356 rupices
1223 2303 1271 2341 et
1314 2293 1466 2342 adhue
1511 2295 1641 2342 feros
1684 2295 1893 2343 bomine

280 2360 575 2409 multitudine
606 2370 679 2408 tot
709 2363 940 2409 numinum
974 2361 1363 2411 demerendorum
1395 2365 1620 2412 attonitos
1650 2362 1856 2413 efficien
1882 2393 1887 2405 ·

283 2430 343 2479 ad
373 2431 705 2478 humanitatem
738 2440 1046 2496 temperaret,
1089 2433 1213 2496 quod
1244 2433 1420 2492 Numa3
1459 2433 1544 2481 sed
1583 2435 1664 2498 qui
1694 2435 1784 2482 iam
1818 2431 1910 2483 ei
1938 2479 1939 2483 ,

281 2502 457 2565 politos
500 2510 552 2550 et
588 2502 689 2565 ipsa
727 2502 990 2550 urbanitate
1029 2501 1255 2566 deceptos
1294 2506 1339 2551 in
1370 2505 1658 2568 agnitionem
1686 2505 1907 2553 veritat’

283 2573 516 2619 ocularet.
597 2571 821 2630 Quaerite
855 2589 996 2636 ergo,
1030 2574 1068 2619 si
1099 2589 1212 2620 vera
1242 2575 1303 2620 sit
1332 2576 1420 2621 ista
1453 2574 1671 2621 divinitas
1703 2573 1877 2623 Christi

285 2640 338 2688 Si
372 2658 427 2689 ea
461 2650 555 2698 est,
611 2658 702 2705 qua
733 2644 923 2706 cognita
965 2642 1024 2691 ad
1055 2642 1223 2690 bonum
1257 2645 1358 2708 quis
1390 2645 1697 2703 reformetur,
1746 2645 1880 2709 sequi
1904 2671 1913 2680 =·

284 2719 383 2769 tur,
428 2721 480 2758 ut
511 2711 626 2759 falsa
659 2714 956 2760 renuntietur
993 2713 1184 2777 quaevis
1225 2714 1315 2760 alia
1355 2715 1592 2762 contraria
1630 2723 1898 2778 comperta;

284 2781 496 2844 inprimis
527 2782 607 2829 illa
640 2783 763 2829 omni
797 2784 1008 2842 ratione,
1049 2799 1170 2847 quae
1204 2782 1488 2832 delitescens
1520 2784 1603 2831 sub
1638 2785 1890 2832 nominibu·

400 3032 444 3080 1)
475 3034 522 3069 In
539 3032 624 3069 cod.
644 3033 763 3070 Fuld.
781 3034 934 3073 desunt
956 3046 1020 3074 vv.
1044 3038 1095 3073 et
1126 3035 1405 3083 culturam,
1438 3036 1482 3073 in
1498 3035 1729 3085 wangon.
1751 3034 1878 3073 inho

284 3099 470 3126 norem.
530 3089 762 3135 Utrumque
778 3091 945 3130 videtur
960 3094 1009 3130 ab
1027 3091 1258 3139 interprete
1276 3092 1487 3130 adiectum
1500 3101 1608 3129 ense.
1725 3090 1771 3140 2)
1802 3088 1913 3149 deq
1926 3101 1942 3146 j

283 3144 403 3181 Fuld.
420 3146 460 3182 et
477 3144 579 3181 Hav.
598 3156 671 3191 per
685 3147 728 3182 M
739 3158 797 3190 oy
808 3158 825 3183 s
838 3158 922 3184 em.
