1942 3554
258 188 294 235 8
790 186 871 223 nn
912 184 1358 223 srsscracums.

259 336 498 391 appareat,
533 327 664 374 cuius
695 343 788 373 non
820 326 992 384 sint1).
1032 325 1227 372 Multum
1259 325 1460 372 interest
1490 324 1614 371 inter
1638 331 1883 386 corrupte-

262 398 347 444 lam
382 406 430 445 et
459 397 802 460 integritatem,
851 397 958 458 quia
995 395 1185 442 multum
1224 403 1297 442 est
1333 396 1458 441 inter
1487 394 1803 441 institutorem
1836 402 1883 440 et

259 467 666 530 interpolatorem.
747 466 968 513 Ceterum
1016 481 1177 513 omnes
1225 466 1412 528 species
1458 465 1709 521 malorum,
1765 478 1917 527 quae.>

261 539 401 584 etiam
454 537 630 583 ethnici
684 535 943 583 indubitate
997 544 1045 582 et
1089 535 1342 599 prohibent
1387 544 1435 582 et
1475 532 1763 592 defendunt,
1825 549 1885 581 ex

263 607 485 670 operibus
532 604 611 654 dei
658 615 888 653 constant.
978 605 1062 653 Vis
1114 604 1414 653 homicidium
1467 605 1621 663 ferro,
1681 619 1923 661 veneno,-

260 678 456 740 magicis
503 676 880 724 devinctionibus
934 676 1121 740 perfici:
1175 685 1267 723 tam
1311 677 1487 723 ferrum
1543 673 1620 722 dei
1665 689 1742 721 res
1789 680 1922 731 cst,'

262 763 396 811 quam
442 746 643 804 herbae,
691 763 825 810 quam
871 747 1046 809 angeli.
1125 745 1363 810 Numquid
1401 754 1556 793 tamen
1602 746 1649 791 in
1687 744 1889 792 hominis
1940 760 1942 763 ·

262 834 428 866 necem
461 826 629 864 auctor
659 818 749 863 ista
779 815 1015 880 providit?
1072 814 1248 879 Atquin
1288 831 1469 863 omnem
1508 813 1750 861 homicidii
1782 829 1890 877 spe-
1926 828 1941 856 ι’

263 890 383 936 ciem
415 904 508 934 uno
534 896 583 935 et
605 887 853 951 principali
883 896 1139 950 praecepto
1173 887 1433 933 interemit.
1478 885 1588 932 Non
1613 883 1807 932 occides
1822 885 1886 943 ²).
1919 857 1942 1045 Ξ

262 957 468 1005 Proinde
515 974 698 1014 aurum,
754 973 858 1014 aes,
913 966 1180 1020 argentum,
1229 956 1371 1013 ebur,
1421 956 1618 1019 lignum,
1668 963 1716 1002 et
1748 970 1939 1018 quae-,

263 1044 451 1091 cunque
491 1026 777 1074 fabricandis
818 1026 955 1073 idolis
995 1028 1191 1074 materia
1225 1035 1464 1090 captatur,
1517 1026 1618 1089 quis
1650 1026 1697 1071 in
1728 1011 1942 1072 seculo

264 1099 442 1163 posuit,
490 1099 579 1144 nisi
620 1098 765 1145 seculi
807 1106 976 1144 auctor
1013 1096 1157 1144 deus?
1218 1094 1455 1160 Numquid
1493 1105 1648 1143 tamen
1686 1104 1736 1143 ut
1774 1096 1927 1143 haec
1930 1105 1942 1161 j

263 1168 490 1216 adversus
536 1168 687 1231 ipsum
727 1167 1015 1215 adorentur?
1080 1167 1258 1230 Atquin
1302 1183 1476 1213 summa
1523 1166 1702 1213 offensa
1746 1181 1942 1229 penes

267 1239 396 1285 illum
428 1237 701 1284 idololatria
732 1247 821 1284 est.
895 1236 1016 1295 Quid
1047 1253 1140 1283 non
1173 1236 1251 1283 dei
1283 1245 1376 1294 est,
1418 1235 1544 1299 quod
1575 1235 1713 1283 deum
1745 1235 1895 1283 offen-
1925 1228 1942 1296 εξ

267 1307 365 1355 dit?
403 1306 488 1355 sed
521 1323 622 1354 cum
657 1306 867 1364 offendit,
902 1306 980 1353 dei
1013 1323 1116 1353 csse
1151 1305 1306 1364 desiit,
1341 1315 1390 1353 et
1421 1321 1523 1352 cum
1556 1304 1711 1364 desiit,
1745 1305 1896 1354 offen·

269 1378 352 1425 dit.
427 1377 531 1441 Ipse
578 1377 742 1435 homo,
791 1377 994 1424 omnium
1040 1377 1323 1440 flagitiorum
1368 1385 1526 1434 actor,
1581 1393 1673 1423 non
1719 1384 1896 1423 tantum
1929 1386 1942 1405 ‘4

268 1464 385 1511 opus
417 1447 517 1505 dei,
556 1463 720 1495 verum
752 1449 891 1494 ctiam
925 1448 1081 1510 imago
1116 1455 1210 1494 est:
1266 1455 1315 1494 et
1345 1454 1499 1493 tamen
1531 1455 1580 1494 et
1611 1462 1817 1510 corpore
1850 1455 1899 1493 et
1931 1442 1942 1474 ‘-

267 1519 435 1581 spiritu
468 1517 672 1564 descivit
710 1533 738 1564 a
769 1534 853 1564 suo
893 1518 1182 1564 institutore.
1261 1515 1432 1580 Neque
1473 1517 1596 1564 enim
1635 1517 1799 1564 oculos
1838 1514 1900 1563 ad
1934 1518 1942 1547 ³·

269 1589 679 1651 concupiscentias
719 1589 986 1645 sumsimus,
1035 1602 1187 1651 neque
1230 1587 1434 1650 linguam
1473 1585 1533 1634 ad
1563 1582 1942 1652 maffloquiumfi

268 1667 319 1705 et
362 1673 500 1705 aures
546 1656 604 1704 ad
652 1658 1010 1722 exceptaculum
1050 1657 1331 1720 maliloquii,
1380 1665 1429 1704 et
1466 1658 1621 1721 gulam
1659 1656 1718 1704 ad
1757 1657 1897 1720 gulae
1935 1682 1940 1685 ·

270 1730 476 1786 crimen,
528 1736 576 1775 et
606 1736 818 1775 ventrem
850 1727 910 1775 ad
941 1729 1077 1791 gulae
1110 1729 1375 1775 satietatem
1390 1729 1463 1787 3),
1506 1737 1553 1774 et
1583 1728 1809 1791 genitalia
1840 1726 1901 1774 ad
1940 1736 1942 1738 ’

270 1814 499 1846 excessus
546 1797 892 1861 impudicitiae,
948 1808 996 1846 et
1041 1814 1201 1845 manus
1248 1797 1305 1845 ad
1345 1798 1462 1856 vim,
1521 1806 1569 1846 et
1607 1813 1803 1862 gressus
1841 1796 1902 1845 ad

269 1884 435 1932 vagam
466 1869 635 1926 vitam3
693 1877 772 1914 aut
802 1869 992 1931 spiritus
1024 1868 1133 1916 ideo
1166 1869 1332 1915 insitus
1365 1869 1578 1931 corpori,
1625 1876 1677 1914 ut
1707 1867 1901 1915 insidia-

270 1955 372 1987 rum
420 1948 469 1986 et
512 1936 728 1985 fraudum
774 1946 824 1985 et
868 1939 1161 2002 iniquitatum
1208 1939 1542 2001 cogitatorium
1581 1938 1748 1985 fieret?
1808 1955 1902 1985 non

272 2010 460 2072 opinor.
520 2006 641 2054 Nam
675 2009 714 2054 si
748 2025 930 2055 omnem
964 2008 1301 2071 malignitatem
1334 2017 1381 2054 ct
1412 2009 1451 2055 si
1482 2017 1656 2056 tantam
1681 2008 1902 2056 malitiam

272 2080 594 2141 excogitatam
648 2076 766 2124 deus
821 2087 1018 2125 exactor
1075 2079 1376 2124 innocentiae
1432 2077 1558 2136 odit,
1624 2077 1899 2134 indubitate,

274 2163 584 2212 quaecunque
625 2145 857 2204 condidit,
913 2164 1004 2194 non
1046 2149 1090 2193 in
1133 2148 1306 2195 exitum
1340 2163 1531 2211 operum
1572 2156 1758 2195 constat
1789 2163 1903 2195 con-

275 2217 452 2265 didisse
486 2232 606 2281 quae
639 2216 845 2275 damnat,
894 2217 1009 2264 licet
1039 2216 1204 2264 eadem
1243 2232 1389 2280 opera
1425 2233 1512 2281 per
1543 2233 1600 2265 ea
1631 2233 1749 2282 quae
1790 2235 1903 2265 con-

274 2287 395 2335 didit
439 2286 845 2344 administrentur,
902 2286 1086 2350 quando
1133 2287 1250 2334 haec
1299 2289 1359 2334 sit
1402 2296 1502 2334 tota
1546 2288 1667 2335 ratio
1715 2286 1903 2335 damna-

275 2359 435 2416 tionis,
468 2373 693 2422 pervcrsa
726 2356 1070 2404 administratio
1106 2356 1389 2405 conditionis
1421 2374 1448 2404 a
1480 2357 1684 2405 conditis
1701 2359 1760 2419 4).
1800 2357 1902 2406 Nos
1935 2396 1938 2399 ,

276 2429 444 2492 igitur,
501 2429 580 2492 qui
627 2427 716 2474 deo
757 2428 950 2490 cognito
1000 2429 1138 2476 etiam
1179 2428 1409 2474 aemulum
1457 2429 1557 2475 cius
1596 2428 1900 2491 inspeximus,

277 2500 357 2562 qui
396 2500 664 2546 institutore
706 2507 950 2561 comperto
991 2499 1129 2546 etiam
1169 2498 1558 2561 interpolatorem
1595 2515 1686 2545 una
1731 2496 1901 2562 depre-

279 2567 553 2626 hendimus,
616 2584 768 2632 neque
815 2569 974 2616 mirari
1020 2584 1173 2631 neque
1221 2567 1436 2615 dubitare
1484 2576 1703 2631 oportet,
1764 2584 1941 2631 quum,

280 2640 430 2702 ipsum
463 2639 720 2696 hominem,
757 2655 873 2702 opus
905 2648 953 2685 ct
984 2639 1233 2702 imaginem
1268 2637 1366 2695 dei,
1407 2639 1550 2684 totius
1583 2638 1903 2685 universitatis

280 2724 633 2772 possessorem,
680 2709 760 2756 illa
798 2709 869 2756 vis
908 2709 1259 2773 interpolatoris
1307 2718 1354 2755 et
1399 2708 1700 2756 aemulatoris
1745 2708 1903 2771 angeli

282 2778 339 2825 ab
372 2779 505 2824 initio
540 2777 598 2826 de
631 2780 903 2842 integiitate
938 2778 1192 2837 deiecerit,
1248 2780 1354 2842 quin
1394 2779 1657 2826 universam
1689 2777 1905 2825 substan-

283 2849 394 2895 tiam
428 2850 552 2906 eius,
606 2850 785 2911 pariter
823 2866 925 2896 cum
964 2852 1065 2914 ipso
1104 2850 1364 2912 integritati
1390 2840 1680 2906 institutam,
1726 2847 1907 2911 pariter

401 3029 442 3078 1)
488 3030 572 3068 cui
617 3032 734 3068 usui
779 3033 884 3069 sint
930 3034 1203 3081 instituta,
1255 3033 1299 3069 si
1344 3035 1619 3080 appareat,
1666 3029 1749 3068 cui
1791 3040 1904 3066 non.

286 3087 521 3135 Rigaltius.
654 3085 695 3134 2)
730 3088 864 3124 Exod.
901 3091 972 3137 20,
1015 3091 1082 3126 13.
1222 3088 1272 3136 3)
1311 3088 1619 3126 societatem
1659 3086 1726 3123 Fr.
1757 3084 1903 3122 lunius

286 3155 338 3180 ex
365 3141 457 3182 MS.
482 3147 523 3180 et
549 3143 770 3191 Rigaluus.
888 3147 933 3193 4)
966 3159 990 3184 a
1023 3145 1252 3183 conditis
1285 3145 1403 3182 deest
1426 3144 1468 3181 in
1492 3141 1769 3202 editrssigalt.
