1942 3554
301 223 393 270 66
805 220 882 259 AD
919 220 1196 259 UXOREM
1238 220 1351 258 mn.
1381 222 1412 259 1.

299 337 497 392 familia,
545 335 593 380 in
638 332 804 379 alienis
850 332 1015 395 opibus
1061 330 1331 379 incumbere
1349 334 1395 392 ¹)
1443 331 1615 380 cultum
1660 332 1719 382 de
1763 335 1920 384 alieno

300 415 584 468 extorquere
644 410 849 464 sumptu,
911 417 1046 464 quem
1099 418 1193 448 non
1244 403 1419 449 sentias
1471 401 1645 450 cedere
1697 406 1744 451 in
1793 414 1840 453 te
1857 409 1928 467 2),

300 476 430 522 Haec
461 473 627 537 procul
658 488 687 518 a
717 471 948 529 fidelibus,
982 470 1145 534 quibus
1176 473 1303 519 nulla
1332 488 1447 520 cura
1475 472 1751 522 tolerandae
1780 477 1929 535 vitae,

300 545 389 592 nisi
420 545 460 591 si
491 541 734 590 diffidimus
766 541 824 588 de
856 543 1097 605 promissis
1129 540 1206 588 dei
1240 545 1309 602 [et
1340 558 1476 610 cura,
1509 552 1558 590 et
1586 543 1929 611 providentia,13

302 616 379 678 qui
409 614 507 660 lilia
537 614 746 675 agrestia
774 613 1003 672 vestit3),
1045 613 1122 675 qui
1150 612 1362 659 volatilia
1392 611 1518 660 coeli
1555 614 1681 661 nullo
1719 615 1929 678 ipsorum

299 685 464 732 labore
509 684 684 747 pascit,
741 684 818 745 qui
871 682 1093 746 prohibet
1136 681 1194 729 de
1243 683 1448 730 crastino
1493 684 1622 731 victu
1664 681 1932 750 vestituun

301 755 482 812 curari,
530 752 765 817 spondens
811 754 933 800 scire
980 768 1054 810 se,
1102 751 1212 816 quid
1252 754 1418 816 cuique
1456 769 1705 815 servorum
1742 770 1942 811 suorumw

303 841 420 889 opus
465 825 540 872 sit.
615 823 725 871 Non
779 822 966 886 quidem
1009 824 1255 870 vmonilium
1308 822 1543 887 pondera,
1597 841 1691 872 non
1733 827 1932 875 vestium

301 894 483 952 taedia,
538 910 631 941 non
679 892 888 940 Gallicos
937 893 1179 952 vultus4),
1233 908 1322 941 nec
1369 892 1679 942 Germanicos
1715 895 1942 956 baiulos,¹

304 981 423 1030 quae
455 966 717 1028 nuptiarum
749 964 947 1025 gloriam
980 961 1268 1020 accendunt,
1310 962 1403 1010 sed·
1425 964 1771 1023 sufficientiam,
1803 970 1942 1030 ‚quae

303 1034 576 1083 modestiae,
596 1043 645 1082 et
674 1033 928 1097 pudicitiae
960 1041 1070 1096 apta
1106 1041 1192 1079 est.
1268 1032 1544 1092 Praesume,
1585 1051 1670 1083 oro
1711 1045 1780 1093 te,
1819 1035 1942 1085 nihi-t

302 1106 389 1152 tibi
421 1121 536 1168 opus
568 1119 696 1159 esse,
737 1104 776 1149 si
809 1102 997 1149 domino
1038 1117 1290 1165 appareaS,
1329 1103 1421 1150 imo
1463 1106 1626 1169 omnia
1643 1098 1855 1164 babere,
1895 1106 1942 1154 si

302 1175 480 1223 habeas
526 1173 783 1230 dominum3
833 1173 962 1218 cuius
1005 1173 1160 1218 omnia
1198 1172 1427 1219 coelestia
1462 1164 1701 1237 recogita,
1748 1185 1796 1223 et
1839 1185 1936 1223 ter-

304 1254 422 1292 rena
476 1242 728 1306 despicies.
818 1241 948 1288 Nihil
999 1240 1215 1289 viduitati
1269 1241 1392 1306 apud
1446 1242 1583 1291 deum
1636 1245 1942 1348 subsignatae

305 1315 624 1362 necessarium
663 1321 757 1369 est,
798 1328 933 1375 quam
972 1327 1299 1375 perseverare,
1918 1353 1927 1357 ,

448 1388 495 1435 5.
555 1381 800 1430 Adiiciunt
845 1380 1030 1445 quidem
1069 1382 1158 1429 sibi
1196 1383 1408 1433 homines
1448 1399 1638 1433 caussas
1676 1387 1942 1449 nuptiarum

306 1454 366 1502 de
413 1452 729 1501 sollicitudine
768 1452 1060 1516 posteritatis
1099 1461 1149 1499 et
1186 1453 1441 1508 liberorum
1479 1457 1770 1503 amarissima
1804 1457 1938 1504 volu*-

305 1534 452 1590 ptate.
530 1522 627 1570 Sed
665 1522 713 1569 id
753 1538 936 1586 quoque
975 1538 1120 1585 penes
1152 1539 1237 1569 nos
1269 1522 1496 1576 odiosum·
1514 1534 1601 1573 est.
1675 1522 1942 1590 Nam'quifl'

307 1596 561 1658 gestiamus
602 1593 776 1640 liberos
815 1608 1010 1655 gerere,
1052 1608 1167 1655 quos
1207 1609 1318 1640 cum·
1349 1593 1595 1661 habemus,
1634 1591 1942 1659 praemittet-6¹

308 1674 544 1728 optamus,
578 1672 799 1726 respectu
831 1664 1017 1709 scilicet
1047 1663 1380 1710 imminentium
1412 1667 1746 1727 angustiarum,
1781 1665 1942 1730 cupidi

307 1744 358 1782 et
394 1734 483 1797 ipsi
521 1730 810 1796 iniquissimo
849 1734 939 1779 isto
972 1733 1133 1779 seculo
1166 1734 1306 1779 eximi
1338 1742 1387 1780 et
1415 1734 1566 1798 recipi
1595 1734 1656 1782 ad
1681 1734 1938 1795 dominum,

309 1803 434 1868 quod
467 1804 605 1851 etiam
638 1804 856 1866 apostolo
886 1811 1045 1850 votum
1076 1803 1193 1848 fuit?
1236 1801 1465 1851 Nimirum
1497 1807 1767 1853 necessaria
1799 1803 1940 1854 sobo-

308 1876 378 1922 les
409 1889 546 1921 servo
580 1872 672 1920 dei.
737 1871 862 1919 Satis
895 1873 1017 1919 enim
1049 1871 1107 1919 de
1139 1873 1289 1919 salute
1321 1882 1485 1921 nostra
1503 1876 1549 1935 5)
1580 1876 1738 1937 securi
1770 1892 1942 1936 sumus,

307 1954 360 1992 ut
390 1945 550 1991 liberis
580 1959 823 2001 v·acemus
857 1942 1128 2006 quaerenda
1158 1943 1293 1990 nobis
1325 1960 1491 1991 onera
1502 1950 1637 2004 sunt,
1658 1962 1775 2009 quae
1801 1947 1942 1996 etiam

309 2032 338 2063 a
368 2015 611 2078 gentilium
643 2014 854 2077 profanis
870 2014 916 2073 6)
949 2014 1169 2071 vitantur,
1204 2029 1321 2077 quae
1347 2015 1530 2077 legibus
1555 2016 1787 2084 coluntur,
1822 2028 1942 2080 quat

307 2084 577 2149 parricidiis
608 2092 958 2148 expugnantur,
1001 2084 1136 2130 nobis
1169 2083 1353 2148 quidem
1384 2079 1628 2148 plurimum
1659 2087 1938 2150 importuna,

311 2163 529 2218 quantum
562 2153 672 2202 fidei
711 2155 994 2217 periculosa.
1064 2154 1167 2200 Cur
1205 2156 1326 2201 enim
1365 2154 1640 2216 dominus⁷)
1678 2173 1765 2204 vae
1801 2173 1942 2220 prae-

311 2225 559 2287 gnantibus
591 2232 640 2270 et
670 2224 1011 2270 nutricantibus
1044 2225 1241 2280 cecinit,
1282 2226 1371 2270 nisi
1412 2227 1520 2288 quia
1557 2226 1755 2273 filiorum
1795 2228 1942 2291 impe·-

310 2294 517 2341 dimenta
542 2302 744 2343 testatur
768 2294 815 2339 in
841 2294 920 2339 illa
946 2292 1022 2339 ‹lie
1049 2292 1365 2356 expeditionis
1389 2295 1732 2342 incommodum
1757 2297 1942 2344 futura?

309 2365 469 2427 utique
516 2365 688 2427 nuptiis
733 2364 1055 2426 imputaturus·
1131 2362 1262 2416 Istud
1311 2372 1464 2410 autem
1512 2363 1579 2411 ‘ad
1629 2365 1793 2413 viduas
1846 2383 1942 2414 non

310 2434 590 2499 pertinebit,
638 2432 698 2480 ad
743 2434 937 2496 primam
983 2433 1139 2495 angeli
1171 2433 1333 2487 ¹tubam
1373 2433 1623 2497 expeditae
1668 2437 1937 2500 prosilientq

312 2519 633 2569 quamcunque
679 2519 945 2567 pressuram
984 2505 1456 2567 persecutionemque
1495 2505 1643 2553 libere
1681 2507 1940 2569 perferent,

312 2575 438 2622 nulla
469 2576 516 2622 in
547 2582 710 2631 utero,
751 2574 878 2620 nulla
915 2573 962 2619 in
1001 2573 1223 2621 uberibus
1261 2583 1504 2622 aestuante
1544 2577 1730 2628 sarcina
1759 2578 1942 2640 nuptia·-

426 2759 470 2807 1)
503 2758 593 2806 Rig.
625 2757 892 2795 incubare.
1008 2753 1053 2809 2)
1087 2757 1176 2805 Rig.
1210 2761 1468 2807 sumptum
1501 2770 1647 2806 quem
1683 2771 1783 2798 non
1821 2771 1942 2798 sen·

312 2814 416 2852 tias
458 2814 622 2851 edere.
738 2814 783 2860 3)
815 2814 906 2862 Rig.
938 2814 1023 2860 qui
1059 2813 1179 2851 lili-a
1217 2816 1332 2863 agri
1369 2817 1520 2852 tanta
1550 2816 1731 2866 gratia
1767 2816 1942 2855 vestie.

314 2868 361 2922 4)
400 2871 532 2907 Rhcn.
572 2869 809 2907 Gallicos
855 2870 1055 2913 vultus,
1101 2871 1193 2918 Rig.
1236 2871 1363 2910 Gall.
1402 2872 1620 2927 multos,
1666 2872 1723 2910 al.
1760 2872 1941 2912 mulos.

315 2925 360 2978 5)
392 2928 454 2963 lta
478 2926 655 2973 Rigaltq
686 2928 799 2963 Iun.:
834 2926 972 2964 Satis
1004 2925 1135 2963 enim
1169 2926 1225 2963 de
1257 2930 1399 2965 sorte
1428 2931 1611 2973 nostra
1647 2930 1727 2966 etc.
1785 2928 1939 2966 Rhem:

313 2982 456 3021 Satis
488 2983 619 3019 enim
651 2982 839 3019 desunt
869 2983 1069 3020 n·:ostra
1101 2983 1279 3020 securi
1308 2995 1482 3022 sumus
1512 2986 1566 3022 ut
1594 2972 1753 3022 liberi
1781 2994 1940 3022 vace-

313 3049 435 3076 mus.
547 3038 627 3086 6)
665 3038 757 3086 Rig.
795 3049 820 3075 a
858 3038 1135 3086 gentilium
1175 3038 1445 3087 plerisque
1474 3060 1530 3071 —
1559 3034 1708 3080 nobis
1747 3040 1940 3078 demum

314 3094 444 3142 plur.
474 3093 771 3140 importuna
808 3097 888 3132 etc.
946 3094 1099 3132 Rham:
1130 3105 1155 3131 a
1185 3098 1319 3143 gent.
1351 3097 1636 3145 prophanis
1666 3097 1776 3147 vit„
1809 3104 1939 3144 quae

316 3150 408 3200 leg.
439 3151 687 3189 locantur
717 3153 800 3188 etc.
918 3147 965 3201 7)
997 3149 1146 3187 Matth,
1166 3152 1319 3199 24,1o.
1357 3154 1460 3191 Luc.
1479 3155 1545 3205 21,
1563 3155 1630 3191 23.
