1942 3554
271 207 358 259 93
799 205 1380 253 Aronoonmcus,

271 357 362 405 ret,
400 361 520 410 qnae
553 347 742 394 cineres
775 346 901 394 lovis
933 345 1083 393 texit?
1153 344 1315 393 Vellet
1345 342 1460 391 Iuno
1487 341 1712 391 Punicam
1744 336 1903 409 urbafj

271 416 539 483 posthabita
585 415 725 464 Samo
775 415 993 463 dilectam
1040 415 1097 464 ab
1134 412 1466 463 Aeneadarum
1514 414 1676 479 utique
1726 429 1900 478 geney⁴

275 487 457 536 deleri?
533 485 668 544 Quod
706 488 743 533 si
1762 545 1767 549 ⁴

1304 568 1393 616 Hie
1426 567 1550 616 iuius
1581 583 1726 626 arma,
1876 564 1892 571 ·

421 641 510 689 Hic
543 656 708 688 currus
738 639 849 698 suit,
883 640 974 688 hoc
1006 655 1202 703 regnum
1242 637 1327 687 dea
1363 638 1582 702 gentibus
1614 654 1737 696 esse,
1885 671 1887 674 ι
1917 682 1922 684 .

423 710 475 758 Si
514 726 604 776 qua
637 711 731 758 fata
763 711 937 768 sinant,
971 711 1061 756 iam
1094 718 1189 756 tum
1221 708 1466 773 tenditque
1496 709 1747 772 fovetque:
1768 709 1812 772 1)

279 810 459 860 Misera
492 809 573 856 illa
605 810 810 856 coniunx
847 807 973 855 Iovis
1007 816 1056 855 et
1087 823 1226 854 soror
1255 806 1481 855 adversus
1514 807 1611 855 fata
1641 823 1733 854 non
1765 799 1890 859 valui,

278 881 441 945 plane:
1867 875 1891 884 ”

707 961 821 1009 Fato
855 971 947 1009 stat
979 961 1158 1025 Iupiter
1189 962 1306 1024 ipse.

285 1047 391 1098 Nec
423 1055 602 1096 tantum
639 1055 793 1093 tamen
826 1046 1020 1093 honoris
1054 1045 1252 1092 Romani
1284 1044 1562 1093 dicaverunt
1592 1044 1702 1092 satis
1735 1042 1930 1101 dede„

282 1119 407 1167 tibus
439 1116 527 1165 sibi
561 1116 892 1180 Carthaginem
924 1115 1153 1164 adversus
1185 1115 1468 1165 destinatum
1499 1124 1751 1179 votumque
1771 1114 1795 1161 1*
1838 1136 1858 1155 ι·
1890 1110 1909 1135 τ*

285 1190 381 1248 nis,
444 1196 661 1252 quantum
708 1187 1123 1250 prostitutissimae
1172 1186 1309 1249 lupae
1354 1184 1659 1233 Larentinae.
1748 1183 1801 1231 Pl
1874 1178 1921 1250 J:

289 1259 407 1308 deos
458 1267 648 1306 vestros
695 1272 923 1321 regnasse
971 1265 1150 1303 certum
1199 1264 1286 1303 est.
1363 1255 1516 1319 Igitur
1553 1257 1593 1302 si
1632 1255 1931 1302 θοηΐθτθοιί

287 1330 473 1393 imperii
518 1336 682 1376 tenent
726 1335 1032 1391 potestatem,
1082 1343 1186 1373 cum
1224 1327 1316 1389 ipsi
1353 1333 1652 1390 regnarent„
1681 1341 1709 1372 a
1747 1325 1846 1388 qni

290 1407 580 1464 acceperant
610 1414 713 1446 eam
746 1399 977 1462 gratiam?
1030 1413 1165 1461 quem
1200 1397 1415 1444 coluerat
1446 1393 1677 1444 Saturnus
1709 1403 1759 1443 et
1789 1394 1810 1443 1
1856 1394 1933 1438 -ιῑ

289 1472 395 1520 ter?
438 1470 639 1533 aliquem
672 1469 842 1531 opinor
875 1467 1180 1525 Sterculium‚
1236 1465 1338 1530 [sed
1370 1465 1547 1513 Romae
1578 1463 1770 1532 postea]
1806 1473 1929 1518 cus.

290 1540 526 1604 indigenis
557 1540 667 1587 suis.
743 1539 894 1586 Etiam
928 1540 966 1586 si
998 1539 1076 1602 qui
1109 1554 1201 1584 non
1233 1545 1506 1600 regnarunt,
1545 1545 1702 1584 tamen
1738 1550 1792 1582 re
1840 1556 1868 1577 12
1935 1579 1942 1584 .

290 1612 432 1661 batur
469 1610 526 1658 ab
566 1610 669 1657 aliis
700 1608 903 1656 nondum
938 1608 1197 1656 cultoribus
1236 1609 1354 1665 suis,
1402 1616 1454 1654 ut
1493 1607 1571 1671 qui
1609 1605 1812 1654 nondum
1860 1613 1894 1622 ’·

291 1681 601 1731 habebantur.
678 1679 809 1743 Ergo
841 1679 1039 1726 aliorum
1073 1687 1147 1725 est
1176 1694 1372 1741 regnum
1412 1676 1548 1736 dare,
1597 1678 1706 1742 quia
1743 1692 1851 1724 ne
1884 1663 1895 1681 ‘

293 1753 430 1801 batur
473 1752 618 1798 multo
673 1759 782 1798 ante
829 1766 962 1814 quam
1002 1750 1080 1796 isti
1121 1748 1184 1795 dii
1223 1747 1565 1796 inciderentur.
1646 1745 1743 1795 Sed
1782 1742 1925 1811 qur-7¹²³

292 1839 459 1871 vanum
505 1830 578 1868 est
621 1820 858 1884 fastigium
898 1819 1329 1874 Romani-nominis
1368 1818 1697 1882 religiositatis
1734 1817 1891 1865 meri

296 1893 551 1957 deputare,
601 1907 704 1938 eum
742 1899 851 1954 post
881 1891 1129 1954 imperium
1168 1891 1267 1936 sive
1307 1887 1458 1935 adhuc
1498 1905 1695 1953 regnum
1747 1891 1897 1949 [auc-

294 1966 387 2012 iam
418 1961 584 2024 rebus]
621 1961 795 2024 religio
828 1962 1104 2025 pro-fecerit.
1180 1959 1298 2007 Nam
1338 1960 1424 2006 etsi
1458 1959 1655 2008 aNuma
1686 1973 1923 2007 conce»

297 2043 370 2083 est
407 2033 660 2081 curiositas
700 2032 1052 2094 superstitiosa,
1101 2029 1304 2077 nondum
1344 2038 1498 2077 tamen
1537 2039 1617 2077 aut
1653 2023 1921 2078 simulac'*

296 2113 378 2152 aut
406 2103 592 2166 templis
630 2117 708 2148 res
739 2101 896 2148 div-ina
927 2100 1047 2164 apud
1079 2100 1314 2148 Romanos
1348 2100 1616 2159 constabat3
1648 2100 1776 2164 frugi
1806 2090 1917 2171 req—

298 2176 377 2238 gio
411 2182 460 2221 et
489 2187 723 2237 pauperes
762 2172 903 2228 ritus,
949 2179 999 2219 et
1042 2171 1167 2218 nulla
1201 2170 1436 2234 Capitolia
1483 2172 1714 2218 certantia
1761 2168 1918 2293 eucig

297 2244 380 2293 sed
412 2243 663 2291 temeraria
695 2241 753 2289 de
787 2243 968 2305 cespite
999 2242 1188 2299 altaria,
1240 2250 1287 2287 et
1318 2257 1427 2288 vasa
1455 2239 1610 2289 adhuc
1644 2242 1824 2299 Samia,
1859 2257 1898 2304 ’κῃ
1923 2259 1942 2266 “·

297 2314 436 2362 nidor
466 2329 523 2362 ex
557 2313 671 2371 illis,
705 2321 755 2360 et
785 2311 900 2359 deus
930 2313 1031 2375 ipse
1064 2328 1305 2376 nusquam.
1384 2310 1604 2359 Nondum
1645 2313 1769 2359 enim
1806 2307 1942 2372 tuq‘Qss

298 2386 488 2449 ingenia
537 2382 825 2432 Graecorum
878 2391 1017 2446 atque
1062 2382 1319 2429 Tuscorum
1373 2380 1606 2446 fingendis
1657 2372 1942 2442 simulamfiJ

299 2456 463 2504 urbem
515 2452 871 2502 inundaverant.
960 2452 1093 2516 Ergo
1140 2469 1232 2499 non
1278 2461 1387 2499 ante
1441 2453 1658 2516 religiosi
1704 2438 1938 2520 Romassfi

301 2543 435 2591 quam
481 2525 662 2588 magni3
719 2522 922 2587 ideoque
963 2540 1055 2569 non
1095 2523 1152 2569 oh
1193 2524 1284 2570 hoc
1323 2524 1502 2587 magni,
1549 2523 1656 2586 quia
1683 2519 1912 2586 religioni·

298 2596 443 2661 Atqui
475 2593 710 2660 quomodo
743 2593 801 2641 ob
835 2593 1114 2657 religionem
1145 2595 1299 2657 magni
1316 2630 1329 2652 ‚
1363 2593 1529 2658 quibus
1560 2591 1830 2656 magn-itudo
1861 2574 1942 2669 ᾴή

302 2667 661 2731 irreligiositate
709 2665 951 2729 provenit!
1042 2664 1103 2711 Ni
1151 2664 1291 2711 fallor
1337 2664 1487 2722 enim,
1543 2679 1681 2711 omne
1725 2664 1942 2726 regnum

301 2737 376 2785 vel
396 2737 642 2800 imperium
659 2735 796 2783 bellis
814 2735 1057 2799 quaeritur
1088 2743 1136 2783 et
1166 2736 1380 2782 victoriis
1413 2742 1720 2798 propaga-tur.
1770 2723 1915 2786 Porth-

301 2807 429 2856 bella
460 2815 509 2855 et
546 2806 778 2853 victoriae
812 2807 962 2868 captis
1003 2814 1051 2853 et
1089 2806 1269 2853 eversis
1310 2806 1552 2870 plurimum
1585 2803 1778 2851 urbibus
1810 2793 1911 2875 coefi:

304 2887 445 2925 stant.
524 2875 577 2924 ld
606 2877 848 2939 negotium
881 2877 982 2924 sine
1015 2874 1210 2923 deorum
1242 2876 1410 2923 iniuria
1441 2892 1533 2923 nnn
1565 2883 1652 2922 est.
1714 2867 1933 2945 Eaede'ffw

304 2957 488 3012 strages
541 2948 774 2993 moenium
822 2955 870 2992 et
915 2946 1214 3009 templorum,
1261 2962 1400 3009 pares
1448 2944 1620 2994 caedes
1668 2945 1837 2992 civium
1875 2945 1940 3010 §-

305 3016 604 3066 sacerdotum
624 3051 637 3075 ‚
670 3031 759 3063 nec
792 3015 1043 3064 dissimiles
1075 3018 1265 3081 rapinae
1305 3031 1544 3064 sacrarum
1577 3014 1844 3063 divitiarum
1874 3011 1907 3078 Q
1935 3016 1942 3039 ³

421 3173 465 3221 1)
494 3172 611 3222 Virg.
628 3174 729 3211 Aen.
746 3173 777 3222 1,
811 3173 861 3209 16
887 3183 975 3219 sqq.
1875 3122 1896 3194 ἕ
1936 3194 1938 3197 ,

1861 3472 1893 3554 5⁶⁸⁴*
1874 3433 1893 3462 ¹3·-
1868 3332 1893 3427 ’.ἀς-ΦΓ
1880 3200 1896 3241 μυ(
