1942 3554
2 2662 38 2773 ιι·
3 2584 41 2632 a.
3 2447 58 2561 *ἢ*
3 2375 65 2420 {¹³
4 2195 48 2349 ‘⁴⁶'-

8 1527 54 1569 ff*

7 1722 56 1789 n*
75 1728 111 1807 Γ4

51 152 82 231 ξ’
577 160 662 201 DE
691 155 1052 199 .ΒΑΡΤ15Μο.·
1545 155 1633 200 33.

102 273 363 321 natissima
386 271 604 321 doctrina
628 289 712 322 sua
734 274 985 338 plerosque
1011 272 1187 337 rapuit,
1220 272 1430 336 inprimis
1452 271 1632 335 baptis-

15 318 58 391 *
90 367 109 387 :e
154 343 426 401 destruens:
465 345 605 407 plane
636 344 891 394 secundnm
923 352 1160 403 naturam3
1210 360 1314 390 nam
1359 343 1462 391 sere
1498 343 1633 406 vipe-

130 423 180 463 et
219 414 411 481 aspides
455 416 637 480 ipsique
675 418 827 479 reguli
867 424 1113 480 serpentes
1154 413 1288 461 arida
1326 422 1376 461 et
1404 415 1632 478 inaquosa

20 495 259 535 ’.Jctantun
334 484 432 534 Sed
476 503 562 534 nos
606 488 823 551 pisciculi
869 486 1125 543 secundum
1156 485 1398 540 ΙΧΘΥΝ
1420 495 1630 534 nostrum

18 574 152 606 asum
199 557 436 606 Christum
481 558 528 604 in
572 574 694 622 aqua
738 559 1013 615 nascimur,
1049 573 1139 604 nec
1184 557 1345 614 aliter,
1403 573 1538 621 quam
1585 558 1633 604 in

117 678 121 680 ,
150 626 496 693 Permanendo,
544 629 661 676 salvi
706 644 877 676 sumus.
961 627 1034 675 Ita
1066 626 1290 686 Quintilla
1328 630 1631 675 monstrosis-

41 712 139 758 ma,
172 700 368 748 eui-nec
399 699 585 762 integre
618 697 804 763 quidem
836 697 1045 756 docendi,
1079 700 1151 745 ius
1183 706 1308 755 erat,
1342 699 1519 762 optime
1546 716 1630 745 no-

85 770 359 836 :pisciculos
387 785 562 818 necare
594 768 654 817 de
685 786 817 835 aqua¹
836 770 1094 817 auferens„

51 846 91 882 :32
136 845 190 893 2.
251 839 348 897 Sed
379 842 502 889 6111111
534 834 708 904 quanta
734 841 806 888 vis
836 848 910 887 est
940 840 1265 903 perversitatis
1297 838 1356 886 ad
1388 838 1528 886 fidem
1561 841 1630 886 la-

15 951 17 955 ,
59 910 329 981 qetandam
357 910 434 959 vel
465 910 512 958 in
543 919 691 959 totum
722 922 816 959 non
845 910 1193 974 recipiendam,
1241 919 1292 957 ut
1329 921 1390 957 ex
1419 910 1493 957 his
1527 926 1631 957 cam

64 990 262 1046 met,
302 997 364 1029 ex
394 982 560 1046 quibus
592 991 793 1030 constat.
876 981 1008 1030 Nihil
1054 980 1176 1029 adeo
1224 990 1318 1039 est,
1368 980 1493 1045 quod
1539 990 1632 1028 tam

12 957 45 1002 Β

11 1029 81 1145 Ξ
108 1075 114 1097 ι
141 1061 204 1101 ··t
231 1061 414 1110 mentes
434 1053 704 1112 hominum,
746 1069 880 1118 quam
913 1054 1190 1117 simplicitas
1221 1052 1484 1100 divinorum
1517 1068 1632 1116 ope-

131 1139 250 1189 quae
282 1126 331 1171 in
361 1132 472 1172 actu
499 1123 710 1183 videtur,
757 1134 806 1172 et
843 1125 1194 1188 magnificentia
1226 1140 1345 1188 quae
1377 1125 1424 1170 in
1457 1124 1633 1171 effectu

12 1217 39 1238 ¹.
100 1196 365 1243 omittitur:
400 1202 449 1242 ut
476 1191 561 1243 hic'
586 1212 769 1260 quoque
803 1197 1020 1260 quoniam
1044 1204 1176 1242 tanta
1199 1195 1502 1258 simplicitate
1529 1196 1631 1243 sine

35 1282 195 1332 ompa,
241 1267 343 1314 sine
388 1273 619 1330 apparatu
659 1284 780 1314 novo
826 1267 1008 1331 aliquo,
1055 1265 1262 1331 denique
1303 1267 1403 1313 51116
1449 1274 1634 1330 sumptu

13 1343 142 1388 Domo
187 1335 258 1384 in?
281 1353 403 1401 aqua
447 1336 674 1386 demissus
721 1347 769 1386 et
813 1338 939 1386 inter
974 1353 1126 1401 pauca
1152 1338 1302 1385 verba
1331 1338 1505 1384 tinctus
1535 1352 1631 1384 non

96 1417 144 1456 to
173 1408 250 1456 vel
280 1409 426 1471 nihilo
457 1408 676 1456 mundior
704 1409 932 1471 resurgit,
976 1424 1033 1455 6ο
1066 1408 1358 1456 incredibilis
1390 1409 1635 1455 existime-

16 1506 55 1523 ...
77 1480 383 1545 -fconseeutio
429 1480 738 1527 aeternitatis.
812 1479 1042 1536 Mentior,
1085 1473 1131 1527 'si
1174 1495 1268 1527 non
1314 1495 1340 1526 6
1390 1481 1631 1526 contrario

30 1574 66 1593 ι
99 1566 231 1599 ἰι-11111
261 1549 507 1598 sollemnia
534 1551 612 1599 vel
635 1557 818 1598 ‘arcana
849 1549 908 1598 (16
941 1558 1166 1614 suggestu
1206 1559 1255 1597 et
1284 1559 1516 1614 apparatu
1549 1549 1632 1597 (16-

76 1644 88 1665 -,γ
121 1630 303 1686 sumptu
333 1620 472 1669 fidem
504 1629 555 1669 61
581 1623 924 1670 auctoritatemv
946 1622 1035 1669 sibi
1068 1624 1331 1669 exstruunt.
1406 1620 1500 1668 Pro
1546 1622 1633 1667 mi-

137 1691 466 1750 ineredulitas,
501 1709 619 1757 quae
651 1691 862 1756 denegas
893 1691 984 1740 deo
1011 1694 1333 1756 proprietates
1359 1708 1487 1749 suas,
1521 1694 1632 1740 sim-—

112 1767 258 1812 tatem
289 1772 339 1811 et
366 1765 671 1827 potestatem!
735 1762 858 1823 Quid
889 1766 1038 1826 ergo?
1095 1779 1250 1810 nonne
1292 1761 1552 1810 mirandum
1584 1772 1634 1811 et

107 1852 190 1886 cro
236 1834 350 1882 dilui
390 1838 620 1882 mortem?
691 1831 869 1899 Atquin
914 1849 974 1881 eo
1017 1835 1166 1897 magis
1213 1832 1522 1891 credendum,
1575 1835 1630 1891 si,

139 1904 398 1954 mirandum
429 1913 523 1963 est,
556 1904 738 1953 idcirco
770 1920 864 1953 non
897 1901 1121 1953 creditur.
1192 1904 1359 1964 Qualia
1390 1906 1514 1952 enim
1546 1903 1632 1952 (16-

20 1971 84 2029 ft
122 1992 228 2026 esse
274 1991 422 2040 opera
465 1975 644 2034 divina,
690 1976 780 2024 nisi
823 1989 968 2041 super
1013 1991 1196 2025 omnem
1243 1975 1634 2023 admirationem?

46 2057 54 2065 ²
146 2063 330 2113 quoque
374 2048 464 2112 ipsi
508 2048 753 2107 miramur,
799 2044 886 2096 sed
932 2048 1040 2112 quia
1078 2046 1329 2095 credimus.
1407 2046 1631 2094 Ceterum

19 2142 35 2162 ἰ
78 2117 305 2168 redulitas
334 2119 551 2176 miratur,
598 2135 692 2166 non
739 2116 907 2167 credit.
982 2118 1189 2166 Miratur
1228 2119 1352 2166 enim
1398 2118 1631 2181 simplicia

159 2205 301 2248 vana,
333 2189 582 2253 magnifica
613 2191 744 2254 quasi
772 2189 1097 2255 impossibilia.
1181 2187 1244 2236 Et
1288 2190 1350 2244 sit
1393 2190 1532 2253 plane
1580 2198 1632 2236 ut

202 2261 316 2309 satis
351 2259 412 2308 ad
442 2269 686 2325 utrumque
720 2260 878 2309 divina
913 2261 1235 2325 pronuntiatio
1281 2261 1627 2325 praecucurrit.

181 2330 340 2380 mundi
370 2332 519 2396 elegit
547 2331 686 2391 deus,
719 2341 771 2380 ut
801 2331 1059 2380 confundat
1088 2333 1368 2396 sapientiam
1409 2332 1533 2389 eius,
1582 2340 1631 2378 ct

149 2403 161 2415 ⁰
198 2424 203 2445 ι
245 2403 330 2451 ilia
355 2418 504 2467 penes
533 2403 746 2451 homines
776 2404 937 2466 facilia
967 2419 1114 2467 penes
1146 2401 1283 2450 deum
1308 2404 1371 2462 1).
1433 2401 1556 2449 Nam
1588 2403 1630 2448 si

62 2479 87 2538 s
131 2471 194 2536 3th
221 2474 409 2538 sapiens
439 2482 708 2539 etsspotens,
757 2472 882 2538 quod
927 2475 1069 2522 etiam·
1113 2481 1476 2537 praetereuntes
1522 2488 1630 2520 eum

69 2604 73 2606 -
112 2561 138 2586 ¹·
164 2553 319 2609 gant,
357 2546 527 2593 merito
558 2547 606 2593 in
637 2545 920 2593 adversariis
951 2543 1214 2607 sapientiae
1252 2544 1626 2607 potientiaeque‚

143 2623 163 2664 t
204 2617 253 2666 in
297 2615 494 2664 stultitia
538 2625 587 2664 et
610 2615 1032 2679 impossibilitate,
1078 2614 1304 2661 materias
1335 2615 1627 2678 operationis

63 2679 105 2728 Q
139 2686 355 2734 institnit.
432 2686 659 2746 Quoniam
690 2687 839 2735 virtus
868 2686 1018 2734 omnis
1050 2700 1111 2735 ex
1139 2685 1214 2732 his
1243 2699 1456 2733 caussam
1494 2686 1626 2732 acci·

63 2795 69 2799 .
120 2772 151 2804 a
179 2756 345 2821 quibus
373 2766 674 2821 provocatur.

79 2879 82 2882 Δ
107 2861 111 2866 ·
137 2830 191 2879 3.
227 2824 408 2886 'Euius
438 2837 670 2879 memores
700 2826 1095 2892 pronuntiationis
1125 2835 1346 2891 tanquam
1381 2826 1623 2892 praescri-

0 2953 3 2976 f
30 2909 36 2961 ’ἱ
62 2897 193 2956 1115,
236 2897 535 2948 nihilominus
566 2914 701 2964 quam
739 2898 928 2949 stultum
973 2907 1023 2946 et
1065 2897 1354 2962 impossibile
1398 2899 1460 2947 sit
1502 2913 1624 2962 aqua

87 2969 246 3043 wari
275 2975 544 3017 tractamus.
593 2967 715 3028 Quid
737 2970 897 3035 ntique
921 2969 1012 3018 ista
1035 2970 1233 3017 materia
1262 2977 1422 3019 tantae
1453 2967 1621 3034 digna-

36 3155 37 3159 ,
67 3104 157 3180 7323)
188 3126 213 3162 1
232 3125 326 3163 cor.
345 3127 384 3176 1,
404 3125 470 3164 27.
515 3125 665 3164 Matth.
682 3127 750 3177 19,
770 3127 836 3164 26.

39 3187 75 3256 {js
94 3195 106 3221 -’
136 3203 292 3254 jum„
321 3198 370 3234 Π.
757 3245 763 3249 ί
1234 3187 1263 3234 3
