1942 3554
600 235 684 276 DE
712 218 1045 276 Pumc‘rrn.
1501 215 1624 279 155

57 334 328 425 tristavit,
374 350 459 399 sed
496 367 558 399 ex
593 359 751 414 parte,
798 365 856 397 ne
888 366 970 397 vos
1001 365 1215 408 onerem,
1263 365 1438 398 omnes.
1501 348 1627 399 Satis

132 424 220 472 lis
237 424 536 487 increpatio,
570 437 688 485 quae
720 437 748 468 a
777 421 931 468 multis
962 420 1035 480 fit3
1067 421 1135 468 uti
1165 437 1191 468 e
1216 414 1455 468 contrario
1478 422 1633 485 magis

83 479 300 542 donare
332 501 382 541 et
411 492 668 550 advocare,
700 508 758 539 ne
789 492 914 539 forte
946 490 1286 540 abundantiore
1322 494 1515 541 tristitia
1545 493 1630 541 de-

82 563 710 635 ·mr1eiuslnodi3propter
739 561 862 626 quod
880 578 973 609 oro
995 578 1096 621 vos,
1129 564 1426 611 constituatis
1450 564 1498 611 in
1524 580 1628 613 eum

30 648 33 649 ’
65 697 68 698 7
86 633 328 684 ctionem.
389 634 442 682 In
471 635 563 681 hoc
596 634 717 682 enim
750 642 799 680 et
827 634 1017 696 scripsi,
1050 634 1116 680 uti
1149 649 1431 697 cognoscam
1456 635 1630 699 proba-

93 720 184 754 em
228 711 456 763 vestram,
505 704 629 768 quod
673 705 720 751 in
767 704 976 750 omnibus
1016 702 1249 751 obauditis
1280 705 1406 752 mihi.
1470 703 1522 752 Si
1554 708 1630 754 cui

23 798 56 808 ·=
101 793 163 824 ιιι
209 775 518 834 donaveritis,
565 783 615 822 et
659 789 766 837 ego.
841 772 962 827 Nam
1008 781 1057 820 et
1093 790 1184 836 ego
1224 776 1262 821 si
1301 774 1419 838 quid
1442 774 1628 834 donavi,

60 851 72 899 j
106 848 181 895 avi
210 849 257 894 in
286 861 491 911 persona
522 845 718 902 Christi,
751 860 809 890 ne
840 842 1110 891 fraudemur
1140 860 1180 890 a
1182 845 1378 902 satana,
1413 847 1630 909 quoniam

57 913 60 918 “
88 918 401 982 ignoramus
421 917 711 963 iniectiones
743 915 842 961 eius
859 915 922 974 1).
971 913 1091 973 Quid
1122 914 1205 961 hic
1231 913 1288 961 de
1319 916 1629 974 fornicatore,

85 1014 89 1028 ι
162 987 222 1036 de
266 987 451 1052 paterni
495 988 590 1033 tori
636 981 1032 1042 contaminatore,
1096 978 1204 1049 quid
1258 984 1315 1033 de
1363 985 1631 1034 Christiano
1684 1005 1685 1008 ¹

105 1059 304 1106 ›icorum
361 1055 692 1122 impudentiam
751 1071 1058 1120 supergresso
1120 1057 1436 1119 intelligitur?
1517 1058 1632 1129 Cum

58 1128 206 1177 inde
237 1130 395 1195 utique
427 1128 622 1192 speciali
654 1128 789 1174 venia
820 1127 1120 1184 absolvisset,
1169 1143 1303 1189 quem
1335 1129 1530 1191 speciali
1561 1130 1633 1175 ira

69 1208 290 1248 massot.
352 1198 606 1246 Obscurius
635 1199 906 1254 miseretur,
956 1214 1088 1260 quam
1134 1196 1417 1260 indignatur.
1475 1197 1633 1262 Aper-

19 1273 23 1281 '
60 1294 66 1314 ι
127 1279 208 1318 est
234 1271 281 1317 in
326 1269 624 1326 austeritate,
672 1285 805 1332 quam
851 1269 898 1315 in
943 1268 1152 1315 lenitate.
1226 1267 1402 1332 Atquin
1447 1269 1633 1318 facilius

36 1355 83 1426 ra
112 1356 247 1405 quam
277 1338 569 1402 indulgentia
600 1339 789 1402 obliqua
819 1348 905 1386 est.
931 1331 1133 1401 Magis
1165 1340 1375 1387 tristiora
1408 1349 1633 1390 cunctan-

54 1429 63 1465 j
94 1445 109 1470 ,
141 1426 275 1476 quam
307 1411 522 1458 laetiora.
583 1409 653 1457 De
699 1408 883 1456 modica
920 1410 1106 1456 scilicet
1136 1409 1426 1473 indulgentia
1457 1411 1632 1474 ageba-

66 1476 67 1481 *
73 1516 108 1546 ,
141 1497 259 1546 quae
290 1482 330 1528 si
359 1481 484 1527 forte
515 1496 636 1527 nunc
668 1481 1016 1537 aestimaretur,
1051 1479 1234 1544 quando
1266 1482 1465 1528 maxima
1490 1498 1633 1545 quae-

123 1567 239 1599 ιιοιι
283 1552 468 1598 soleant
510 1552 651 1598 etiam
696 1552 796 1598 sine
841 1549 1196 1613 praedicatione
1251 1550 1439 1609 donari,
1502 1561 1632 1600 tanto

8 1604 91 1687 '³¹¹
89 1588 147 1670 st
203 1621 302 1670 sine
361 1621 722 1685 significatione.
825 1620 887 1668 Et
943 1630 992 1668 tu
1053 1620 1237 1685 quidem
1295 1624 1632 1686 poenitentiam

5 1668 68 1711 ss
102 1693 199 1742 chi
242 1691 302 1741 ad
354 1691 640 1740 exorandam
675 1693 1027 1740 ‚fraternitatem
1080 1693 1126 1739 in
1187 1693 1438 1740 ecclesiam
1496 1693 1632 1741 indu-

3 1743 40 1800 *-
85 1780 147 1823 s,
207 1763 554 1812 conciliciatum
606 1771 655 1809 et
708 1764 1059 1810 concineratum
1122 1779 1224 1810 cum
1284 1762 1523 1812 dedecore
1584 1774 1634 1812 et

0 1896 6 1903 „
52 1837 98 1895 ᾖ·
128 1848 212 1882 ore
244 1834 549 1898 compositum
580 1834 839 1896 prosternis
871 1834 917 1879 in
948 1831 1147 1880 medium
1171 1842 1279 1880 ante
1302 1833 1490 1892 viduas,
1522 1843 1632 1883 ante

12 1904 345 1970 ''sbyteros,
393 1904 594 1950 omnium
641 1904 836 1950 lacinias
874 1901 1170 1950 invadentem
1186 1905 1258 1964 2),
1307 1906 1505 1951 omnium
1550 1921 1635 1952 ve·-

3 1955 47 2040 fj*
109 1977 154 2022 ‘a
191 1975 492 2032 lambentem,
539 1974 740 2020 omnium
786 1989 940 2037 genua
986 1972 1294 2031 detinentem,
1342 1976 1480 2038 inque
1528 1989 1631 2023 eum

33 2047 212 2108 'minis
242 2045 420 2093 exitum*
448 2046 630 2108 quantis
659 2053 795 2108 potes
818 2043 1171 2092 misericordiae
1196 2045 1450 2103 illecebris,
1482 2043 1632 2094 bonus

83 2125 177 2165 tor
204 2123 254 2163 et
280 2113 557 2163 benedictus
587 2114 714 2179 Papa
745 2115 1064 2172 concionaris,
1112 2125 1161 2163 et
1197 2116 1243 2161 in
1267 2117 1500 2179 parabola
1532 2119 1631 2165 ovis

35 2179 37 2181 ’
137 2192 183 2234 ',s
210 2195 314 2234 tuas
344 2187 553 2250 quaeris,
599 2194 680 2232 tua
724 2186 823 2232 ovis
855 2180 927 2233 'ne
965 2202 1124 2233 rursus
1156 2185 1213 2233 de
1240 2190 1394 2249 'grege
1426 2188 1629 2246 exsiliat,

11 2239 57 2266 ²
114 2259 147 2306 i
176 2255 270 2304 non
298 2255 471 2304 exinde
502 2258 592 2303 iam
623 2255 787 2314 liceat,
821 2255 944 2319 quod
976 2272 1063 2304 nec
1096 2257 1239 2319 semel
1264 2257 1410 2316 licuit,
1445 2267 1631 2306 ceteras

3 2388 6 2389 7
84 2333 157 2377 atu
186 2336 311 2376 metu
341 2327 547 2391 comples
579 2343 682 2374 cum
713 2328 910 2374 maxime
935 2326 1195 2391 indulgens.
1233 2325 1490 2392 Apostolus
1513 2344 1630 2376 vero

71 2446 81 2452 ,
146 2406 293 2446 ratam
324 2395 563 2446 libidinem
593 2397 918 2445 fornicationis
950 2399 1134 2445 incesto
1166 2407 1375 2445 onustam
1402 2407 1494 2445 tam
1519 2416 1630 2462 pro-

15 2524 17 2526 ,
79 2485 142 2518 e
173 2469 475 2532 ignovisset,
496 2476 547 2516 ut
590 2483 678 2515 nec
717 2468 840 2515 hunc
878 2468 1042 2515 saltem
1074 2469 1278 2515 habitum
1310 2469 1564 2531 legitimum
1581 2470 1628 2528 3)

71 2549 126 2605 (ιι
143 2539 359 2596 tentiae,
392 2553 525 2602 quem
556 2539 613 2586 ab
644 2539 745 2601 ipso
778 2536 999 2585 didicisse
1039 2537 1262 2596 deberes,
1308 2539 1366 2585 ab
1413 2555 1471 2586 eo
1517 2555 1631 2586 exe-

91 2618 94 2621 “
148 2642 167 2669 ,
195 2609 310 2659 nibil
341 2607 401 2656 de
429 2608 621 2673 postero
653 2609 714 2655 sit
744 2609 1070 2666 comminatus,
1116 2608 1231 2654 nihil
1275 2606 1334 2655 de
1368 2617 1530 2656 cetero
1562 2610 1630 2656 al-

124 2700 165 2721 ι-ι
188 2682 232 2728 Ἰ
289 2676 408 2738 Quin
438 2677 531 2726 imo
562 2687 612 2726 et
638 2679 761 2725 ultro
795 2677 1036 2737 obsecrat,
1078 2675 1418 2726 constituerent
1446 2680 1493 2726 in
1525 2695 1629 2727 eum

146 2750 354 2807 tionem,
382 2750 521 2813 quasi
564 2749 881 2807 satisfaciens,
928 2764 1021 2795 non
1060 2750 1189 2811 quasi
1226 2750 1492 2812 ignoscens.
1567 2749 1630 2797 Et

128 2844 163 2863 -ι
205 2819 505 2868 dilectionem
534 2818 697 2876 audio,
735 2834 828 2866 non
859 2820 1340 2867 communicationem.
1417 2818 1550 2879 Quod
1581 2830 1629 2868 et

8 2884 12 2891 ’
85 2891 575 2939 ἰ’ἻοεεαΙοιιῖοοιιεθεε
623 2887 674 2936 Si
718 2890 834 2953 quis·
861 2897 1014 2937 autem
1058 2906 1150 2936 non
1196 2888 1387 2937 obaudit
1422 2893 1628 2939 sermoni

26 399 99 442 ᾖ

7 3113 17 3138 ’
98 3070 336 3128 1).2Cor
353 3075 392 3122 2,
412 3074 574 3112 5—11.
695 3071 737 3120 2)
766 3073 937 3111 Praeter
952 3073 1165 3112 Wouvmer
1189 3076 1232 3113 et
1252 3075 1341 3123 Rig.
1366 3075 1454 3112 edd.
1481 3086 1625 3114 omnes

67 3127 600 3226 “silimbldd'ztldluae
590 3129 1184 3235 ἶθὲᾚῃίιιέἑηῧέεῗῃιιιιιαε
1212 3132 1511 3170 suadentem
1544 3135 1622 3169 etc.
