1942 3554
62 125 90 217 J
631 191 714 230 m:
757 187 1109 231 ΡιιιιιοιτιΑ.
1548 189 1675 238 141

110 375 216 423 iam.
308 375 454 435 Quale
493 374 714 424 delictum
759 378 849 423 iam
887 377 1120 440 intellige,
1169 377 1299 424 cuius
1338 377 1672 427 cohibitionem

48 440 52 443 ’
95 440 154 494 ἐἰ
181 440 504 494 'idololatriam
552 447 799 494 ordinavit.
860 447 990 496 Nihil
1034 446 1287 495 secundum
1333 448 1610 513 longinquat
1645 466 1674 498 a

105 517 220 577 ‘mo-3
265 518 380 564 nihil
411 527 503 565 tam
544 521 803 582 proximum
842 520 1013 583 primo,
1062 535 1196 582 quam
1236 518 1513 579 secundum3
1548 518 1672 584 quod

24 587 42 633 ἲ
106 595 186 636 ,εκ
214 589 389 652 primo,
423 589 547 636 aliud
581 589 923 653 quodammodo
956 590 1149 654 primum
1189 598 1276 637 est.
1338 589 1500 654 Itaque
1538 605 1671 639 moe-

27 657 680 716 odaiwaffinisaidololatriae.
771 660 889 708 Nam
923 670 971 708 et
1002 660 1271 708 idololatria
1308 661 1554 708 moechiae
1585 678 1671 710 no·-

26 730 164 783 inne
195 738 245 778 et
280 731 608 778 fornicationis
640 748 781 796 saepe
821 733 994 796 populo
1034 732 1334 796 exprobrata,
1368 733 1508 779 etiam
1540 741 1668 780 sorte

26 793 356 865 Goniungetur
385 802 468 859 illi,
502 804 623 850 sicut
654 812 702 850 et
732 804 885 850 serie:
936 804 1075 850 etiam
1107 802 1405 850 damnatione
1439 803 1669 851 cohaere-

0 868 110 938 Ἰῖιίῑ
139 873 223 930 illi,
256 873 378 920 sicut
408 882 457 920 et
487 872 810 937 dispositione.
865 873 937 926 Eo
968 874 1177 947 amplius,
1210 874 1539 937 praemittens·
1573 890 1667 921 non

23 933 387 1011 ιῇοθῡιιεώθνίε·
419 943 654 1008 adiungit.
688 961 779 991 non
818 940 1025 993 occides.
1088 945 1310 993 Oneravit
1347 946 1505 1009 utique
1538 961 1668 993 moe-

23 1010 216 1073 stiam,
265 1032 399 1079 quam
432 1015 686 1063 homicidio
727 1018 987 1081 anteponit.
1049 1012 1102 1063 In
1133 1017 1280 1080 prima
1311 1017 1468 1079 itaque
1508 1017 1665 1064 fronte

21 1084 360 1137 bnctissimae
393 1087 527 1150 legiS,
562 1089 607 1134 in
638 1087 797 1151 primis
828 1086 982 1135 titulis
1021 1087 1245 1134 eoelestis
1283 1085 1450 1145 edicti,
1490 1088 1667 1151 piinci-

35 1156 208 1226 palium
255 1159 411 1222 utique
457 1157 736 1206 delictorum
782 1159 1128 1223 proscriptione
1174 1159 1388 1221 signata3
1451 1156 1509 1205 de
1557 1159 1664 1205 loco

34 1227 245 1285 modum,
294 1228 352 1276 de
393 1227 558 1277 ordine
598 1238 789 1286 statum,
847 1228 904 1277 de
945 1230 1148 1277 confinio
1188 1231 1401 1276 meritum
1442 1229 1663 1293 cuiusque

35 1295 303 1360 dignoscas.
366 1299 452 1347 Est
483 1309 530 1348 et
561 1301 669 1348 mali
701 1297 920 1363 dignitas,
955 1300 1077 1364 quod
1108 1301 1156 1347 in
1186 1316 1361 1347 summo
1394 1308 1474 1347 aut
1503 1301 1550 1346 in
1567 1316 1664 1346 me-

29 1365 114 1422 dio
145 1372 452 1433 pessimorum
486 1372 765 1419 collocatur.
806 1371 1027 1434 Pompam
1060 1370 1287 1435 quandam
1320 1379 1459 1435 atque
1491 1386 1662 1434 sugge-

24 1436 152 1489 ssi'tum
199 1442 377 1504 aspicio
424 1443 692 1499 moechiae,
741 1442 848 1489 hinc
882 1441 1099 1489 ducatum
1138 1441 1437 1490 idololatriae
1470 1450 1664 1490 antece·

22 1507 209 1570 flentis,
257 1511 364 1560 hinc
405 1514 674 1559 comitatum
713 1512 954 1559 homicidii
999 1514 1302 1576 insequentis.
1372 1513 1502 1560 Inter
1546 1511 1663 1560 duos

16 1576 212 1791 {locs
225 1583 485 1631 facinorum
518 1584 910 1631 eminentissimos
941 1585 1039 1631 sine
1073 1583 1213 1631 dubio
1253 1583 1395 1647 digna
1427 1583 1656 1641 consedit,

30 281 111 520 Ξ
132 303 259 352 vhanc
290 305 446 369 itaque
479 305 684 363 munivit,
718 306 899 353 hostem
930 307 1085 354 statim
1117 306 1216 353 eius
1231 305 1523 369 prohibendo
1541 323 1672 357 moe-

109 1669 197 1717 per
225 1653 424 1702 medium
465 1671 627 1703 eorum
667 1656 798 1719 quasi
834 1664 1080 1703 vacantem
1121 1655 1273 1702 locum
1312 1655 1414 1718 pari
1453 1655 1660 1702 criminis

92 1726 315 1773 ctoritate
349 1728 615 1791 complevit.
680 1727 791 1785 Quis
823 1743 926 1773 eam
957 1727 1126 1773 talibus
1159 1726 1391 1773 lateribus
1414 1727 1656 1782 inclusam,

13 1786 200 1857 &libus
232 1797 374 1868 costis
408 1798 753 1845 circumfultam
780 1814 808 1844 a
840 1797 1193 1844 cohaerentium
1227 1813 1428 1860 corpore
1448 1796 1655 1853 divellet,

11 1862 121 1931 ξἰἰθ
133 1860 392 1916 vicinorum
441 1870 682 1916 criminum
715 1885 859 1924 nexu,
907 1867 965 1914 de
1012 1869 1378 1932 propinquorum
1424 1867 1654 1913 scelerum

11 1936 278 2005 >complexu
314 1947 366 1985 ut
395 1940 542 1986 solam
573 1956 674 1987 eam
714 1947 934 1987 secernat
973 1938 1031 1986 ad
1071 1940 1390 2002 poenitentiae
1423 1938 1655 1984 fructum?

10 1999 198 2065 ιΝοιιιιιι
230 2009 338 2074 hinc
370 2009 655 2068 idololatria,
689 2010 796 2058 iude
836 2009 1135 2057 homicidium
1176 2009 1484 2056 detinebunt?
1529 2017 1577 2055 et
1614 2009 1650 2056 si

9 2094 122 2143 ,qua
150 2092 245 2127 vox
273 2068 432 2139 fuerit,
466 2082 811 2129 reclamabunt.
846 2090 1010 2128 noster
1039 2081 1115 2129 hic
1149 2097 1323 2128 cuneus
1354 2088 1448 2136 est,
1490 2088 1651 2131 nostra

6 2153 290 2216 compago?
346 2151 420 2199 Ab
459 2152 729 2200 idololatria
767 2161 1015 2209 metamur,
1063 2153 1142 2198 illa
1181 2151 1496 2213 distinguente
1538 2167 1650 2196 con-

6 2219 288 2284 fingimur,
306 2223 373 2270 illi
404 2222 462 2271 de
501 2224 656 2272 medio
689 2213 909 2272 emicanti
940 2223 1195 2271 adunamur
1210 2224 1279 2280 1),
1329 2237 1649 2284 concorpora-

5 2283 92 2338 ‘t
123 2307 209 2340 nos
218 2295 473 2359 scriptura
512 2294 689 2374 divina,
739 2297 904 2343 literae
946 2297 1075 2359 ipsae
1115 2294 1293 2357 glutina
1332 2300 1495 2338 nostra
1526 2301 1647 2349 sunt,

21 2366 116 2410 Um
160 2379 248 2412 nec
294 2366 396 2429 ipsa
439 2364 538 2414 sine
586 2367 720 2413 nobis
764 2374 935 2448 potest.
997 2365 1100 2428 Ego
1148 2364 1331 2427 quidem
1376 2362 1650 2410 idololatria

19 2436 322 2498 stepissime’
334 2437 603 2497 moechiae
619 2439 920 2484 occasionem
956 2436 1271 2483 subministro.
1349 2432 1515 2480 Sciunt
1555 2434 1648 2480 luci

23 2515 39 2544 Γ
69 2505 115 2552 ei
145 2514 195 2553 et
226 2508 357 2567 [mei]
390 2510 570 2556 mon'tes
601 2517 650 2555 et
678 2509 810 2555 vivae
843 2523 991 2570 aquae
1023 2507 1214 2569 ipsaque
1245 2506 1292 2551 in
1310 2504 1500 2551 urbibus
1531 2512 1648 2550 tem-

74 2591 117 2635 a,
145 2574 370 2641 'quantum
402 2578 687 2629 evertendae
718 2577 976 2641 pudicitiae
1009 2592 1330 2639 procuremus.
1392 2574 1496 2636 Ego
1530 2590 1645 2638 quo-

23 2643 46 2663 ”
70 2668 72 2670 ·
99 2667 103 2674 ·
145 2645 447 2695 homicidium
478 2665 803 2711 nonnunquam
835 2648 1051 2695 moechia
1081 2646 1291 2694 elaboro.
1362 2644 1423 2692 Ut
1452 2653 1647 2709 tragoe-

104 2734 126 2765 s
156 2720 381 2776 omittam,
413 2719 566 2766 sciunt
597 2718 738 2766 hodie
769 2719 1025 2775 venenarii,
1053 2718 1206 2766 sciunt
1236 2717 1374 2779 magi,
1409 2725 1522 2780 quot
1535 2717 1646 2786 pel-

14 2800 103 2843 ...ρκ’
121 2797 192 2837 tus
223 2790 449 2847 ulciscar,
478 2799 610 2854 quot
639 2790 897 2844 rivalitates
937 2787 1206 2845 defendam,
1254 2796 1367 2852 quot
1405 2787 1642 2845 custodes,

45 2867 57 2886 “-
87 2851 139 2907 ot
167 2859 422 2918 delatores,
456 2869 569 2924 quot
600 2862 817 2908 conscios
848 2862 1072 2908 auferam.
1115 2859 1281 2906 Sciunt
1311 2859 1451 2906 etiam
1484 2858 1642 2906 obste-

15 2927 190 2988 ..·”οθ5,
239 2940 351 2994 quot
395 2930 595 2979 adulteri
642 2940 898 2995 conceptus
942 2930 1251 2979 trucidentur.
1320 2929 1474 2978 Etiam
1520 2929 1643 2995 apud

15 3003 25 3026 ‘
64 2996 318 3049 hristianos
348 3019 440 3049 non
472 3011 545 3050 est
573 3003 788 3050 moechia
820 3004 919 3051 sine
949 3000 1108 3062 nobis3
1142 3001 1313 3052 ibidem
1353 3010 1459 3050 sunt
1488 3001 1642 3050 idolo-

138 3158 182 3207 1)
201 3159 272 3198 Sic
290 3159 381 3199 Lat.
399 3162 442 3200 et
456 3160 563 3212 mg„
583 3161 736 3201 ceteri:
770 3161 1058 3202 adulamur.
