1942 3554
282 97 376 136 DE
410 97 598 143 FUGA
637 97 708 135 IN
745 93 1357 134 PERSECUTIONE.
1527 93 1638 141 217

39 238 343 298 zitistianum.
429 237 576 286 Potes
629 237 791 301 itaque
837 245 884 283 te
931 245 1185 300 martyrem
1232 231 1477 282 vindicare
1525 250 1642 281 con-

30 318 185 361 'auter
229 306 496 357 ostendisse
545 307 812 355 Christum?
873 305 1128 354 Redimens
1177 322 1267 352 non
1309 303 1642 366 ostendisti.1)

43 378 145 444 pud
174 395 314 427 unum
346 379 385 426 si
418 380 543 426 forte
577 379 826 425 confessus
859 393 932 434 es,
975 392 1093 440 ergo
1128 385 1175 424 et
1207 374 1330 440 apud
1362 376 1524 439 plures
1558 391 1643 422 no·-

46 449 147 498 ndo
187 450 408 497 confiteri
447 450 649 513 negasti.
712 448 819 511 Ipsa
857 448 982 494 salus
1022 446 1251 507 iudicabit
1291 447 1524 493 homiuem
1559 462 1645 494 ex-

33 519 206 576 adisse,
256 518 362 567 dum
410 518 584 567 evadit.
660 518 852 565 Excidit
899 534 1018 581 ergo
1074 519 1151 580 qui
1197 518 1358 563 maluit
1413 516 1643 570 evasisse.

36 591 214 655 segatio
247 598 322 637 est
352 590 494 637 etiam
526 590 740 654 martyrii
782 590 1038 636 recusatio.
1104 587 1401 634 Christianus
1443 589 1647 650 pecunia

38 661 158 714 &lvus
190 669 288 718 est3
333 668 383 707 et
413 661 459 706 in
491 659 583 706 hoc
617 675 829 706 nummos
861 658 1027 715 habet,
1068 673 1127 704 ne
1159 659 1388 721 patiatur,
1423 655 1529 704 dum
1562 656 1648 705 ad-

44 747 168 785 wsus
214 729 352 778 deum
400 730 492 777 erit
539 728 691 778 dives.
769 729 835 775 At
874 730 996 775 enim
1032 727 1245 775 Christus
1285 728 1516 790 sanguine
1556 728 1651 774 fuit

39 816 139 851 :vos
166 807 255 865 p'ro
287 800 386 847 illo.
461 799 648 848 Felices
688 801 847 863 itaque
886 814 1146 863 pauperes,
1197 800 1304 862 quia
1335 798 1522 845 illorum
1557 807 1645 855 est,

46 872 246 938 iquit22)
297 886 498 935 regnum
547 871 812 927 coelorum,
869 871 946 934 qui
987 871 1185 916 animam
1227 869 1375 916 solam
1416 870 1462 915 in
1497 869 1648 915 confi-

40 951 140 995 mo
171 941 358 989 babent.
422 939 473 988 Si
506 958 598 988 non
630 957 880 1005 possumus
914 939 1005 987 deo
1039 941 1220 987 servire
1256 949 1303 987 et
1334 956 1649 997 mammonae,

35 1007 251 1076 ‘assumus
283 1021 333 1060 et
363 1028 392 1059 a
423 1010 513 1058 deo
547 1011 715 1059 redimi
750 1021 798 1059 et
822 1028 846 1058 a
873 1014 1164 1058 mammona?
1207 1010 1321 1069 Quis
1348 1012 1471 1058 enim
1498 1012 1649 1074 magis

40 1079 186 1132 erviet
221 1098 536 1141 mammonae,
586 1098 722 1146 quam
764 1098 901 1146 quem
942 1099 1228 1129 mammonas
1260 1081 1495 1129 redemit?
1555 1081 1650 1128 Po-

34 1169 185 1203 12remo
234 1171 326 1218 quo
375 1153 594 1217 exemplo
642 1154 791 1201 uteris
838 1154 885 1200 in
932 1152 1309 1215 redemptionem
1349 1151 1650 1199 traditionis?

34 1225 226 1289 apostoli
252 1223 664 1288 persecutionibus
690 1225 881 1287 agitati,
917 1222 1104 1288 quando
1139 1239 1188 1270 se
1213 1224 1417 1286 pecunia
1441 1232 1650 1270 tractan-

45 1313 85 1343 ιε
114 1295 459 1352 liberaverunt,
494 1311 613 1359 quae
646 1295 737 1342 illis
763 1295 1040 1359 utiquenon
1068 1293 1235 1341 deerat
1260 1311 1321 1341 ex
1346 1292 1650 1358 praediorum

23 1366 174 1415 wenis
206 1365 265 1413 ad
296 1364 444 1429 pedes
478 1382 641 1414 eorum
675 1365 927 1429 depositis,
978 1374 1112 1413 certe
1146 1365 1302 1412 multis
1335 1365 1651 1429 locupletibus

24 1435 314 1497 medentibus
345 1436 459 1484 viris
499 1452 555 1483 ac
594 1436 804 1494 feminis,
855 1438 931 1500 qui
965 1436 1038 1484 his
1079 1437 1218 1483 etiam
1252 1436 1508 1499 refrigeria
1542 1436 1651 1483 sub-

23 1506 375 1555 :ninistrabaut'l
451 1506 648 1567 Quando
698 1506 1024 1571 Onesiphorus
1071 1516 1151 1555 aut
1194 1506 1368 1570 Aquila
1415 1515 1496 1553 aut
1542 1506 1653 1554 Ste-

28 1578 192 1634 *banus
222 1578 314 1626 hoc
346 1577 487 1625 modo
528 1579 599 1626 eis
638 1579 684 1624 in
723 1580 1062 1642 persecutione
1098 1579 1471 1626 succurrerunt?
1530 1577 1652 1625 Pau-

24 1649 317 1718 lis-quidem,
352 1665 454 1697 cum
487 1648 623 1697 Felix
653 1666 849 1712 praeses
880 1650 1109 1714 pecunias
1142 1658 1446 1713 accepturum
1481 1665 1532 1697 se
1564 1665 1651 1712 pro

26 1735 134 1774 aaa
165 1718 412 1783 discipulis
443 1729 708 1783 sperasset,
743 1720 800 1767 de
834 1738 924 1784 quo
959 1730 1007 1768 et
1038 1722 1138 1784 ipse
1171 1722 1217 1767 in
1251 1729 1443 1767 secreto
1476 1729 1654 1766 tracta-

28 1791 82 1839 *it
121 1806 225 1838 cum
264 1792 390 1854 ipso,
436 1806 591 1854 neque
637 1792 740 1853 ipse
787 1808 874 1854 pro
923 1808 973 1838 sc
1014 1806 1166 1854 neque
1208 1790 1426 1855 discipuli
1465 1807 1551 1854 pro
1594 1807 1653 1838 eo

28 1869 397 1909 =umeraverunt.
460 1861 532 1908 llli
563 1862 724 1925 utique
759 1860 1000 1926 discipuli,
1043 1863 1118 1928 qui
1152 1862 1346 1919 ssenteS,
1381 1860 1506 1925 quod
1540 1861 1655 1909 Hie-

34 1932 299 1996 ¹÷osolymam
346 1930 544 1979 tendere
592 1942 929 1996 perseveraret
968 1942 1016 1979 et
1052 1933 1415 1997 persecutiones
1462 1932 1656 1996 praedi-

34 2012 146 2052 tatas
177 2002 273 2050 illic
305 2019 399 2049 non
431 2012 767 2066 praecaveret,
801 2012 1041 2068 postremo
1074 2005 1318 2068 inquiunt:
1353 2003 1457 2050 Fiat
1490 2004 1656 2050 volun-

26 2090 90 2121 aas
122 2072 278 2134 dei.3)
332 2072 464 2132 Quae
497 2073 586 2121 ista
617 2074 863 2122 voluntas?
892 2076 1055 2139 utique
1088 2084 1138 2122 ut
1168 2083 1416 2138 pateretur
1446 2091 1532 2138 pro
1567 2092 1654 2121 no-

37 2142 141 2192 nine
173 2143 372 2202 domini,
405 2160 498 2191 non
530 2153 582 2191 ut
612 2143 945 2192 redimeretur.
1009 2145 1212 2209 Oportet
1244 2146 1382 2203 enim,
1418 2145 1654 2210 quomodo

37 2213 232 2274 {hristus
262 2215 460 2263 animam
494 2231 620 2262 suam
652 2217 810 2279 posuit
838 2233 924 2280 pro
958 2216 1118 2275 nobis,
1161 2218 1225 2264 ita
1257 2216 1361 2264 fieri
1393 2233 1481 2280 pro
1515 2233 1573 2264 eo
1607 2226 1657 2265 et

37 2285 231 2347 illnobis,
265 2301 354 2333 nec
385 2293 562 2333 tantum
593 2302 678 2350 pro
712 2288 831 2350 ipso,
868 2288 960 2335 imo
994 2289 1133 2335 etiam
1164 2303 1251 2351 pro
1284 2288 1511 2334 fratribus
1545 2304 1658 2350 pro·

26 2363 126 2419 uter
151 2356 327 2420 ipsum3
369 2355 495 2421 quod
526 2356 729 2405 loannes
762 2357 958 2416 docens,
992 2375 1085 2406 non
1120 2368 1168 2406 et
1199 2375 1285 2422 pro
1318 2358 1545 2405 fratribus
1571 2375 1657 2404 nu-

34 2425 312 2486 notandum,
362 2425 448 2474 sed
486 2428 780 2475 moriendum
818 2431 975 2492 potius
1014 2429 1352 2492 pronuntiavit.
1415 2428 1545 2474 Nihil
1584 2430 1656 2474 in·

15 2505 191 2558 Jerffit,
248 2499 288 2544 si
335 2514 471 2561 quem
519 2498 837 2546 Christianum
885 2499 1122 2547 redimere
1169 2515 1263 2545 non
1311 2497 1512 2556 debeas,
1577 2507 1658 2546 aut

27 2581 208 2627 emere,
243 2576 293 2616 et
322 2567 443 2615 adeo
475 2570 690 2617 voluntas
723 2568 801 2616 dei
833 2570 901 2616 sic
935 2579 1022 2616 est.
1098 2570 1278 2632 Aspice
1313 2584 1570 2632 regnorum
1606 2578 1655 2617 et

17 2639 322 2703 {imperiorum
354 2639 515 2703 utique
549 2656 576 2687 a
608 2639 699 2687 deo
735 2638 1011 2703 dispositum
1045 2648 1238 2697 statum,
1273 2640 1318 2685 in
1353 2640 1484 2687 cuius
1517 2656 1656 2688 manu

26 2723 106 2761 «eor
135 2709 285 2772 regis.
302 2710 362 2770 4τ).
430 2709 578 2757 Tanta
618 2709 829 2774 quotidie
869 2712 1057 2757 aera1io
1097 2708 1317 2773 augendo
1355 2712 1654 2775 prospiciun-

20 2794 97 2828 ποι·
126 2777 339 2826 remedia
371 2794 617 2838 censuum,
648 2782 978 2844 vectigalium,
1020 2781 1349 2839 collationum,
1390 2781 1654 2846 stipendio-

35 2864 145 2906 ·um‚
193 2864 284 2896 nec
322 2865 521 2912 unquam
564 2867 710 2915 usque
750 2851 903 2899 adbuc
938 2868 997 2900 ex
1031 2851 1309 2899 Christianis
1348 2852 1442 2900 tale
1475 2852 1654 2917 aliquid

34 2953 80 2962 .-

136 3014 182 3071 1)
215 3019 278 3056 lta
303 3016 462 3067 Rigalt.
494 3019 601 3058 Alii:
646 3021 939 3072 vindicare,
969 3044 1026 3051 —
1056 3023 1332 3061 Christum.
1399 3024 1514 3061 Red.
1553 3035 1654 3061 non

34 3074 258 3138 ›Udendi‘f
377 3073 420 3124 2)
452 3076 602 3114 Matth.
617 3080 655 3122 5,
674 3079 710 3116 3.
832 3079 878 3125 3)
909 3080 999 3116 Act.
1021 3080 1094 3128 21,
1120 3081 1183 3117 13.
1302 3082 1348 3131 4)
1380 3082 1504 3120 Prov.
1526 3082 1595 3129 21,
1616 3083 1654 3117 1.
