1942 3554
284 220 412 265 198
691 218 773 255 DE
802 217 1076 254 IEIUan
1108 215 1495 255 Anv.rsvc11.
1914 221 1927 256 ρ

285 336 408 381 nium
455 348 544 394 ego
591 330 715 391 elegi
737 330 802 386 ¹),
849 326 932 374 sed
965 327 1099 390 quale
1132 326 1354 386 subiecit,
1401 336 1450 375 et
1485 327 1777 377 subiiciendo
1808 347 1868 378 no

285 403 489 458 abstulit,
523 398 606 447 sed
638 398 945 446 confirmavit.
1693 415 1696 420 ’

427 477 506 523 16.
566 469 685 516 Nam
717 477 765 516 et
795 470 833 515 si
863 469 1035 516 mavult
1066 484 1211 532 opera
1241 470 1462 526 iustitiae,
1493 486 1588 522 nou
1619 478 1774 517 tamen
1805 471 1844 518 si

285 543 546 599 sacrificio,
595 538 718 603 quod
749 548 822 586 est
851 541 1005 586 anima
1036 540 1305 586 conflictata
1320 536 1366 600 2‘)
1406 540 1615 597 ieiuniis,
1661 540 1740 587 ille
1772 548 1875 589 cert

286 614 416 670 deus,
451 613 526 659 cui
557 627 644 658 nec
676 610 875 674 populus
905 611 1203 657 incontinens
1233 611 1372 673 gulae
1402 610 1592 674 placuit,
1625 626 1714 658 nec
1745 626 1825 658 sac

286 683 393 742 dos,
440 698 528 730 nec
573 681 844 747 prophetes.
904 679 1098 727 Manent
1141 679 1292 728 adhuc
1339 684 1638 728 monumenta
1681 683 1884 744 concupi

284 755 511 810 scentiae,
544 753 623 809 ubi
654 752 860 815 sepultus
899 760 972 799 est
1001 751 1199 816 populus
1238 752 1393 799 carnis
1432 750 1924 815 avidissimususque'zg

284 824 344 871 ad
376 824 614 872 choleram
646 830 994 886 ortygometras
1026 820 1304 874 cruditando
1322 823 1387 882 ³).
1439 817 1646 869 Eliditur
1673 838 1760 885 pro
1790 821 1925 874 tem-f

283 896 349 960 pli
379 894 557 941 foribus
588 894 749 940 senior
780 892 900 949 Heli,
934 892 1016 938 filii
1047 893 1147 938 eius
1176 894 1223 939 in
1253 893 1357 940 'acie
1390 902 1550 949 ruunt,
1577 908 1718 941 nurus
1750 893 1921 957 exspi4

285 974 360 1013 rat
396 966 441 1011 in
479 965 701 1028 partu4);
748 963 868 1010 hanc
901 964 1022 1009 enim
1061 971 1298 1010 meruerat
1334 979 1362 1009 a
1401 962 1492 1010 deo
1529 957 1714 1026 plagam
1745 961 1915 1013 domus·

285 1034 552 1100 impudens,
601 1033 938 1080 sacrificiorum
979 1034 1234 1080 carnalium
1281 1032 1620 1080 defraudatrix.
1695 1031 1908 1091 SameaS,

285 1106 425 1153 homo
459 1104 551 1161 dei,
586 1120 687 1150 cum
720 1105 893 1150 exitum
916 1103 1247 1166 prophetasset
1277 1102 1577 1151 idololatriae
1608 1102 1908 1154 introductae

285 1193 315 1223 a
344 1191 458 1238 rege
506 1173 815 1230 Hieroboam,
862 1181 970 1236 post
1014 1189 1195 1223 manum
1241 1173 1341 1220 eius
1385 1174 1513 1236 regis
1541 1174 1814 1222 arefactam
1862 1182 1912 1221 et

285 1247 441 1292 statim
486 1246 771 1300 restitutam,
819 1252 926 1306 post
969 1243 1118 1291 altare
1164 1242 1401 1301 diffusum,
1449 1239 1509 1291 ob
1540 1244 1832 1307 haecsigna
1863 1252 1917 1291 et.

287 1316 611 1363 satisfactione
650 1315 869 1361 invitatus
915 1330 943 1360 a
987 1330 1102 1376 rege
1148 1314 1289 1378 plane
1324 1315 1583 1365 excusavit.
1643 1313 1913 1362 Prohibitus

287 1388 413 1434 enim
442 1402 470 1432 a
500 1385 592 1433 deo
623 1385 801 1442 fuerat,
842 1385 937 1431 illic
971 1385 1122 1432 cibum
1155 1386 1201 1431 in
1232 1393 1380 1431 totum
1420 1386 1677 1447 attingere,
1724 1383 1808 1432 sed
1852 1384 1917 1432 ah

290 1458 384 1505 alio
417 1473 525 1503 mox
555 1472 667 1503 sene
699 1457 894 1502 mentito
925 1455 1218 1519 prophetiam
1249 1463 1428 1503 temere
1452 1464 1626 1519 pastus,
1659 1453 1914 1505 secundum

289 1527 482 1576 verbum
514 1526 590 1574 dei
622 1525 794 1573 ibidem
826 1527 998 1573 factum
1030 1542 1172 1589 super
1201 1542 1405 1573 mensam
1444 1543 1537 1572 non
1576 1534 1648 1573 est
1677 1526 1724 1573 in
1754 1534 1915 1589 pater·

289 1599 363 1645 nis
394 1597 625 1661 sepultus,
658 1598 808 1644 lconis
840 1597 959 1643 enim
993 1598 1038 1643 in
1067 1597 1143 1643 via
1175 1612 1374 1644 occursu
1412 1605 1675 1660 prostratus
1712 1605 1762 1644 et
1790 1593 1914 1660 apud

290 1676 482 1716 exteros
516 1666 730 1715 conditus
761 1683 957 1730 poenam
992 1665 1167 1714 deserti
1199 1667 1359 1713 ieiunii
1390 1667 1474 1713 luit
1490 1668 1553 1726 ⁵).
1610 1665 1745 1714 >Haec
1776 1675 1915 1713 erunt

291 1738 508 1802 exempla
539 1746 587 1785 et
615 1738 788 1801 populo
823 1746 870 1784 et
900 1738 1152 1800 episcopis,
1182 1738 1327 1787 ,etiam
1359 1737 1666 1800 spiritalibus,
1707 1737 1751 1784 si
1778 1753 1913 1800 quam

287 1810 675 1857 incontinentiam
708 1809 846 1871 gulae
880 1807 1167 1854 admiserint.
1223 1806 1316 1854 Sed
1350 1823 1438 1854 nec
1470 1806 1594 1888 apud
1623 1807 1800 1854 inferos
1830 1805 1915 1854 ad·-

287 1881 485 1927 monitio
518 1880 743 1936 cessavit,
782 1879 903 1925 ubi
891 1896 938 1924 ιη
970 1877 1113 1925 divite
1154 1877 1340 1941 quidem
1380 1878 1594 1925 convivia
1626 1878 1914 1936 cruciantur,

288 1953 336 1998 in
367 1965 573 2014 paupere
612 1966 726 1997 vero
767 1950 942 1996 ieiunia
972 1957 1275 2006 recreantur,
1317 1948 1538 2004 habentia
1573 1956 1914 2012 praeceptores

287 2021 488 2084 Moysen
519 2028 568 2067 et
597 2020 930 2084 prophetas6).
991 2019 1110 2066 Nam
1143 2027 1191 2065 et
1222 2019 1354 2066 Iohel
1386 2019 1688 2075 exclamavit:
1735 2018 1916 2067 sancite

288 2091 510 2138 ieiunium
543 2099 591 2138 et
621 2089 895 2154 praedicate
928 2091 1187 2136 orationem
1205 2090 1270 2149 ⁷),
1302 2090 1596 2153 prospiciens
1612 2090 1703 2136 iam
1721 2097 1769 2136 et
1786 2097 1912 2146 tunc,

291 2170 340 2208 et
370 2162 488 2208 alios
521 2161 762 2224 apostolos
794 2169 842 2208 et
870 2161 1126 2223 prophetas
1157 2160 1421 2207 sancituros
1451 2157 1677 2208 ieiunium
1703 2167 1914 2223 etprae-

292 2231 532 2278 dicaturos
565 2230 724 2277 officia
763 2231 976 2277 curantia
1015 2229 1174 2288 deum3
1213 2229 1336 2277 unde
1375 2239 1425 2278 et
1462 2231 1538 2293 qui
1576 2231 1625 2276 in
1662 2228 1801 2281 idolis
1833 2245 1916 2277 co-

290 2300 470 2348 mendis
502 2309 552 2347 et
582 2301 627 2346 in
659 2301 752 2347 aris
770 2302 814 2359 8)
850 2298 1070 2347 ornandis
1108 2308 1157 2346 et
1193 2298 1253 2346 ad
1291 2300 1496 2362 singulas
1534 2299 1676 2347 horas
1707 2300 1915 2347 salutan-

292 2370 363 2418 dis
394 2370 655 2427 adulantur,
691 2371 979 2417 curationem
1019 2371 1180 2417 facere
1212 2368 1444 2417 dicuntur.
1507 2366 1604 2416 Sed
1643 2378 1693 2417 et
1731 2385 1914 2417 omnem

289 2435 711 2506 ταπεινοφρόνησιν
749 2441 924 2488 ethnici
963 2436 1257 2503 agnoscunt(
1301 2439 1414 2487 Cum
1455 2448 1612 2503 stupet
1654 2441 1836 2488 coelum
1868 2448 1917 2487 et

291 2521 397 2559 aret
426 2528 594 2568 annus,
635 2509 937 2574 nudipedalia
967 2509 1322 2568 denuntiantur,
1352 2511 1656 2573 >magistratus
1686 2524 1916 2574 purpuras

291 2591 492 2647 ponunt,
540 2583 695 2629 fasces
725 2591 854 2628 retro
887 2590 1126 2638 avertunt,
1173 2597 1364 2644 precem
1394 2581 1669 2644 indigitant,
1716 2581 1916 2629 hostiam

293 2655 568 2700 instaurant.
637 2651 776 2716 Apud
816 2651 1037 2716 quasdam
1073 2667 1188 2699 vero
1229 2652 1438 2699 colonias
1477 2660 1731 2716 praeterea
1761 2666 1916 2699 annuo

294 2724 386 2770 ritu
417 2724 569 2770 saccis
598 2723 741 2770 velati
773 2731 823 2770 et
852 2724 1012 2770 cinere
1046 2724 1288 2787 conspersi
1327 2721 1465 2770 idolis
1504 2723 1599 2769 suis
1627 2721 1848 2769 invidiam
1865 2722 1914 2783 9)

411 2878 454 2926 1)
472 2879 551 2916 les.
573 2880 639 2924 58,
659 2879 681 2915 3
700 2890 786 2926 sqq.
904 2878 948 2926 2)
965 2879 1030 2916 Ps.
1051 2880 1116 2926 50,
1137 2881 1202 2917 18.
1321 2876 1367 2932 3)
1387 2881 1510 2917 Νιιῐη.
1529 2879 1595 2928 11,
1615 2880 1653 2915 4.
1671 2880 1738 2916 13.
1757 2879 1810 2915 32
1827 2889 1914 2925 sqq.

298 2934 344 2981 4)
366 2935 388 2969 1
406 2935 516 2971 Sam.
541 2935 582 2986 4,
607 2936 658 2971 17
677 2946 763 2982 sqq.
924 2935 969 2987 5)
990 2937 1011 2971 1
1031 2935 1130 2983 Reg.
1149 2947 1238 2983 cap.
1258 2936 1323 2972 13.
1483 2932 1529 2988 6)
1545 2935 1646 2973 Luc.
1672 2937 1739 2984 16,
1760 2936 1826 2971 25.
1844 2936 1912 2977 29.

298 2989 344 3035 Ἴ)
376 2989 593 3029 Gelenius:
623 2991 978 3028 sanctificate
1011 2991 1264 3028 ieiunium
1299 2992 1350 3028 ef
1379 2991 1685 3034 orationem.
1789 2990 1834 3040 8)
1851 2992 1914 3034 lta

299 3044 416 3083 codd.
429 3046 646 3084 VVouweri
671 3050 712 3084 et
729 3047 890 3095 Ursini,
922 3047 964 3084 in
991 3047 1139 3094 quibus
1163 3050 1257 3095 post
1288 3047 1444 3086 salut.
1476 3047 1603 3084 ctiam
1634 3047 1818 3086 additum
1850 3046 1913 3087 est

300 3101 411 3139 diis.
471 3101 572 3139 Alii:
607 3101 654 3138 in
685 3103 778 3141 hac
810 3115 861 3141 re
894 3104 1141 3141 ornandis
1173 3107 1252 3142 etc.
1362 3102 1408 3156 9)
1442 3102 1545 3142 Atii:
1577 3104 1826 3150 inediam,
1859 3101 1911 3140 cf.

299 3158 474 3207 Apolog.
485 3159 535 3194 40
547 3161 655 3195 extr.
