1942 3554
574 194 660 232 DE
691 191 1144 233 sPEcTAcULls.
1610 193 1682 243 21

51 340 360 396 erubescant3
418 351 552 400 quam
598 332 800 398 denique
846 333 1160 398 pantomimus
1199 348 1226 378 a
1264 333 1468 396 pueritia
1506 334 1681 397 patitur

53 414 99 462 in
132 423 360 474 corpore,
406 415 457 454 ut
487 405 660 452 artifex
692 420 796 452 esse
828 405 994 467 possit.
1074 402 1180 466 Ipsa
1219 404 1359 450 etiam
1399 403 1681 467 prostibula,

51 481 271 550 publicae
297 474 501 525 libidinis
525 474 723 532 hostiae,
758 475 802 521 in
821 491 965 522 scena
988 474 1308 538 proferuntur,
1349 473 1451 537 plus
1476 474 1679 522 miserae

51 555 100 602 iu
130 547 397 617 praesentia
429 545 727 603 feminarum,
762 544 929 608 quibus
960 545 1073 592 solis
1106 543 1329 602 latebant,
1363 560 1547 608 perque
1580 561 1681 592 om-

50 622 127 672 nis
143 619 326 676 aetatis,
359 617 507 664 omnis
533 614 773 680 dignitatis
801 632 882 662 ora
910 613 1291 673 transducuntur3
1329 615 1480 673 locus,
1515 616 1680 679 stipes,

53 693 280 759 elogium,
324 687 464 736 etiam
498 685 663 750 quibus
696 703 810 750 opus
841 702 935 732 non
975 694 1068 743 est,
1116 683 1440 748 praedicatur.
1519 685 1683 733 Taceo

52 759 355 824 Mreliquis,
404 773 460 805 ea
491 772 609 821 quae
649 758 695 803 in
729 756 937 804 tenebris
971 765 1019 804 et
1057 756 1104 802 in
1145 756 1382 819 speluncis
1423 756 1519 803 suis
1559 754 1682 804 deli-

49 841 239 884 tescere
273 827 498 885 decebat,
533 843 592 875 ne
626 827 746 876 diem
782 828 1174 874 contaminarent.
1240 825 1511 873 Erubescat
1542 842 1674 874 sena·

48 911 146 961 tus,
179 899 460 950 erubescant
491 897 681 945 ordines
715 915 894 946 omnes.
970 898 1103 961 Ipsae
1136 897 1245 944 illae
1278 895 1474 960 pudoris
1506 897 1578 944 sui
1609 897 1683 943 in-

46 972 369 1031 teremtriceS,
426 967 484 1017 de
525 968 736 1032 gestibus
778 971 873 1016 suis
912 967 972 1015 ad
1011 968 1162 1015 lucem
1204 976 1251 1014 et
1281 967 1501 1031 populum
1537 983 1685 1032 expa-

46 1049 320 1098 vescentes,
367 1039 512 1087 semel
558 1055 679 1086 anno
728 1039 1027 1087 erubescunt.
1119 1037 1298 1097 Quodsi
1345 1036 1481 1085 nobis
1531 1039 1683 1085 omnis

47 1111 338 1179 impudicitia
383 1108 678 1157 exsecranda
725 1119 821 1168 est,
871 1126 956 1157 cur
1001 1109 1146 1156 liceat
1184 1107 1348 1157 audire
1391 1125 1510 1172 quae
1550 1109 1678 1173 loqui

46 1200 141 1238 non
173 1183 316 1230 licet?
361 1180 474 1228 Cum
507 1181 646 1227 etiam
680 1180 1013 1233 scurrilitatem
1047 1188 1095 1227 et
1128 1196 1263 1227 omne
1290 1195 1456 1227 vanum
1485 1178 1680 1227 verbum

47 1252 302 1302 iudicatum
339 1268 367 1299 a
406 1249 496 1298 deo
538 1251 763 1308 sciamus,
820 1267 906 1298 cur
944 1266 1094 1313 aeque
1137 1250 1283 1297 liceat
1318 1249 1509 1307 videre,
1559 1266 1682 1313 quae

48 1324 213 1372 facere
251 1321 477 1385 flagitium
517 1323 619 1367 est?
695 1320 790 1367 Cur
829 1337 947 1384 quae
993 1336 1076 1367 ore
1115 1320 1299 1383 prolata
1332 1321 1682 1366 communicant

48 1393 307 1451 bominem,
354 1407 412 1439 ea
449 1407 536 1454 per
574 1391 738 1438 oculos
779 1400 828 1438 et
865 1406 1004 1438 aures
1045 1389 1247 1437 admissa
1292 1407 1386 1436 non
1434 1389 1682 1437 videantur

48 1463 281 1513 bominem
328 1462 706 1509 communicare?
767 1460 879 1508 Cum
927 1462 1114 1524 spiritui
1154 1469 1413 1524 appareant
1453 1477 1593 1508 aures
1633 1469 1682 1508 et

50 1533 199 1591 oculi,
252 1548 341 1580 nec
379 1533 531 1595 possit
560 1530 755 1578 mundus
794 1532 1051 1594 praestari,
1108 1532 1240 1578 cuius
1279 1531 1576 1594 apparitores
1610 1532 1681 1577 in-

51 1605 311 1671 quinantur.
369 1602 527 1650 Habes
558 1602 703 1665 igitur
736 1610 785 1649 et
815 1603 987 1649 theatri
1020 1601 1404 1649 interdictionem
1439 1600 1497 1648 de
1532 1602 1683 1648 inter-

52 1673 259 1724 dictione
290 1671 627 1737 impudicitiae.

195 1742 274 1795 18.
331 1743 414 1790 Sin
454 1752 502 1789 et
540 1742 802 1789 doctrinam
843 1743 1071 1790 secularis
1111 1743 1431 1800 litteraturae,
1477 1751 1528 1789 ut
1566 1742 1681 1789 stul-

51 1814 184 1862 titiae
216 1811 335 1877 apud
370 1812 504 1860 deum
538 1812 830 1876 deputatam,
871 1829 1197 1876 aspernamur,
1249 1814 1362 1860 satis
1394 1812 1682 1875 praescribi-

50 1892 130 1932 tur
158 1883 294 1931 nobis
326 1892 375 1931 et
405 1882 463 1930 de
495 1883 587 1930 illis
619 1883 870 1946 speciebus
896 1884 1289 1946 spectaculorum,
1325 1899 1446 1946 quae
1474 1883 1679 1930 seculari

51 1953 316 2002 litteratura
362 1953 583 2000 lusoriam
637 1954 713 2000 vel
765 1954 1075 2016 agonisticam
1130 1969 1319 2000 scenam
1373 1951 1676 2016 dispungunt.

55 2022 232 2083 Quodsi
287 2021 562 2086 tragoediae
617 2032 665 2070 et
719 2023 995 2070 comoediae
1052 2023 1285 2070 scelerum
1342 2032 1390 2070 et
1433 2022 1679 2070 libidinum

54 2094 290 2142 aucrrices
323 2102 545 2140 cruentae
578 2102 626 2140 et
663 2093 891 2151 lascivae,
932 2095 1100 2157 impiae
1134 2102 1183 2140 et
1212 2091 1467 2156 prodigae:
1509 2093 1678 2140 nullius

53 2165 123 2222 rei
162 2172 242 2211 aut
279 2165 456 2212 atrocis
494 2171 573 2210 aut
610 2164 715 2210 vilis
756 2164 1140 2211 commemoratio
1174 2164 1345 2211 melior
1376 2173 1463 2211 est.
1542 2162 1680 2222 Quod

46 2233 100 2290 gin
144 2234 271 2281 facto
318 2235 552 2292 reiicitur,
615 2235 755 2282 etiam
802 2235 848 2281 in
896 2233 1023 2281 dicto
1071 2251 1165 2281 non
1213 2243 1288 2281 est
1333 2233 1674 2298 recipiendum.

31 2302 231 2369 „Quodsi
271 2313 320 2352 et
358 2303 553 2352 stadium
596 2304 855 2353 contendas
894 2305 941 2351 in
974 2306 1220 2369 scripturis
1261 2305 1514 2362 nominari,
1564 2320 1676 2351 sane

54 2373 304 2430 obtinebis.
354 2373 450 2422 Sed
482 2391 600 2439 quae
631 2376 677 2422 in
710 2374 861 2422 stadio
894 2384 1135 2439 geruntur,
1170 2373 1362 2438 indigna
1395 2376 1675 2438 conspectui

29 2450 255 2510 ⁴aionon
289 2445 508 2508 negabis,
554 2462 738 2510 pugnos
779 2454 828 2494 et
866 2446 1024 2493 calces
1064 2455 1112 2493 et
1152 2446 1378 2508 colaphos
1411 2454 1459 2492 et
1491 2461 1675 2492 omnem

27 2577 35 2583 .
114 2515 351 2562 mlantiam
389 2533 573 2574 manus,
631 2526 679 2563 et
717 2532 1037 2580 quamcunque
1085 2517 1270 2563 humani
1318 2517 1438 2572 oris,
1492 2514 1539 2561 id
1587 2524 1691 2574 ests

42 2528 236 2635 1ςίονίιιειθ
287 2587 503 2650 imaginis
557 2586 967 2651 depugnationem.
1052 2586 1159 2633 Non
1206 2584 1430 2648 probabis
1483 2601 1675 2649 usquam

50 2669 200 2711 vanos
231 2672 396 2704 cursus
429 2666 477 2703 et
508 2658 735 2704 iaculatus
769 2667 816 2704 ct
855 2658 999 2704 saltus
1039 2658 1282 2714 vaniores3
1334 2672 1556 2720 nusquam
1591 2655 1675 2702 tibi

51 2724 180 2776 Vites
221 2735 299 2774 aut
335 2727 589 2775 iniuriosae
635 2737 715 2775 aut
758 2744 905 2775 vanae
952 2726 1231 2790 placebunt,
1295 2726 1380 2774 sed
1423 2742 1512 2774 nec
1561 2742 1675 2773 cura

54 2793 221 2842 factitii
254 2799 488 2860 corporis,
520 2807 571 2845 ut
600 2799 841 2862 plasticam
876 2796 950 2844 dei
986 2813 1311 2860 supergressa.
1387 2798 1449 2845 Et
1477 2805 1675 2860 propter

47 2865 196 2917 ¹otium
231 2865 461 2916 Graeciae
495 2868 651 2917 altiles
683 2869 895 2915 homines
928 2866 1104 2914 oderis.
1165 2867 1226 2914 Et
1255 2867 1538 2931 palaestrica
1573 2866 1675 2913 dia-

27 2932 148 2988 „boli
180 2937 418 2998 negotium
450 2947 540 2986 est.
618 2939 799 2986 Primos
838 2938 1050 2985 homines
1091 2936 1303 2985 diabolus
1343 2938 1488 2986 elisit.
1565 2937 1670 2999 Ipse

23 3001 212 3073 {gestus
252 3006 494 3054 colubrina
527 3010 623 3067 vis,
672 3018 742 3056 est
782 3018 926 3056 tenax
971 3006 1029 3055 ad
1068 3007 1411 3072 occupandum,
1458 3015 1672 3054 tortuosa

18 3071 113 3114 Τ
149 3074 468 3139 obligandum,
516 3078 690 3142 liquida
729 3078 787 3125 ad
828 3077 1118 3126 elabendum.
1194 3078 1360 3126 Nullus
1405 3077 1490 3124 tibi
1531 3092 1676 3124 coro-

18 3150 210 3207 [chrum
244 3162 355 3193 usus
389 3156 482 3204 est,
523 3148 632 3211 quid
664 3148 722 3197 de
756 3149 945 3196 coronis
975 3148 1239 3212 voluptates
1269 3148 1549 3212 aucuparis?
