1942 3554
1855 0 1914 178 t

1884 175 1909 212 ¹

286 354 381 403 est3
415 344 544 391 cuius
574 351 727 389 autem
761 341 1127 406 concupiscendi
1157 340 1449 406 ignoraveris
1487 345 1710 405 fructum,
1755 347 1911 421 facile*

284 431 378 462 non
411 414 739 475 concupisces,
772 411 1090 460 adversarium
1116 430 1212 460 non
1237 414 1437 472 habens,
1470 417 1931 483 concupiscentianf

281 485 477 531 fructus.
554 481 797 541 Quomodo
844 499 960 546 ergo
1007 500 1099 530 non
1136 485 1284 547 magis
1312 486 1424 534 viris
1454 485 1628 551 aliquid
1658 488 1752 536 tale
1783 487 1842 537 de

282 556 330 602 in
374 554 601 600 honorem
647 553 1021 617 subscripsisset,
1082 554 1155 601 vel
1202 556 1308 618 quia
1350 556 1666 616 familiariori,
1713 482 1916 639 scilic}

282 625 474 687 imagini
505 640 638 681 suae,
671 624 745 671 vel
777 625 884 687 quia
913 625 1015 688 plus
1046 624 1309 672 laboranti?
1383 624 1436 673 Si
1472 635 1627 675 autem
1658 629 1772 677 nihil
1802 646 1844 678 m
1887 633 1896 642 ²

284 695 439 752 scu10‚
472 695 615 741 multo
647 695 794 756 magis
825 695 1043 742 feminae.
1834 641 1914 754 Ἴ

428 770 507 815 11.
570 763 666 812 Sed
698 764 820 828 quod
852 782 991 829 supra
1021 766 1350 813 intermisimus
1380 782 1441 814 ex
1463 777 1597 832 parte
1621 769 1914 837 subsecutas!

284 834 633 900 disputationis,
680 852 738 882 ne
786 836 1135 883 cohaerentiam
1182 838 1280 884 eius
1326 835 1725 901 dispergeremus,
1779 833 1913 904 minei}

283 922 512 970 responso
545 922 878 969 expungemus.
942 905 1030 953 Ubi
1078 907 1199 953 enim
1245 906 1440 970 gradum
1486 909 1666 958 fiximus
1697 909 1757 958 de
1788 916 1909 976 apo-d

282 977 392 1024 stoli
422 977 636 1023 absoluta
667 975 962 1034 definitione,
997 993 1177 1024 omnem
1209 979 1449 1026 mulierem
1474 981 1614 1027 etiam
1645 981 1793 1029 omnis
1823 993 1911 1030 ae-',
1939 997 1942 1001 ·

282 1048 393 1095 tatis
423 1046 775 1109 intelligendam
794 1049 862 1105 1),
895 1046 1174 1111 responderi
1205 1064 1265 1095 ex
1296 1048 1486 1096 diverso*
1514 1050 1743 1109 habebat,
1783 1067 1904 1115 ergo

282 1135 312 1165 a
356 1118 600 1164 nativitate
647 1126 696 1164 et
739 1134 767 1164 a
810 1119 959 1180 primo
1006 1120 1192 1164 nomine
1239 1120 1407 1174 aetatis
1451 1121 1680 1184 virginem
1727 1123 1903 1186 operiri

285 1196 523 1251 oportere.
598 1186 707 1234 Non
753 1188 818 1234 ita
850 1196 922 1234 est
951 1197 1128 1245 autem,
1176 1185 1259 1234 sed
1305 1192 1500 1253 equuo
1546 1207 1597 1239 se
1623 1187 1905 1255 'intelligere

283 1259 498 1322 coeperit
528 1266 577 1304 et
607 1273 790 1304 sensum
821 1267 1015 1305 naturae
1049 1274 1159 1305 suae
1188 1259 1368 1307 intrare
1400 1268 1450 1306 et
1470 1259 1530 1308 de
1552 1262 1748 1325 virginis
1772 1264 1904 1312 exire

281 1337 331 1376 et
374 1329 472 1393 pati
518 1345 685 1375 novum
731 1327 866 1386 illud,
915 1327 1039 1392 quod
1077 1329 1269 1376 alterius
1314 1331 1483 1399 aetatis
1527 1340 1636 1379 est.·
1687 1332 1809 1380 Nam
1857 1341 1909 1384 et

279 1399 519 1464 principes
551 1400 740 1461 generis
769 1396 918 1446 Adam
967 1408 1015 1447 et
1059 1398 1179 1458 Eva,
1228 1398 1444 1463 quamdiu
1487 1402 1731 1450 intellectu
1769 1419 1910 1453 care-0

282 1470 419 1527 bant,
453 1467 563 1516 nudi
594 1470 814 1532 agebant-
886 1468 952 1518 At
994 1470 1072 1517 ubi
1112 1469 1170 1517 de
1202 1470 1372 1518 arbore
1404 1473 1658 1535 agnitionis
1688 1468 1907 1537 gustave-

281 1549 411 1598 runt,
445 1541 558 1587 nihil
588 1541 784 1604 primum
816 1550 1084 1598 senserunt,
1119 1557 1253 1604 quam
1285 1541 1671 1591 erubescendum.
1740 1543 1909 1609 Itaquev

283 1612 353 1658 sui
386 1612 553 1675 quique
586 1627 724 1658 sexus
754 1611 1043 1659 intellectum
1076 1612 1281 1674 tegmine
1313 1621 1610 1662 notaverunt.
1686 1612 1784 1662 Sed
1814 1615 1908 1664 etsi
1938 1658 1942 1661 .

281 1691 479 1746 propter
509 1682 704 1744 angelos
733 1681 934 1729 velanda
965 1691 1059 1741 est,
1107 1683 1206 1729 sine
1253 1679 1393 1730 dubio
1441 1683 1516 1739 ab,
1545 1700 1603 1731 ea
1640 1692 1796 1733 aetate
1828 1686 1908 1733 lex

279 1753 524 1802 velaminis
556 1752 851 1816 operabitur,
884 1769 911 1799 a
943 1769 1033 1816 qua
1062 1761 1318 1818 potuerunt
1361 1753 1484 1802 filiae
1522 1755 1757 1803 hominum
1789 1772 1906 1803 con-

282 1819 615 1892 cupiscentiam
647 1823 717 1875 sui
758 1822 994 1870 adducere
1041 1832 1090 1870 et
1134 1824 1318 1887 nuptias
1349 1825 1462 1888 pati.
1536 1824 1611 1872 Ex
1653 1826 1735 1873 illo
1782 1827 1906 1874 enim

279 1900 414 1963 virgo
462 1897 655 1957 desinit,
717 1915 778 1946 ex
824 1911 914 1962 quo
961 1903 1117 1963 potest
1161 1912 1255 1941 non
1301 1910 1421 1942 esse.
1496 1894 1559 1942 Et
1602 1894 1711 1944 ideo
1758 1906 1909 1960 penes

279 1969 427 2017 Israe’l
458 1963 671 2016 illicitum
703 1978 777 2016 est
806 1969 864 2016 ad
896 1971 1043 2017 virum
1077 1964 1289 2029 tradere,
1322 1967 1411 2013 nisi
1448 1975 1557 2030 post
1595 1975 1908 2018 contestatam

279 2041 505 2103 sanguine
537 2041 875 2099 maturitatem3
909 2042 975 2087 ita
1000 2050 1107 2088 ante
1133 2042 1254 2088 hunc
1285 2035 1489 2087 indicem
1513 2037 1690 2090 acerba
1713 2053 1790 2086 res
1816 2046 1905 2086 est.-

280 2110 431 2172 Igitur
461 2111 500 2157 si
530 2119 625 2157 tam
656 2110 733 2158 diu
762 2112 922 2173 virgo,
956 2111 1172 2175 quamdiu
1203 2113 1378 2160 acerba
1415 2121 1509 2171 est,
1552 2113 1724 2161 desinit
1759 2108 1907 2176 virgi-

282 231 403 277 218
656 231 739 269 DE
769 230 1138 269 v1RG1N1BUs
1166 230 1503 279 VELANms.

278 2197 407 2238 nem,
442 2198 544 2227 cum
576 2190 758 2228 matura
789 2183 1095 2243 cognoscitur
1125 2191 1174 2229 et
1202 2191 1254 2229 ut
1282 2200 1376 2230 non
1404 2186 1539 2247 virgo
1572 2185 1661 2231 iam
1693 2185 1790 2247 legi
1820 2201 1904 2249 ap-

278 2252 505 2315 plicatur,
539 2252 661 2302 sicut
691 2260 739 2298 et
770 2253 957 2315 nuptiis.
1034 2252 1096 2299 Et
1141 2251 1454 2316 desponsatae
1502 2253 1687 2318 quidem
1725 2255 1904 2302 habent

279 2320 541 2384 exemplum
573 2320 822 2368 Rebeccae
841 2323 910 2382 ²),
944 2338 1062 2386 quae
1095 2339 1198 2369 cum
1229 2322 1288 2368 ad
1319 2340 1536 2387 sponsum
1578 2325 1786 2388 ignotum
1817 2323 1902 2372 ad—

278 2392 369 2439 huc
401 2393 565 2454 ignota
595 2391 961 2456 perduceretur,
995 2393 1129 2440 simul
1159 2394 1306 2457 ipsum
1339 2394 1567 2456 cognovit
1595 2403 1723 2452 esse,
1765 2411 1901 2459 quem

279 2461 338 2509 de
371 2462 626 2525 longinquo
657 2471 993 2527 prospexerat,
1027 2480 1119 2510 non
1151 2464 1368 2511 sustinuit
1405 2463 1632 2529 dexterae
1673 2466 1904 2514 collucta-

277 2534 454 2579 tionem
485 2548 574 2580 nec
607 2534 757 2581 osculi
789 2535 1175 2596 congressionem
1207 2550 1295 2581 nec
1327 2534 1622 2583 salutationis
1645 2537 1907 2584 communi-

280 2604 536 2660 cationem,
570 2601 654 2651 sed
693 2605 911 2651 confessa
956 2603 1079 2668 quod
1110 2613 1346 2662 senserat,
1400 2604 1448 2652 id
1486 2608 1775 2670 est-spiritu
1819 2623 1904 2654 nu·-

278 2683 427 2738 ptam,
476 2676 667 2736 negavit
708 2675 963 2737 virginem,
1009 2676 1167 2723 velata
1204 2673 1396 2723 ibidem.
1471 2675 1508 2723 Ο
1539 2677 1782 2724 mulierem
1811 2678 1905 2726 iam

279 2744 338 2791 de
373 2744 545 2791 Christi
578 2725 847 2808 disciplina!
891 2745 1109 2793 Ostendit
1137 2748 1258 2794 enim
1291 2747 1431 2794 etiam
1461 2747 1645 2811 nuptias
1676 2746 1735 2795 de
1766 2763 1910 2814 aspa-a

282 2823 361 2860 ctu
391 2823 440 2861 et
469 2816 621 2862 animo
655 2815 780 2873 fieri,
814 2815 1198 2879 quemadmodum
1231 2825 1453 2881 stuprum,
1486 2818 1575 2864 nisi
1605 2816 1730 2881 quod
1760 2818 1905 2865 etiam

281 2882 548 2931 Rebeccam
581 2885 766 2948 quidam
798 2885 950 2934 adhuc
980 2888 1154 2934 velant.
1230 2886 1300 2934 De
1347 2888 1522 2935 ceteris
1564 2903 1705 2945 vero,
1751 2886 1799 2935 id
1831 2895 1904 2936 est

284 2970 401 3018 quae
434 2953 745 3017 desponsatae
777 2973 870 3003 non
901 2966 1029 3014 sunt,
1061 2957 1233 3005 vider-it
1262 2966 1504 3022 parentum
1535 2959 1900 3021 procrastinatio

283 3040 346 3072 ex
373 3026 599 3087 angustiis
628 3027 703 3074 vel
735 3028 1095 3091 scrupulositate
1128 3027 1443 3086 descendens,
1473 3027 1647 3076 viderit
1676 3036 1726 3076 et
1753 3028 1899 3092 ipsum

398 3180 443 3230 1)
459 3180 482 3216 1
503 3181 595 3218 cor.
615 3181 680 3230 11,
699 3184 736 3219 5.
853 3184 898 3232 2)
915 3185 1065 3222 Genes.
1082 3187 1148 3234 24,
1168 3187 1221 3222 64
1239 3196 1298 3231 sq.
