1942 3554
287 233 407 283 224
637 232 857 269 CONTRA
887 230 1194 269 GNOSTICOS
1226 229 1562 270 SCORPIACE.·
1622 273 1631 279 ί
1657 257 1662 260 ,

287 371 620 436 exstirpandis.
644 373 686 432 ¹)
763 369 1038 418 Perditione
1072 368 1282 432 perdetis
1321 370 1475 416 omnia
1515 369 1624 416 loca:
1659 370 1705 415 in
1747 369 1914 436 quibis

288 445 556 491 servierunt
587 442 806 488 nationes
840 439 929 487 diis
961 440 1077 497 suis,
1127 456 1239 503 quas
1278 456 1362 487 vos
1401 438 1703 503 possidebitis
1745 440 1903 490 haerd-

288 513 459 570 ditate,
500 527 645 575 super
675 519 858 558 montes
892 519 941 558 et
972 509 1120 557 colles
1154 519 1202 557 et
1232 509 1315 557 sub
1347 509 1543 557 arbores
1575 507 1745 557 densas
1777 503 1904 574 quai-

289 600 378 648 que
412 581 649 631 effodietis
687 597 791 629 aras
833 597 1016 639 earum,
1065 581 1290 628 evertetis
1330 589 1378 628 et
1416 581 1742 628 comminuetis
1781 568 1904 631 statss-

290 654 393 701 cula
426 669 600 710 earum,
635 661 683 699 et
715 649 950 699 excidetis
985 651 1117 698 lucos
1149 666 1331 709 earum,
1365 658 1414 697 et
1443 651 1678 714 sculptilia
1707 641 1937 714 ipsoruffl·

290 724 486 771 deorum
519 722 885 770 concremabitis
911 722 1027 784 igni,
1061 730 1110 768 et
1141 719 1427 784 disperdetis
1459 737 1629 769 nomen
1661 736 1823 768 eorum
1854 715 1913 769 de

289 793 397 841 loco
430 794 530 841 illo.
603 790 778 840 Adhuc
810 793 1011 855 ingerit,
1060 808 1164 839 cum
1195 792 1474 839 introissent
1502 800 1677 839 terram
1715 792 1906 855 promis]-

289 865 434 912 sionis
467 872 516 910 et
546 864 941 912 exterminassent
972 862 1190 910 nationes
1223 862 1324 909 eius
1341 861 1414 926 2):
1461 861 1586 909 Cave
1618 861 1719 919 tibi,
1754 877 1811 908 ne
1839 854 1942 912 sti—t

291 936 446 998 quaris
488 950 591 992 eas,
639 942 943 997 posteaquam
985 933 1324 979 exterminatae
1370 932 1548 979 fuerint
1583 949 1610 979 a
1649 932 1772 980 facie
1811 930 1942 995 tuggo:

288 1021 347 1052 ne
380 1005 655 1068 requisieris
689 1002 804 1050 deos
836 1003 1043 1061 illarum,
1093 1001 1278 1050 dicens:
1320 1001 1706 1066 quemadmodum
1738 1001 1942 1065 faciussj:

290 1077 507 1123 nationes
541 1073 629 1121 diis
660 1075 770 1120 suis.
821 1072 872 1121 Si
904 1082 952 1119 et
983 1089 1074 1136 ego
1106 1074 1171 1120 ita
1203 1074 1387 1119 faciam.
1437 1071 1534 1120 Sed
1566 1081 1615 1120 et
1645 1070 1715 1130 id,
1749 1073 1787 1119 si
1814 1064 1909 1135 ἱρὰ
1937 1072 1942 1130 ζ

289 1145 570 1209 prophetes,
611 1144 848 1207 inquit3),
906 1144 1232 1190 exsurrexerit
1262 1144 1308 1188 in
1345 1152 1415 1199 te,
1471 1151 1549 1189 aut
1580 1143 1809 1189 somnium
1840 1139 1911 1189 so}-
1935 1141 1942 1210 {⁵

290 1216 487 1272 mnians,
522 1223 570 1262 et
594 1212 783 1262 dederit
807 1213 890 1259 tibi
918 1214 1100 1275 signum
1126 1214 1202 1260 vel
1229 1221 1484 1270 ostentum,
1519 1220 1569 1259 et
1600 1213 1837 1271 evenerit,
1863 1219 1910 1260 'e‘t

293 1285 488 1331 dixerit:
531 1300 689 1331 eamus
722 1293 770 1330 et
808 1284 1067 1331 serviamus
1100 1282 1189 1330 diis
1222 1282 1348 1340 aliis,
1384 1298 1499 1346 quos
1531 1299 1623 1329 non
1655 1283 1815 1342 scitis3
1857 1283 1942 1331 ne·

290 1354 492 1402 audiatis
539 1369 803 1401 sermonem
848 1353 1110 1416 prophetae
1157 1362 1237 1400 aut
1280 1353 1579 1400 somniatoris
1618 1353 1764 1411 illius,
1813 1348 1942 1418 quit*⁴

290 1433 439 1472 tentat
467 1441 564 1471 -vos
606 1423 817 1472 dominus
858 1423 972 1471 deus
1012 1433 1196 1482 vester,
1243 1440 1302 1470 an
1343 1439 1404 1471 ex
1441 1432 1542 1471 toto
1583 1422 1728 1471 corde
1761 1422 1911 1471 vestri]

293 1505 341 1543 et
388 1511 449 1542 ex
493 1503 592 1542 tota
638 1496 790 1542 anima
836 1503 994 1542 vestra
1039 1495 1242 1542 timeatis
1291 1493 1443 1541 deum.
1527 1493 1642 1541 Post
1686 1488 1942 1556 dominufflss

292 1566 429 1613 deum
461 1574 669 1612 vestrum
700 1564 909 1622 abibitis,
945 1573 993 1611 et
1023 1564 1145 1611 hunc
1178 1564 1418 1622 timebitis,
1454 1573 1502 1611 et
1531 1573 1787 1628 praecepta
1819 1558 1912 1624 eius

293 1634 595 1693 custodietis,
629 1643 678 1682 et
706 1651 875 1682 vocem
907 1635 1009 1682 eius
1040 1633 1263 1692 audietis,
1306 1643 1354 1681 et
1384 1635 1452 1681 illi
1482 1636 1724 1691 servietis,
1776 1644 1825 1682 et
1853 1633 1942 1702 illi*

292 1705 596 1752 adiicieniini.
675 1704 936 1768 Prophetes
976 1713 1131 1752 autem
1173 1714 1220 1752 et
1259 1705 1519 1751 somniator
1555 1705 1634 1753 ille
1668 1700 1942 1760 morietuh

293 1777 477 1822 locutus
511 1783 585 1822 est
615 1775 738 1821 enim
770 1774 830 1821 ad
860 1774 1180 1822 seducendum
1214 1783 1258 1821 te
1291 1791 1318 1821 a
1350 1774 1537 1822 domino
1564 1774 1653 1823 deo
1679 1785 1776 1824 tuo.
1826 1773 1914 1823 Sed

295 1855 341 1893 et
380 1846 472 1892 alio
515 1846 719 1908 capitulo
737 1844 807 1908 4):
885 1843 936 1891 Si
976 1854 1131 1892 autem
1163 1849 1407 1908 rogaverit
1444 1854 1490 1892 te
1529 1846 1679 1894 frater
1716 1856 1822 1894 tuus
1861 1852 1915 1912 e}

292 1925 430 1980 patre
462 1915 540 1963 vel
572 1924 742 1973 matre,
791 1924 871 1962 aut
908 1915 1031 1962 filius
1071 1925 1200 1974 tuus,
1247 1923 1327 1962 aut
1363 1915 1460 1963 filia
1495 1925 1597 1975 tua,
1645 1926 1724 1964 aut
1755 1908 1915 1981 mulief'r

295 2003 414 2050 quae
455 1988 502 2032 in
541 1986 723 2050 gremio
763 1995 844 2032 tuo
886 1995 981 2044 est,
1030 1995 1110 2033 aut
1147 1987 1324 2034 amicus
1363 1987 1441 2051 qui
1480 1988 1661 2035 animae
1699 1997 1809 2035 tuae
1838 1994 1915 2052 past

293 2066 387 2114 est,
438 2057 555 2103 clam
589 2055 774 2104 dicens:
817 2073 975 2104 eamus
1008 2066 1056 2104 et
1087 2058 1342 2105 serviamus
1382 2056 1470 2105 diis
1501 2058 1628 2117 aliis,
1677 2075 1793 2122 quos
1832 2043 1916 2106 ποῖ

295 2128 410 2184 scis,
466 2142 556 2173 nec
602 2135 760 2189 patres
807 2128 896 2185 tui,
953 2143 1014 2173 ex
1060 2127 1148 2175 diis
1190 2130 1449 2186 nationum,
1499 2145 1618 2191 quae
1660 2130 1836 2178 circum
1873 2127 1917 2177 te

293 2197 507 2260 proxime
540 2205 647 2242 sunt
677 2207 755 2243 aut
787 2197 953 2260 longe3
994 2214 1052 2245 ne
1084 2199 1201 2245 velis
1233 2200 1302 2245 ire
1329 2215 1431 2246 cum
1458 2199 1561 2256 illo,
1603 2208 1653 2247 et
1675 2214 1733 2246 ne
1759 2197 1916 2248 audiej·

293 2268 360 2313 ris
394 2282 513 2313 eum.
589 2265 698 2312 Non
736 2275 903 2328 parcet
941 2268 1104 2313 oculus
1146 2277 1250 2314 tuus
1289 2285 1432 2331 super
1463 2284 1583 2315 eum.
1651 2269 1758 2317 Nec
1798 2268 1917 2334 desi}-

298 2336 487 2383 derabis
533 2350 621 2382 nec
668 2335 869 2383 salvabis
916 2352 1042 2393 eum,
1091 2336 1369 2384 adnuntians
1409 2336 1706 2385 adnuntiabis
1747 2338 1805 2386 de
1845 2341 1918 2394 euff-

294 2407 459 2454 Manus
492 2415 601 2453 tuae
635 2414 772 2453 erunt
802 2406 847 2452 in
882 2422 985 2453 eum
1018 2407 1064 2452 in
1096 2408 1256 2470 primis
1288 2407 1346 2454 ad
1380 2406 1714 2467 occidendum,
1749 2419 1798 2456 et
1828 2395 1918 2471 ma}

296 2494 382 2524 nus
414 2476 575 2540 populi
605 2477 670 2523 tui
704 2477 749 2522 in
783 2477 1067 2534 novissimis,
1103 2486 1150 2524 et
1182 2476 1445 2540 lapidabitis
1477 2478 1626 2537 illum,
1670 2488 1718 2526 et
1749 2476 1919 2540 morie*—

296 2557 392 2605 tur‚
428 2548 646 2610 quoniam
678 2547 912 2610 quaesivit
943 2556 1161 2595 avertere
1193 2557 1240 2595 te
1272 2564 1298 2593 a
1332 2547 1519 2595 domiuo
1546 2547 1637 2597 deo
1665 2557 1760 2596 tuo.
1801 2547 1919 2598 Sub-

296 2619 400 2664 iicit
432 2618 571 2665 etiam
605 2614 662 2663 de
696 2617 988 2675 civitatibus,
1031 2618 1071 2663 si
1103 2634 1236 2682 quam
1271 2634 1331 2665 ex
1362 2619 1431 2665 his
1465 2620 1755 2667 constitisset
1785 2604 1920 2681 sua-{p

297 2689 562 2751 iniquorum
593 2687 830 2734 hominum
863 2688 1086 2735 transisse
1120 2687 1179 2735 ad
1206 2686 1320 2734 deos
1345 2689 1486 2746 alios,
1520 2698 1571 2736 ut
1594 2682 1920 2743 interficere&-

297 2766 373 2804 tur
405 2774 566 2805 omnes
597 2758 863 2805 incolentes
897 2774 1020 2815 eam,
1063 2766 1110 2805 et
1142 2756 1472 2806 devotamenta
1502 2759 1673 2806 fierent
1704 2750 1921 2822 universi

296 2829 422 2884 eius,
471 2837 520 2874 et
566 2827 910 2891 colligerentur
949 2829 1103 2875 omnia
1140 2828 1290 2891 spolia
1335 2829 1436 2876 eius
1478 2830 1525 2876 iu
1565 2847 1726 2878 omnes
1772 2818 1921 2879 exitu‘k

299 2899 423 2954 eius,
473 2906 521 2943 et
551 2898 654 2960 igni
682 2907 1007 2946 cremarentur
1038 2914 1140 2946 cum
1173 2898 1385 2946 omnibus
1419 2900 1541 2947 vasis
1573 2902 1692 2958 suis,
1742 2909 1791 2949 et
1821 2883 1921 2980 cut}

298 2967 423 3013 omni
449 2967 621 3030 populo
647 2968 694 3014 in
720 2977 977 3032 conspectu
1003 2968 1177 3017 domini
1204 2968 1302 3027 dei,
1338 2979 1386 3017 et
1408 2986 1501 3017 uon
1527 2971 1619 3018 erit
1642 2970 1920 3030 habitabitis

415 3135 459 3182 1)
491 3135 614 3172 Dent.
640 3140 706 3182 12,
744 3139 767 3173 2
801 3149 859 3184 sq.
1033 3139 1078 3187 2)
1109 3138 1162 3177 ib.
1185 3140 1251 3187 12,
1286 3139 1353 3178 30.
1527 3138 1573 3189 3)
1603 3138 1658 3178 ib.
1683 3140 1749 3190 13,
1783 3142 1807 3177 1
1839 3149 1924 3190 aqn-

299 3191 347 3240 4)
380 3191 430 3228 ib.
465 3193 540 3239 13,
576 3194 599 3228 6
632 3203 718 3238 sqq.
