1942 3554
285 218 369 269 52
813 216 895 254 DE
926 211 1390 254 1D0120LATR1A.1

284 358 432 406 verbo
463 357 535 404 bis
556 358 597 418 ¹)
635 352 773 403 acuta
806 364 854 402 et
883 355 1055 403 infesta
1085 356 1324 419 utrinque,
1365 355 1478 401 licet
1508 353 1590 400 tibi
1621 351 1903 403 blandiatur

288 429 419 492 quasi
461 434 600 474 vacet
644 426 691 471 in
736 434 959 490 utroque,
1022 423 1127 472 dum
1172 426 1344 472 factum
1390 440 1483 471 non
1519 422 1730 479 videtur,
1794 425 1919 492 quit}

289 498 461 545 dictum
493 512 585 542 non
616 503 823 544 tenetur.
903 494 1153 542 Pecuniam
1193 493 1251 542 de
1291 494 1491 543 ethnicis
1522 500 1784 541 mutuantes
1814 492 1923 555 subg

287 566 564 632 pignoribus
611 564 842 623 fiduciati,
894 566 1033 612 iurati
1080 574 1249 612 cavent
1293 573 1341 613 et
1385 565 1453 612 sic
1497 571 1690 627 negant.
1764 560 1896 609 Scir

290 639 453 685 volunt
484 637 669 683 scilicet
705 644 885 700 tempus
924 636 1269 698 persecutionis
1310 644 1358 682 et
1393 635 1547 681 locum
1577 632 1823 681 tribunalis

288 723 538 771 personam
572 704 818 769 praesidis.
897 705 1185 753 Praescribit
1217 705 1451 762 Christus,
1484 720 1577 750 non
1610 716 1715 751 esse
1747 703 1879 749 iuran
1903 722 1935 742 ι

291 777 412 824 dum.
491 775 691 838 Scripsi,
740 777 908 839 inquit,
957 775 1042 823 sed
1074 775 1187 822 nihil
1221 774 1339 822 dixi:
1393 775 1573 836 lingua,
1620 789 1713 820 non
1746 772 1935 838 litters

293 845 487 895 occidit.
567 845 653 892 Hic
688 862 778 908 ego
819 855 1027 893 naturam
1069 854 1116 893 et
1148 845 1481 893 conscientiam
1520 843 1727 891 advoco:
1773 847 1935 902 natus

290 933 410 974 ram,
466 917 571 979 quia
618 916 729 962 nihil
769 925 926 979 potest
963 932 1122 963 manus
1161 916 1397 972 scribere,
1444 914 1624 961 etiamsi
1663 913 1822 976 lingua
1858 927 1918 970 112„=

292 985 549 1034 dictitando
598 994 755 1033 cessat
798 986 1045 1033 immobilis
1092 995 1139 1033 et
1184 987 1370 1049 quieta,
1439 983 1565 1048 quod
1616 999 1709 1030 non
1755 982 1919 1043 anima

293 1056 569 1113 dictaverit,
617 1072 889 1120 quamquam
931 1065 979 1103 et
1017 1057 1107 1119 ipsi
1147 1056 1334 1119 linguae
1367 1056 1519 1102 anima
1551 1052 1801 1101 dictaverit
1830 1054 1919 1121 autg

291 1144 317 1174 a
350 1142 401 1173 se
434 1134 713 1188 conceptum
745 1135 823 1172 aut
853 1126 910 1173 ab
943 1126 1036 1172 alio
1069 1126 1302 1173 traditum.
1351 1126 1441 1172 Iam
1468 1141 1526 1172 nc
1553 1124 1758 1171 dicatur:
1792 1121 1927 1179 ειΙίἰιχΧ

293 1196 512 1252 dictavit,
554 1195 630 1242 hic
664 1197 1000 1242 conscientiam
1032 1196 1240 1258 appello,
1280 1212 1353 1252 an,
1394 1194 1519 1259 quod
1550 1194 1666 1242 alius
1699 1181 1930 1332 dictavi}

292 1267 443 1312 anima
474 1266 700 1328 suscipiat
739 1274 787 1312 ct
824 1266 921 1312 sive
963 1267 1215 1312 comitante
1254 1267 1352 1312 sive
1382 1264 1623 1312 residente
1664 1264 1822 1326 lingua
1852 1277 1907 1314 a⁸

292 1352 471 1382 manum
504 1336 799 1382 transmittat.
860 1334 922 1382 Et
951 1335 1089 1392 bene,
1123 1334 1247 1398 quod
1277 1336 1322 1381 in
1355 1336 1506 1382 animo
1540 1342 1588 1381 et
1619 1324 1927 1460 conscienti}

294 1405 499 1468 delinqui
532 1404 743 1452 (lominus
783 1404 915 1452 dixit.
994 1404 1066 1463 Si,
1124 1405 1358 1468 inquit²)‚
1414 1403 1798 1470 concupiscentia
1836 1415 1899 1461 ve>

294 1476 468 1522 malitia
513 1476 558 1521 in
607 1491 691 1522 cor
736 1475 936 1521 hominis
982 1474 1274 1531 ascenderit,
1335 1491 1421 1538 pro
1477 1475 1602 1521 facto
1655 1463 1924 1534 teneris³){5

296 1545 471 1591 Cavisti
501 1545 666 1607 igitur,
715 1543 838 1608 quod
870 1545 916 1590 in
950 1561 1034 1591 cor
1065 1553 1190 1590 tuum
1222 1545 1359 1607 plane
1391 1543 1629 1602 ascendit,
1676 1541 1801 1608 quod
1830 1529 1923 1606 ne}

298 1630 387 1679 quc
426 1615 671 1677 ignorasse
711 1622 758 1661 te
799 1613 1087 1661 contendere
1127 1623 1264 1678 potes
1303 1631 1455 1679 neque
1495 1615 1719 1662 noluisse.
1794 1611 1925 1678 Nan}

298 1700 400 1732 cum
433 1700 653 1741 caveres,
688 1684 843 1742 scisti3
889 1700 989 1731 eum
1023 1685 1186 1742 scires,
1220 1686 1379 1748 utique
1411 1685 1625 1741 voluisti,
1660 1694 1708 1732 et
1739 1699 1791 1731 es
1821 1680 1922 1750 tamj

297 1755 343 1800 in
395 1754 521 1801 facto
575 1770 707 1816 quam
760 1754 807 1799 in
861 1755 1098 1817 cogitatu,
1163 1771 1250 1801 nec
1303 1763 1439 1818 potes
1492 1755 1671 1802 leviore
1720 1753 1895 1800 crimin·

296 1825 443 1870 maius
460 1823 508 1887 4)
554 1822 831 1880 excludere,
879 1832 929 1870 ut
959 1823 1111 1882 dicas,
1167 1825 1330 1872 falsum
1361 1826 1496 1888 plane
1530 1823 1650 1871 effici
1684 1822 1865 1871 cavend

299 1893 423 1958 quod
454 1910 545 1940 non
579 1894 716 1940 facis.
778 1893 951 1940 Tamen
983 1911 1075 1941 non
1108 1897 1300 1958 negavi,
1335 1896 1443 1959 quia
1474 1911 1566 1941 non
1598 1895 1764 1941 iuravi.
1819 1893 1917 1961 Imuj

301 1965 390 2010 etsi
422 1964 535 2010 nihil
575 1964 668 2010 tale
707 1964 927 2021 fecisses,
974 1973 1127 2012 tamen
1169 1965 1403 2013 dicereris
1442 1964 1683 2023 deierare,
1731 1966 1769 2011 si
1803 1976 1917 2028 con}

303 2035 525 2081 senseris.
580 2033 687 2079 Non
721 2034 846 2080 valet
874 2036 1018 2081 tacita
1048 2052 1142 2083 vox
1172 2037 1218 2081 in
1250 2036 1374 2094 stilo,
1408 2045 1457 2083 et
1487 2044 1638 2082 mutus
1667 2036 1714 2083 iu
1747 2027 1925 2081 litteris·

305 2119 465 2150 sonus.
543 2102 608 2149 At
639 2105 760 2150 enim
791 2104 1046 2152 Zacharias
1086 2106 1331 2169 temporali
1362 2107 1494 2153 vocis
1526 2105 1771 2153 orbatione
1802 2102 1922 2174 mul}

304 2182 477 2231 ctatus,
518 2190 620 2220 cum
651 2174 803 2220 animo
838 2175 1099 2222 collocutus
1132 2177 1330 2238 linguam
1370 2177 1548 2223 irritam
1586 2176 1776 2232 transit,
1823 2187 1920 2240 mab

305 2243 438 2290 nibus
477 2244 572 2290 suis
610 2260 637 2290 a
677 2242 823 2291 corde
864 2243 1011 2291 dictat
1049 2255 1096 2292 ct
1133 2263 1300 2294 nomen
1339 2247 1421 2293 filii
1460 2247 1560 2294 sine
1601 2261 1684 2294 ore
1714 2256 1919 2309 pronun}-

303 2315 412 2360 tiat:
471 2314 676 2377 loquitur
712 2315 759 2360 in
798 2315 931 2372 stilo,
986 2315 1173 2362 auditur
1209 2318 1254 2363 in
1295 2333 1404 2364 cera
1445 2333 1606 2364 manus
1645 2317 1768 2363 omni
1800 2322 1919 2378 sont)

308 2384 502 2441 clarior,
536 2383 694 2431 littera
727 2386 851 2431 omni
884 2401 966 2432 ore
998 2386 1229 2433 vocalior.
1288 2386 1490 2446 Quaere,
1522 2403 1579 2434 an
1613 2386 1808 2444 dixerit,
1842 2383 1918 2449 qm*

305 2453 479 2501 dixisse
512 2462 779 2517 compertus
811 2463 896 2502 est.
959 2455 1204 2502 Dominum
1236 2472 1436 2516 oremus,
1469 2473 1529 2504 ne
1560 2473 1649 2520 qua
1679 2472 1766 2503 nos
1797 2455 1942 2523 eiuss‘

307 2522 433 2570 modi
467 2533 734 2571 contractus
765 2527 1027 2572 necessitas
1060 2527 1384 2574 circumsistat.
1433 2527 1493 2574 Et
1523 2528 1562 2574 si
1593 2527 1658 2574 ita
1689 2524 1914 2585 eveneriffl

307 2592 387 2641 det
416 2594 639 2641 fratribus
672 2594 895 2658 operandi
930 2596 1110 2658 copiam
1141 2597 1213 2642 vel
1239 2596 1372 2643 nobis
1396 2595 1743 2660 abrumpendae
1769 2590 1914 2658 omnis?
1938 2609 1942 2646 ὲ

306 2665 604 2711 necessitatis
630 2667 951 2722 constantiam,
987 2682 1045 2712 ne
1071 2666 1178 2712 illae
1205 2668 1390 2713 litterae
1417 2667 1688 2730 negatrices
1712 2666 1917 2714 vicaria}

307 2735 405 2780 oris
435 2736 581 2781 nostri
614 2735 659 2780 in
692 2734 767 2782 die
800 2735 962 2782 iudicii
993 2735 1215 2782 adversus
1248 2753 1333 2783 nos
1371 2738 1673 2800 proferantur
1709 2733 1912 2797 signata&³
1940 2763 1942 2765 ·

307 2804 476 2864 signis,
517 2821 608 2851 non
641 2805 731 2851 iam
762 2804 1116 2863 advocatorum,
1151 2805 1236 2854 sed
1267 2807 1558 2870 angelorum.
1884 2811 1893 2818 ”
1940 2845 1942 2847 -

448 2878 529 2925 24.
586 2874 714 2922 Inter
751 2875 836 2922 hos
876 2877 1095 2940 scopulos
1136 2885 1184 2924 et
1215 2878 1364 2935 sinus,
1413 2878 1537 2924 inter
1568 2878 1686 2924 haec
1717 2875 1835 2923 vada
1874 2887 1942 2942 esp<

423 3055 464 3106 1)
495 3057 723 3106 Rigaltius:
754 3059 803 3095 in
828 3056 970 3097 facto
996 3061 1114 3097 etin
1141 3061 1331 3108 verbis,
1365 3065 1516 3099 acute
1540 3063 1624 3099 etc.
1714 3023 1942 3107 &Muttini

310 3114 347 3161 5,
368 3113 434 3149 28.
523 3111 566 3161 3)
599 3115 803 3152 VVouwer
826 3128 847 3152 e
870 3118 958 3155 MS.
994 3117 1179 3153 teneri.
1305 3118 1350 3156 4)
1381 3117 1637 3166 Rhenanus,
1654 3116 1716 3154 ed.
1740 3111 1904 3153 Franek

309 3171 352 3206 et
375 3169 553 3207 Semler:
583 3182 779 3218 manus,
814 3172 1006 3209 Latinius
1031 3176 1070 3209 et
1097 3173 1266 3220 Rigalt:
1299 3173 1476 3210 maius.
1504 3186 1507 3188 ·
