1942 3554
327 214 447 265 248
871 216 961 254 An
1005 215 1411 255 scarunam.

328 372 491 404 eorum
524 351 735 417 quotidie
769 353 989 400 intentari
1022 353 1248 413 videmus,
1287 371 1486 405 necesse
1518 365 1591 405 est
1614 357 1694 407 vel
1723 358 1814 407 hoc
1845 371 1934 414 moa

328 426 388 472 do
420 439 669 486 erumpere
702 422 759 471 ad
791 423 1098 486 proponenda
1130 424 1263 472 vobis
1295 442 1367 485 ea,
1400 441 1520 490 quae
1543 428 1690 492 palam
1722 445 1815 476 non
1836 428 1934 493 vu}-

326 495 387 541 tis
420 492 602 541 audire.
1904 495 1918 559 ἐ,

440 568 488 614 2.
534 563 635 610 Nos
675 579 812 609 unum
851 562 985 611 deum
1026 565 1243 623 colimus,
1292 581 1426 630 quem
1466 582 1627 615 omnes
1664 564 1942 626 naturaliter

326 635 490 690 nostis,
525 632 582 680 ad
615 634 746 680 cuius
778 634 962 698 fulgura
995 643 1044 681 et
1073 636 1277 684 tonitrua
1309 638 1686 696 contremiscitis,
1719 637 1779 685 ad
1810 630 1934 710 cuiq}

326 703 559 751 beneficia
594 702 827 766 gaudetis.
893 704 1093 751 Ceteros
1128 713 1176 752 et
1205 706 1292 768 ipsi
1324 707 1494 768 putatis
1525 706 1641 755 deos
1671 723 1792 766 esse,
1826 711 1940 773 quos-

326 790 411 820 nos
444 773 697 821 daemonas
731 775 919 820 seimus.
967 774 1141 822 Tamen
1168 775 1350 822 humani
1381 777 1494 824 iuris
1525 786 1575 825 et
1605 778 1826 826 naturalis
1856 781 1934 845 pog-

326 844 509 890 testatis
555 852 628 890 est
672 843 945 907 unicuique,
1003 843 1125 908 quod
1177 847 1433 908 putaverit,
1489 847 1674 906 colere,
1728 863 1818 896 nec
1861 841 1935 909 alil

326 913 462 960 obest
499 922 580 960 aut
618 912 811 976 prodest
850 914 1046 961 alterius
1085 915 1268 977 religio.
1333 914 1429 962 Sed
1466 932 1555 964 nec
1592 918 1838 982 religionis
1869 912 1935 984 est

324 998 504 1048 eogere
551 983 857 1046 religionem,
907 1000 1025 1047 quae
1072 993 1239 1047 sponte
1285 986 1457 1049 suscipi
1504 985 1699 1046 debeat,
1745 1004 1838 1036 non
1868 987 1930 1036 vi:

323 1069 427 1100 cum
474 1061 523 1100 et
567 1053 750 1100 hostiae
796 1053 854 1100 ab
900 1054 1051 1101 animo
1099 1054 1259 1101 libenti
1307 1056 1675 1118 expostulentur.
1743 1057 1815 1106 Ita
1851 1058 1934 1114 etsi

323 1139 410 1170 nos
457 1123 780 1186 compuleritis
819 1122 877 1169 ad
923 1123 1302 1182 sacrificandum,
1348 1126 1460 1172 nihil
1505 1126 1805 1189 praestabitis
1851 1126 1942 1187 diis·

322 1193 519 1251 vestris,
570 1192 626 1238 ab
660 1192 817 1239 invitis
850 1194 969 1238 enim
1002 1193 1235 1239 sacrificia
1266 1210 1358 1240 non
1391 1193 1740 1255 desiderabunt,
1781 1197 1869 1244 nisi
1897 1194 1934 1244 εἰ

323 1263 609 1309 contentiosi
642 1270 774 1320 sunt3
828 1264 1151 1309 contentiosus
1183 1272 1335 1310 autem
1370 1262 1486 1312 deus
1517 1281 1608 1312 non
1641 1275 1730 1313 est.
1794 1266 1932 1315 Deni'-

323 1347 411 1396 que
445 1332 523 1395 qui
564 1340 636 1379 est
665 1346 827 1389 verus,
877 1332 1031 1378 omnia
1062 1348 1144 1380 sua
1175 1348 1234 1379 ex
1263 1349 1415 1397 aequo
1448 1343 1496 1381 et
1525 1336 1735 1399 profanis
1766 1344 1815 1382 et
1844 1328 1933 1399 suis

320 1410 550 1465 praestat,
583 1400 788 1465 ideoque
822 1410 870 1448 et
899 1400 1122 1449 iudicium
1155 1404 1398 1450 constituit
1427 1413 1666 1452 aeternum
1700 1404 1757 1452 de
1790 1405 1932 1470 gratis

321 1481 372 1518 et
411 1472 626 1534 ingratis.
689 1471 863 1518 Tamen
896 1488 1005 1529 nos,
1054 1488 1169 1535 quos
1202 1472 1464 1537 sacrilegos
1502 1475 1801 1534 existimatis,
1849 1492 1932 1524 nec

319 1543 365 1588 in
398 1541 522 1587 furto
555 1557 753 1604 unquam
786 1539 1176 1604 deprehendistis,
1219 1541 1388 1591 nedum
1419 1543 1466 1591 in
1498 1545 1768 1610 sacrilegio.
1831 1534 1932 1594 Otii-

319 1627 403 1658 nes
436 1619 606 1667 autem,
642 1611 717 1673 qui
749 1611 920 1673 templa
940 1609 1203 1675 despoliant
1233 1621 1281 1660 et
1310 1628 1396 1676 per
1421 1613 1536 1662 deos
1566 1615 1720 1662 iurant
1752 1624 1801 1662 et
1831 1604 1932 1680 eos}

320 1679 423 1729 dem
465 1680 647 1738 colunt,
696 1688 745 1728 et
784 1679 1035 1728 Christiani
1076 1698 1168 1728 non
1199 1690 1306 1729 sunt
1337 1692 1385 1729 et
1415 1683 1638 1747 sacrilegi
1668 1693 1822 1732 tamen
1855 1683 1932 1732 de-

317 1750 688 1816 prehenduntur.
749 1749 962 1813 Longum
996 1760 1082 1809 est,
1123 1752 1162 1797 si
1193 1760 1476 1810 retexamuS‚
1510 1754 1674 1816 quibus
1704 1754 1807 1801 aliis
1841 1770 1932 1800 mo-

319 1820 389 1868 dis
421 1829 469 1867 et
501 1819 808 1868 derideantur
839 1829 886 1867 et
919 1829 1276 1868 contemnantur
1306 1837 1467 1871 omnes
1507 1821 1569 1869 dii
1601 1823 1658 1869 ab
1691 1822 1808 1886 ipsis
1841 1822 1933 1888 cul-

317 1890 500 1938 toribus
540 1891 654 1937 suis.
721 1888 801 1936 Sic
843 1898 890 1936 et
930 1891 1059 1937 circa
1096 1891 1385 1938 maiestatem
1417 1892 1714 1956 imperatoris
1744 1892 1934 1950 infamaf-

316 1978 443 2018 mur,
479 1969 636 2008 tamen
667 1976 898 2024 nunquam
931 1959 1185 2020 Albiniani,
1227 1978 1316 2009 nec
1347 1961 1582 2026 Nigriani,
1613 1962 1690 2010 vel
1723 1952 1933 2026 Cassia&

317 2031 519 2080 inveniri
551 2039 809 2094 potuerunt
842 2030 1117 2089 Christiani,
1165 2030 1249 2079 sed
1282 2030 1423 2079 iidem
1461 2032 1575 2095 ipsi,
1621 2033 1699 2096 qui
1735 2032 1822 2096 per
1851 2027 1930 2098 ge}-

315 2103 419 2148 nios
453 2116 615 2147 eorum
647 2102 694 2147 in
719 2099 871 2164 pridie
903 2116 1048 2165 usque
1081 2102 1364 2160 iuraverant,
1397 2102 1473 2166 qui
1490 2117 1577 2166 pro
1594 2101 1743 2150 salute
1776 2084 1936 2167 eoruffiie

314 2171 493 2217 hostias
526 2179 574 2216 et
605 2171 820 2217 fecerant
851 2179 899 2217 et
928 2180 1174 2231 voverant,
1209 2173 1285 2235 qui
1311 2171 1605 2219 Christianos
1635 2188 1778 2236 saepe
1810 2170 1935 2238 dan}-

315 2247 566 2296 naverant,
614 2239 776 2286 hostes
823 2256 983 2287 eorum
1030 2250 1136 2287 sunt
1181 2243 1374 2304 reperti.
1438 2241 1728 2291 Christianus
1769 2210 1936 2322 nulliQ‘i·

313 2380 467 2437 stimi,
515 2394 716 2426 necesse
750 2387 823 2426 est
852 2387 902 2425 ut
934 2387 982 2426 et
1012 2379 1159 2442 ipsum
1193 2378 1357 2443 diligat
1387 2388 1435 2427 et
1464 2388 1744 2429 revereatur
1774 2389 1821 2429 et
1851 2380 1878 2427 h

313 2458 454 2497 norct
484 2458 533 2496 et
562 2449 736 2496 salvum
768 2449 883 2496 velit
913 2465 1015 2495 eum
1050 2457 1147 2495 toto
1181 2448 1388 2496 Romano
1422 2450 1646 2514 imperio,
1695 2455 1895 2515 quousq'

313 2519 521 2566 seculum
563 2519 730 2578 stabit,
787 2517 962 2566 tamdiu
1002 2520 1123 2566 enim
1163 2519 1317 2565 stabit.
1380 2519 1584 2568 Colimus
1623 2537 1740 2585 ergo
1773 2529 1822 2568 et
1850 2520 1864 2567 i

312 2598 583 2653 peratorem
615 2590 706 2647 sic,
754 2588 988 2653 quomodo
1022 2597 1070 2635 et
1099 2588 1234 2636 nobis
1266 2589 1380 2636 licet
1411 2599 1459 2637 et
1495 2591 1585 2654 ipsi
1624 2589 1837 2655 expedit,

312 2659 547 2706 hominem
579 2676 605 2706 a
637 2658 727 2707 deo
760 2658 1014 2707 secundum
1047 2667 1115 2717 et,
1164 2658 1384 2723 quicquid
1417 2669 1490 2707 est
1519 2677 1546 2708 a
1578 2658 1669 2708 deo
1703 2659 1891 2708 consec'

311 2737 422 2786 tum,
455 2730 557 2776 solo
591 2727 680 2776 deo
713 2730 956 2777 minorem.
1017 2728 1120 2776 Hoc
1152 2738 1199 2776 et
1230 2730 1329 2792 ipse
1362 2730 1508 2777 volet.
1569 2729 1649 2778 Sic
1682 2731 1804 2778 enim
1835 2746 1863 2777 o
1888 2726 1900 2790 j

312 2797 445 2844 nibus
479 2800 629 2845 maior
660 2808 747 2857 est,
783 2798 886 2846 dum
922 2799 1025 2846 solo
1058 2815 1171 2846 vero
1200 2798 1293 2846 >deo
1327 2800 1480 2847 minor
1509 2809 1606 2860 est3
1641 2801 1710 2848 sic
1743 2808 1791 2848 et
1821 2796 1942 2864 ips⁶5

313 2866 401 2913 diis
434 2870 584 2914 maior
623 2878 715 2927 est,
764 2868 868 2916 dum
916 2878 964 2916 et
993 2870 1079 2933 ipsi
1111 2871 1156 2916 in
1187 2878 1422 2932 potestate
1454 2879 1561 2917 sunt
1591 2872 1707 2918 eius.
1769 2869 1927 2934 Itaquss

313 2945 360 2984 et
398 2937 714 2985 sacrificamus
751 2955 838 3002 pro
886 2939 1034 2986 salute
1076 2940 1391 3002 imperatoris,
1439 2940 1523 2988 sed
1569 2939 1659 2987 deo
1691 2949 1851 2987 nostro
1882 2937 1929 2990 όῐ

310 3006 472 3069 ipsius,
505 3005 586 3053 sed
606 3008 838 3070 quomodo
869 3010 1115 3072 praecepit
1146 3008 1276 3066 deuS,
1308 3026 1423 3072 pura
1453 3025 1618 3074 prece.
1666 3009 1776 3057 Non
1809 3008 1927 3125 eni}

312 3084 426 3138 eget
458 3074 592 3133 deuS,
642 3077 861 3125 conditor
891 3079 1232 3136 universitatis,
1274 3079 1434 3127 odoris
1465 3089 1544 3127 aut
1574 3079 1814 3143 sanguinis
1844 3077 1886 3126 al
1906 3073 1924 3133 ’ἶ

312 3146 459 3192 cuius.
521 3145 650 3193 Haec
700 3149 820 3194 enim
868 3148 1216 3196 daemoniorum
1262 3149 1431 3212 pabula
1477 3158 1599 3197 sunt.
1661 3147 1927 3197 Daemonei

315 2318 389 2357 est
419 2310 582 2366 hostis,
616 2307 782 2355 nedum
817 2309 1130 2373 imperatoris,
1171 2326 1305 2373 quem
1337 2311 1493 2357 sciens
1523 2327 1550 2357 a
1582 2310 1673 2358 deo
1706 2328 1790 2358 suo
1823 2312 1932 2429 (3οΞ

1887 2439 1908 2461 ..5

1887 3307 1901 3344 c}
1908 3303 1922 3348 ,ζ-
