1942 3554
255 172 384 220 152·
694 154 790 207 '‘AD
831 167 1212 207 NATIONES
1258 170 1445 206 L1B.1.

253 329 347 361 non
378 325 520 375 posse
555 310 754 357 crimina
786 309 1022 368 obiicere,
1063 326 1183 374 quae
1223 324 1377 373 neque
1417 310 1677 357 institutum
1719 308 1890 375 dirigit·

253 397 407 446 neque
440 380 656 443 probatio
684 381 727 439 1)
756 378 975 443 adsignat
997 396 1151 444 neque
1178 381 1415 428 sententia
1439 389 1696 427 enumerat.
1747 379 1887 440 Quod.
1918 420 1922 428 .

252 450 464 517 praesidi
498 449 748 508 offeratur,
783 449 909 514 quod
939 449 999 499 de
1032 467 1116 498 reo
1150 451 1432 515 inquiratur,
1469 449 1593 514 quod
1623 446 1922 517 respondeeqj

253 532 329 571 tur
352 522 429 570 vel
454 529 675 584 negatur,
703 519 828 584 quod
845 520 904 570 de
923 522 1122 569 consilio
1147 522 1400 578 recitatur,
1426 519 1474 567 id
1497 535 1629 568 reum
1652 482 1919 585 agnosco-{7}

254 594 418 656 Itaque
445 590 502 639 de
528 592 726 639 nominis
751 593 943 651 merito,
976 594 1015 640 si
1040 593 1116 656 qui
1150 602 1307 640 reatus
1333 600 1407 638 est
1421 591 1679 650 nominum,
1725 593 1765 639 si
1797 581 1920 657 qut&

254 664 495 712 accusatio
541 661 898 721 vocabulorum,
940 679 1031 727 ego
1065 663 1271 710 arbitror
1309 662 1478 709 nullam
1517 677 1622 710 esse
1653 645 1918 743 vocabulo}

254 743 334 782 aut
359 734 535 780 nomini
561 733 823 796 querelam,
858 735 946 780 nisi
980 750 1081 781 cum
1107 732 1217 797 quid
1240 742 1320 780 aut
1351 732 1599 780 barbarum
1617 742 1774 793 sonat,
1807 728 1918 781 aar*

255 806 506 852 infaustum
539 804 681 866 sapit,
708 805 785 851 vel
817 803 1120 867 impudicum,
1147 805 1222 852 vel
1247 804 1386 851 aliter
1402 820 1536 867 quam
1568 759 1910 935 enuntiante&

258 875 484 923 delectet.
571 874 700 922 Haec
739 874 1076 922 vocabulorum
1115 884 1194 922 aut
1226 875 1461 921 nominum
1495 875 1715 934 crimina,
1749 875 1850 922 sicu

255 945 510 994 verborum
542 954 681 1008 atque
715 961 980 993 sermonum
1012 946 1326 993 barbarismus
1360 954 1432 992 est
1455 945 1618 992 vitium
1651 953 1701 993 et
1731 935 1910 992 soloe*
1939 999 1942 1003 Α

258 1018 428 1064 cismus
461 1025 509 1064 ct
539 1016 763 1063 insulsior
795 1017 961 1080 figura.
1031 1016 1344 1063 Christianum
1376 1031 1491 1063 vero
1526 1030 1712 1074 nomen,
1746 966 1919 1228 qum}-

257 1097 352 1134 tum
392 1086 676 1150 significatio
718 1095 811 1143 est,
846 1086 904 1133 de
947 1087 1168 1133 unctione
1204 1087 1568 1149 interpretatum
1611 1087 1751 1134 etiam
1785 1102 1843 1132 cu

261 1166 483 1220 corrupte
517 1173 543 1203 a
575 1156 707 1203 vobis
742 1155 1008 1203 Chrestiani
1047 1156 1402 1218 pronuntiamur
1443 1162 1567 1216 (nam
1599 1171 1659 1204 ne
1691 1156 1866 1203 nomini
1907 1172 1909 1174 ’

259 1226 447 1292 quidem
480 1226 624 1290 ipsius
658 1225 835 1289 liquido
871 1227 990 1273 certi
1023 1227 1180 1285 estis),
1229 1227 1297 1273 sic
1337 1241 1522 1290 quoque
1563 1224 1622 1274 de
1661 1222 1907 1298 suavitatd}

261 1299 336 1346 vel
368 1297 580 1344 bonitate
616 1295 899 1345 modulatum
933 1306 1022 1344 est.
1104 1296 1338 1345 Detinetis
1370 1297 1518 1360 igitur
1549 1297 1595 1343 in
1628 1295 1909 1367 hominibus

260 1370 466 1417 innoxiis
500 1370 637 1415 etiam
672 1384 840 1415 nomen
874 1369 1112 1415 innoxium
1146 1377 1378 1426 nostrum,
1421 1383 1514 1414 non
1546 1301 1909 1448 ineommodu&

264 1440 475 1503 linguae,
511 1455 602 1485 non
635 1439 826 1487 auribus
860 1455 1099 1503 asperum,
1136 1455 1228 1485 non
1261 1439 1438 1485 homini
1461 1437 1652 1497 malum,
1687 1455 1780 1486 non
1811 1436 1906 1503 pai}

259 1511 381 1558 triae
423 1511 665 1567 infestum,
715 1509 799 1558 sed
840 1519 889 1557 et
926 1526 1149 1574 graecum
1188 1510 1292 1557 aliis
1332 1518 1381 1556 et
1411 1525 1633 1557 sonorum
1665 1517 1715 1557 et
1743 1500 1905 1579 interf}
1937 1540 1942 1546 .

260 1582 528 1644 pretatione
561 1579 827 1628 iucundum.
903 1581 964 1627 Et
1003 1582 1162 1645 utique
1202 1597 1294 1627 non
1336 1579 1494 1644 gladio
1526 1588 1608 1628 aut
1639 1595 1784 1628 cruce
1815 1580 1904 1641 aa}
1938 1578 1942 1584 '

262 1651 427 1699 bestiis
459 1650 693 1715 punienda
727 1661 833 1698 sunt
865 1653 1068 1698 nomina.
1868 1653 1902 1701 αθ
1927 1661 1942 1669 “

405 1728 451 1772 4.
516 1721 612 1769 Sed
660 1721 838 1780 dicitis,
888 1732 1064 1770 sectam
1111 1724 1298 1770 nomine
1344 1723 1498 1785 puniri
1547 1722 1619 1770 sui
1663 1721 1901 1786 auctoris?

261 1794 418 1840 Primo
453 1792 663 1857 quidem,
698 1802 875 1840 sectam
909 1792 967 1841 de
1000 1794 1210 1840 auctoris
1242 1792 1559 1856 appellatione
1592 1792 1771 1850 notari,
1804 1790 1901 1855 uti}
1935 1833 1942 1837 1

262 1881 352 1928 que
385 1863 583 1928 probum
614 1864 927 1928 usitatumque
960 1865 1031 1911 ius
1064 1873 1157 1921 est,
1194 1862 1298 1910 dum
1326 1862 1599 1926 Philosophi
1626 1879 1811 1927 quoque
1838 1857 1901 1919 da
1934 1877 1942 1882 ·

261 1934 538 1982 auctoribus
571 1935 988 1997 cognominentur,
1017 1934 1324 1998 Pythagorici
1359 1943 1406 1981 et
1432 1933 1686 1992 Platonici,
1721 1941 1771 1980 ut
1797 1943 1901 1992 me*

263 2005 359 2052 dici
391 2005 723 2062 Erasistratei,
760 2014 808 2052 et
839 2006 1134 2069 grammatici
1172 2003 1472 2052 Aristarchii.
1555 2003 1717 2068 Itaque
1758 2004 1797 2051 si
1839 2001 1942 2067 off?

262 2084 505 2123 auctorem
538 2076 704 2122 malum
739 2077 859 2122 mala
890 2085 1048 2132 secta,
1085 2074 1255 2122 tradux
1286 2067 1392 2123 mali
1425 2075 1627 2122 nominis
1657 2074 1898 2138 plectituff

261 2144 437 2210 Atquin
486 2146 753 2194 temeritate
799 2155 1204 2209 praesumeretur,
1263 2147 1393 2209 prius
1440 2154 1543 2193 erat
1602 2137 1942 2210 cognoscere}

260 2225 530 2274 auctorem,
565 2226 615 2263 ut
641 2225 1020 2281 cognosceretur
1050 2225 1205 2274 secta,
1235 2232 1370 2280 quam
1394 2214 1453 2263 de
1478 2225 1610 2263 secta
1641 2216 1897 2279 inspectio&k
1934 2215 1939 2243 .·

263 2302 368 2334 nem
402 2288 612 2334 auctoris
646 2289 874 2335 retinere.
951 2285 1015 2333 At
1050 2304 1170 2334 nunc
1219 2287 1495 2335 necessario
1529 2286 1792 2350 ignorando
1826 2288 1899 2346 se÷
1928 2284 1937 2345 j

264 2367 401 2416 ctam,
436 2359 513 2422 qui
531 2358 764 2422 ignoratis
789 2366 1053 2416 auctorem,
1087 2367 1168 2405 aut
1198 2375 1291 2404 non
1315 2356 1614 2405 recensendo
1640 2354 1899 2416 auctorenh,
1931 2365 1936 2374 ²

264 2429 373 2493 quia
419 2445 509 2476 nec
557 2438 736 2476 sectam
783 2430 1072 2487 recensetis,
1119 2430 1165 2475 in
1212 2429 1361 2476 solum
1408 2444 1578 2476 nomen
1624 2428 1896 2492 impingitis,

263 2501 397 2563 quasi
430 2500 476 2546 in
509 2500 589 2547 illo
630 2499 895 2548 detinentes
934 2509 1111 2547 sectam
1152 2509 1199 2547 et
1239 2509 1505 2557 auctorem,
1555 2516 1671 2564 quos
1711 2493 1897 2546 omnino

265 2587 357 2617 non
392 2571 555 2618 nostis.
631 2570 691 2618 Et
722 2580 876 2619 tamen
910 2571 1201 2636 philosophis
1247 2579 1378 2634 patet
1425 2570 1618 2618 libertas
1656 2568 1896 2632 transgref-

267 2640 425 2689 diendi
458 2658 485 2688 a
516 2642 650 2689 vobis
682 2643 730 2688 in
762 2651 942 2690 sectam
974 2651 1022 2689 et
1051 2651 1294 2689 auctorem
1329 2650 1376 2688 et
1407 2657 1537 2688 suum
1569 2656 1762 2699 nomen,
1810 2644 1895 2688 ned:

267 2713 508 2775 quisquam
541 2713 634 2760 illis
667 2712 823 2761 odium
854 2723 1041 2771 movet,
1091 2730 1193 2761 cum
1233 2712 1280 2759 in
1312 2728 1492 2770 mores,
1539 2712 1682 2770 ritus,
1731 2711 1894 2770 cultus,

266 2783 514 2845 victusque
555 2793 741 2831 vestros
794 2785 946 2848 palam
984 2801 1039 2832 ac
1084 2784 1272 2848 publice
1307 2799 1488 2831 omnem
1524 2782 1699 2846 eloquii
1730 2780 1893 2830 amari?-
1928 2814 1929 2818 =

270 2851 476 2898 tudinem
510 2853 726 2913 elatrent,
763 2872 864 2903 cum
898 2856 1053 2919 legum
1086 2862 1373 2917 contemptu,
1408 2855 1510 2902 sine
1536 2862 1755 2917 respectu
1788 2868 1892 2917 per-

386 3078 430 3126 1)
462 3078 552 3127 mg.
585 3081 910 3127 prolati0.-
937 3084 983 3119 1n
1007 3094 1093 3130 sqq·
1122 3082 1246 3120 scrib.
1281 3080 1672 3130 respondeatur
1703 3079 1783 3117 vel
1812 3056 1919 3118 nes

271 3137 424 3183 getur
454 3157 510 3163 —
539 3136 815 3174 recitetur.
1570 3146 1573 3147 ⁷
