1942 3554
491 129 579 166 AD
624 127 1004 166 NATIONES
1049 128 1176 165 LIB.
1220 131 1251 166 1.
1603 130 1705 180 141

48 261 274 319 ⁴cultores.
305 284 416 316 suos
449 267 668 328 laedunt3
722 277 832 316 tunc
874 269 995 316 enim
1035 271 1353 333 vosmetipsos
1396 286 1560 318 errare
1595 288 1711 336 pro-

44 338 209 398 statis,
255 339 296 387 si
335 338 453 388 deos
492 339 700 397 traditis,
750 341 828 404 qui
865 356 950 387 vos
990 356 1018 386 a
1057 341 1236 388 meritis
1276 341 1580 406 profanorum
1615 360 1711 390 non

65 410 360 460 discernunt.
449 410 650 470 Quodsi,
697 419 749 457 ut
785 426 902 457 unus
941 419 1082 475 atque
1122 411 1243 458 alius
1287 447 1457 460 ......
1494 430 1593 460 mus
1625 416 1710 473 ait,

63 483 247 531 iccirco
278 481 416 531 vobis
457 497 643 546 quoque
675 481 968 540 irascuntur,
1010 483 1229 546 quoniam
1265 482 1324 531 de
1357 493 1519 531 nostra
1553 484 1711 532 eradi-

65 554 256 602 catione
296 552 563 617 negligitis,
611 551 876 599 absolutum
918 561 994 600 est
1034 551 1092 600 de
1133 553 1405 602 infirmitate
1447 563 1495 602 et
1527 554 1712 603 medio-

64 625 236 679 critate
254 639 436 672 eorum:
466 639 570 670 nam
596 639 689 670 non
712 624 1038 671 irascerentur
1061 623 1197 671 vobis
1222 625 1269 671 in
1295 624 1711 674 animadversione

66 694 384 752 cessantibus,
441 694 480 742 si
526 694 614 759 ipsi
661 696 857 758 exsequi
891 703 1112 758 possent3
1172 712 1449 760 quamquam
1499 706 1548 744 et
1593 698 1711 746 alias

66 765 355 815 confitemini
386 763 527 824 istud,
562 764 819 830 siquando
853 765 960 813 illos
1001 766 1234 830 supplicio
1278 775 1441 814 nostro
1481 766 1708 816 videmini

66 837 250 886 ulcisci.
329 834 531 884 Abaliud
562 853 588 884 a
621 837 799 884 maiore
834 835 1123 884 defenditur.

209 911 290 960 10.
337 905 520 955 Pudeat
550 907 699 972 igitur
729 906 847 955 deos
879 907 937 954 ab
971 908 1157 955 homine
1192 907 1401 956 defendi.
1465 907 1710 959 Effundite

63 979 155 1028 iam
188 979 343 1026 omnia
374 994 579 1037 venena,
630 979 785 1026 omnia
825 979 1085 1027 calumniae
1119 980 1214 1027 tela
1244 979 1446 1044 infligite
1480 981 1589 1028 huic
1622 998 1710 1028 no·-

64 1051 198 1109 mini,
246 1067 340 1097 non
382 1049 585 1097 cessabo
625 1051 748 1097 ultra
788 1050 1055 1113 repellere3
1106 1059 1154 1098 at
1197 1049 1495 1114 postmodum
1538 1051 1709 1099 obtun-

64 1119 236 1170 dentur
281 1121 579 1184 expositione
627 1123 773 1168 totius
822 1130 1012 1168 nostrae
1060 1120 1367 1186 disciplinae,
1418 1139 1541 1170 nunc
1593 1139 1709 1170 vero

65 1191 231 1240 eadem
277 1193 379 1256 ipsa
425 1191 484 1239 de
531 1201 695 1239 nostro
746 1207 949 1255 corpore
997 1192 1126 1239 vulsa
1174 1193 1221 1239 in
1267 1209 1353 1240 vos
1395 1194 1709 1258 retorquebo,

66 1262 234 1311 eadem
265 1263 463 1310 vulnera
497 1264 741 1310 criminum
774 1263 821 1308 in
852 1262 988 1310 vobis
1031 1262 1226 1310 defossa
1266 1264 1563 1323 monstrabo,
1614 1282 1708 1329 quo

62 1333 330 1381 machaeris
362 1334 531 1381 vestris
570 1333 1092 1398 admentationibusque
1134 1336 1175 1397 ¹)
1209 1333 1403 1382 cadatis.
1483 1335 1576 1383 Iam
1607 1337 1710 1400 pri·

62 1421 162 1462 mo,
190 1402 314 1468 quod
339 1404 386 1451 in
413 1421 499 1451 nos
524 1404 741 1468 generali
766 1406 1076 1452 accusatione
1103 1404 1330 1468 dirigitis,
1365 1405 1615 1454 divortium
1649 1407 1709 1455 ab

63 1475 288 1524 institutis
312 1476 566 1533 maiorum,
603 1474 908 1522 considerate
935 1475 1076 1522 etiam
1102 1483 1242 1539 atque
1270 1477 1425 1535 etiam,
1461 1494 1521 1524 ne
1546 1477 1708 1525 vobis-

65 1562 166 1596 cum
194 1547 590 1594 communicemus
618 1547 795 1594 crimen
821 1544 958 1593 istud.
993 1545 1125 1594 Ecce
1153 1547 1275 1594 enim
1301 1563 1388 1611 per
1405 1554 1559 1595 omnia
1578 1549 1709 1597 vitae

0 1662 1 1669 ,
61 1632 120 1666 ac
154 1616 432 1681 disciplinae
464 1626 759 1682 corruptam,
793 1618 885 1665 imo
914 1616 1115 1665 delatam
1142 1619 1188 1664 in
1219 1618 1354 1666 vobis
1380 1619 1708 1683 antiquitatem

0 1702 1 1753 j
61 1704 380 1752 recognosco.
487 1688 557 1736 De
606 1687 790 1752 legibus
838 1686 1026 1752 quidem
1079 1690 1169 1736 iam
1218 1705 1358 1753 supra
1398 1689 1572 1737 dictum
1615 1700 1707 1750 est,

0 1813 1 1816 Ἴ
61 1758 191 1825 quod
236 1774 317 1807 eas
362 1760 497 1807 novis
540 1757 598 1807 de
639 1759 715 1806 die
764 1759 991 1806 consultis
1046 1760 1413 1824 constitutisque
1463 1760 1707 1809 obruistis.

61 1830 136 1879 De
168 1830 353 1895 reliqua
384 1846 499 1878 vero
533 1830 911 1878 conversationis
936 1829 1165 1878 humanae
1200 1829 1511 1894 dispositione
1550 1832 1707 1896 palam

64 1901 302 1959 subiacet,
353 1909 527 1965 quanto
574 1917 599 1948 a
640 1899 897 1947 maioribus
947 1901 1262 1959 mutaveritis,
1322 1901 1471 1960 cultu,
1526 1902 1708 1962 habitu,

64 1980 312 2037 apparatu,
347 1973 547 2036 ipsoque
578 1971 728 2029 victu,
761 1971 959 2035 ipsoque
991 1987 1227 2019 sermone.
1304 1972 1426 2020 Nam
1458 1974 1708 2036 pristinum

62 2052 114 2091 ut
143 2041 386 2090 rancidum
419 2042 670 2106 relegatis,
706 2041 897 2089 exclusa
922 2041 1093 2106 ubique
1120 2043 1374 2107 antiquitas
1399 2044 1444 2090 in
1477 2046 1706 2109 negotiis,

63 2115 112 2162 in
157 2113 346 2172 officiisr,
392 2121 538 2161 totam
586 2113 918 2161 auctoritatem
966 2114 1193 2161 maiorum
1239 2123 1398 2162 vestra
1445 2118 1707 2164 auctoritas

43 2181 260 2233 deiecit.
313 2183 462 2243 Sane,
498 2182 623 2249 quod
654 2183 791 2232 vobis
822 2184 973 2248 magis
1005 2184 1182 2247 probro
1219 2193 1311 2244 est,
1348 2184 1549 2234 laudatis
1582 2204 1708 2235 sem-

62 2271 150 2320 per
179 2263 464 2314 vetustates,
499 2264 548 2303 et
578 2255 880 2303 nihilominus
913 2257 1167 2303 recusatis.
1248 2256 1352 2316 Qua
1389 2260 1709 2321 perversitate

63 2334 166 2375 tant
196 2361 340 2375 .....
374 2327 601 2375 maiorum
632 2325 755 2391 apud
782 2343 864 2374 vos
890 2342 1169 2391 permanere
1202 2327 1397 2392 probari
1423 2328 1706 2387 debuerunt,

66 2413 169 2445 cum
200 2412 260 2446 ea
297 2414 418 2462 quae
459 2397 670 2462 probatis
702 2398 967 2446 recusetis?
1021 2396 1119 2445 Sed
1152 2407 1200 2446 et
1232 2399 1383 2463 ipsum
1416 2398 1542 2463 quod
1573 2399 1709 2447 vide-

63 2467 174 2516 mini
218 2484 247 2516 a
289 2468 544 2516 maioribus
585 2467 808 2516 traditum
848 2467 1124 2516 fidelissime
1174 2469 1419 2518 custodire
1462 2478 1511 2516 et
1542 2468 1709 2517 defen-

65 2537 204 2598 dere,
250 2539 327 2587 vel
367 2555 458 2604 quo
491 2541 692 2587 maxime
726 2555 835 2586 reos
875 2556 967 2586 non
1010 2541 1406 2604 transgressionis
1438 2541 1706 2603 postulatis,

65 2607 124 2658 de
157 2626 248 2675 quo
292 2618 441 2658 totum
482 2609 638 2658 odium
682 2610 937 2658 Christiani
976 2610 1177 2658 nominis
1209 2611 1462 2669 animatur,
1510 2610 1706 2660 deorum

66 2678 174 2728 dico
215 2681 465 2739 culturam,
511 2679 710 2745 perinde
752 2699 778 2729 a
817 2680 953 2728 vobis
995 2679 1176 2729 destrui
1216 2697 1272 2728 ac
1314 2680 1496 2746 despici
1545 2692 1706 2731 osten-

67 2748 194 2808 dam,
227 2751 315 2798 nisi
347 2751 469 2815 quod
487 2769 580 2800 non
605 2751 821 2816 perinde3
852 2768 939 2798 nos
966 2752 1091 2799 enim
1124 2761 1477 2817 contemptores
1509 2751 1705 2802 deorum

66 2820 232 2868 baberi
262 2821 388 2868 nulla
417 2824 538 2870 ratio
572 2832 664 2880 est,
700 2824 808 2886 quia
833 2838 970 2870 nemo
1006 2825 1267 2870 contemnit
1299 2822 1422 2888 quod
1455 2825 1575 2872 sciat
1607 2842 1706 2872 om-

60 2891 178 2938 nino
210 2908 303 2938 non
337 2907 460 2939 esse.
523 2892 660 2952 Quod
686 2894 873 2940 omnino
901 2903 998 2951 est,
1033 2892 1080 2940 id
1108 2895 1343 2942 contemni
1369 2904 1544 2958 potest,
1579 2895 1707 2960 quod

182 3104 226 3154 1)
259 3104 348 3152 Rig.
382 3104 597 3142 adment.
630 3104 655 3142 i.
690 3116 725 3142 e.
756 3105 919 3143 iaculis.

28 3491 74 3554 Ειῖςῖ
56 3394 66 3398 ,

84 3549 100 3554 ,Ι
76 3526 79 3527 ,
