1942 3554
263 237 340 287 72
790 233 1371 274 APOLOGETICUS.

265 393 461 442 quor-um
494 391 643 439 genus
674 375 907 422 incertum
936 382 1032 421 est.
1102 373 1261 420 Taceo
1297 369 1421 435 quod
1452 372 1518 417 ita
1549 368 1690 419 rudes
1721 374 1901 420 tunciz

264 439 478 498 homines
496 445 715 508 agebant,
734 453 784 491 ut
811 443 1065 491 cuiuslibet
1083 444 1192 490 novi
1209 442 1300 490 viri
1327 440 1554 506 adspectu
1579 442 1710 505 quasi
1736 439 1898 499 divin*

267 523 701 572 commoverentur,
750 531 886 577 quum
926 512 1066 560 hodie
1098 514 1188 560 iam
1222 512 1380 577 politi,
1428 527 1544 576 quos
1576 519 1686 559 ante
1718 518 1894 576 pauc·

267 587 370 635 dies
418 586 544 633 luctu
592 584 781 647 publico
821 592 1031 631 mortuos
1070 585 1162 630 sint
1201 583 1432 639 confessi,
1485 583 1533 628 iu
1575 579 1691 629 deos
1730 588 1917 633 cons.ff

269 665 421 705 erent.
499 654 624 703 Satis
655 655 745 701 iam
778 653 835 700 de
870 653 1097 711 Saturno,
1146 654 1262 701 licet
1292 654 1471 717 paucis,
1551 651 1703 699 Etiam
1737 651 1910 714 loven}

270 725 570 775 ostendemus
615 733 709 771 tam
755 724 990 771 hominem
1037 740 1169 788 quam
1217 739 1278 770 ex
1322 723 1531 780 homine,
1589 730 1637 770 et
1674 715 1919 788 deincep'

268 807 420 845 totum
453 796 647 859 generis
678 809 878 842 examen
908 803 1001 841 tam
1032 794 1231 841 mortale
1265 809 1399 857 quam
1431 793 1623 840 seminis
1655 793 1726 839 sui
1756 796 1921 857 par.'z

417 871 497 916 11.
543 865 606 912 Et
637 866 878 928 quoniam,
912 866 1035 911 sicut
1065 864 1172 911 illos
1204 863 1418 910 homines
1449 862 1597 909 fuisse
1630 879 1724 910 non
1756 861 1902 922 ιιιιᾶχ

270 940 334 985 tis
367 951 570 1000 negare,
611 936 678 982 ita
707 943 814 999 post
845 944 1042 982 mortem
1077 933 1192 982 deos
1225 934 1378 980 factos
1409 933 1678 980 instituistis
1709 949 1909 996 assevj·

271 1024 405 1066 rare,
455 1022 643 1054 caussas
683 1021 801 1069 quae
848 1005 939 1052 hoc
988 1005 1240 1068 exegerint
1284 1012 1612 1051 retractemus.
1687 1002 1859 1068 Inprim

275 1078 462 1144 quidem
508 1091 708 1125 necesse
756 1084 830 1123 est
876 1075 1152 1123 concedatis
1193 1090 1299 1122 esse
1338 1074 1541 1138 aliquem
1581 1072 1918 1121 sublimiore&

275 1149 412 1196 deum
453 1156 501 1195 et
539 1148 801 1210 mancipem
842 1144 1071 1210 quendam
1113 1145 1394 1202 divinitatis,
1437 1145 1514 1208 qui
1547 1159 1608 1192 ex
1638 1144 1918 1192 hominib·

275 1219 393 1266 deos
434 1218 622 1265 fecerit.
698 1216 819 1264 Nam
860 1231 1014 1281 neque
1049 1216 1135 1263 sibi
1169 1216 1237 1263 illi
1268 1215 1536 1279 potuissent
1566 1230 1752 1262 sumere
1787 1214 1864 1262 div
1886 1266 1891 1279 2

277 1291 494 1346 nitatem,
537 1303 669 1351 quam
703 1303 796 1334 non
828 1286 1086 1344 habebant,
1128 1301 1217 1334 nec
1250 1286 1368 1333 alius
1398 1294 1643 1349 praestare
1677 1301 1780 1332 eam
1812 1286 1893 1335 nos

276 1358 579 1415 habentibus,
622 1358 712 1404 nisi
745 1357 821 1421 qui
851 1358 1045 1421 proprie
1076 1355 1363 1421 possidebat.
1441 1355 1664 1403 Ceterum
1695 1355 1735 1402 si
1767 1371 1891 1403 nem

279 1439 430 1487 esset,
481 1429 559 1493 qui
606 1427 721 1475 deos
769 1428 976 1486 faceret,
1025 1427 1200 1475 frustra
1244 1426 1543 1491 praesumitis
1590 1425 1707 1474 deos
1754 1426 1880 1474 facto
1936 1449 1938 1451 ·

278 1499 539 1549 auferendo
586 1499 833 1546 factorem.
912 1498 1054 1546 Certe
1095 1496 1282 1562 quidem
1321 1498 1359 1545 si
1399 1498 1489 1561 ipsi
1528 1512 1579 1544 se
1619 1497 1784 1544 facere
1821 1503 1909 1562 pfl

277 1573 501 1627 tuissent,
549 1585 779 1633 nunquam
826 1569 1039 1616 homines
1085 1569 1306 1627 fuissent,
1354 1565 1655 1632 possidentes
1693 1564 1817 1632 apud

280 1642 469 1690 scilicet
507 1640 716 1687 melioris
748 1638 1035 1686 conditionis
1072 1648 1373 1703 potestatem.
1449 1638 1599 1701 Igitur
1637 1639 1676 1685 si
1716 1647 1790 1686 est
1831 1654 1893 1702 q

279 1713 427 1760 faciat
458 1710 596 1768 deos,
639 1717 859 1757 revertor
889 1708 948 1757 ad
980 1726 1172 1758 caussas
1211 1707 1545 1757 examinandas
1582 1708 1910 1757 faciendoru

282 1800 344 1832 ex
373 1780 637 1829 hominibus
669 1778 888 1838 deorum,
929 1795 1018 1827 nec
1050 1780 1167 1828 ullas
1200 1781 1414 1838 invenio,
1455 1780 1544 1827 nisi
1576 1779 1615 1826 si
1646 1775 1909 1827 ministeri'

281 1862 331 1901 et
384 1852 558 1899 auxilia
613 1850 783 1898 officiis
837 1849 1010 1898 divinis
1065 1850 1355 1898 desideravit
1407 1850 1488 1897 ille
1535 1865 1731 1913 magnus
1778 1783 1924 1911 deus}

280 1922 436 1971 Primo
470 1919 712 1984 indignum
740 1929 826 1979 est,
859 1929 911 1968 ut
941 1921 1139 1968 alicuius
1172 1937 1321 1984 opera
1351 1918 1608 1984 indigeret,
1643 1928 1693 1967 et
1723 1919 1863 1985 quide

279 1993 475 2049 mortui,
515 2007 651 2055 quum
684 1989 871 2055 dignius
903 1991 961 2038 ab
993 1991 1129 2038 initio
1163 1990 1298 2040 deum
1338 1991 1541 2055 aliquem
1572 1991 1791 2049 fecisset,
1833 2004 1893 2057 qu·

280 2064 453 2111 mortui
485 2070 590 2108 erat
621 2077 812 2124 operam
845 2060 1214 2109 desideraturus.
1293 2060 1390 2108 Sed
1422 2077 1511 2108 nec
1545 2076 1722 2124 operae
1755 2062 1891 2111 locu*

280 2133 440 2182 video.
515 2132 682 2178 Totum
730 2132 852 2178 enim
898 2131 990 2177 hoc
1038 2131 1193 2178 mundi
1241 2147 1414 2194 corpus
1461 2132 1560 2178 sive
1608 2133 1817 2179 innatum
1864 2126 1918 2212 οἳ

282 2203 509 2250 infectum
549 2199 806 2248 secundum
839 2199 1179 2265 Pythagoram,
1222 2202 1320 2249 sive
1361 2209 1516 2248 natum
1548 2209 1597 2248 et
1627 2202 1802 2249 factum
1836 2210 1921 2255 seh}v

285 2272 484 2322 cundum
517 2271 781 2327 Platonem,
830 2271 975 2317 semel
1007 2272 1166 2334 utique
1206 2272 1253 2317 in
1293 2272 1381 2318 ista
1420 2272 1776 2320 constructione
1817 2262 1923 2333 dis-f}

284 2344 487 2409 positum
535 2350 583 2389 et
628 2342 905 2387 instructum
953 2350 1001 2388 et
1047 2340 1310 2389 ordinatum
1358 2357 1460 2388 cum
1509 2342 1658 2389 omnis
1710 2336 1922 2406 rationis}

285 2412 608 2478 gubernaculo
649 2412 886 2459 inventum
928 2420 1015 2458 est.
1092 2411 1420 2475 Imperfectum
1460 2428 1555 2459 non
1594 2414 1750 2476 potuit
1787 2407 1929 2472 esse?

286 2483 410 2549 quod
439 2482 646 2547 perfecit
677 2482 846 2529 omnia.
908 2481 1039 2529 Nihil
1072 2480 1320 2529 Saturnum
1346 2492 1394 2530 et
1421 2481 1687 2531 Saturniam
1719 2492 1864 2548 gente
1902 2475 1923 2546 ζ,

287 2553 612 2619 exspectabat.
687 2551 810 2601 Vani
852 2561 988 2600 crunt
1027 2552 1263 2611 homines,
1306 2555 1394 2600 nisi
1434 2555 1556 2602 certi
1594 2555 1709 2613 sint,
1749 2571 1778 2603 a
1813 2551 1925 2620 pri-2}

285 2625 469 2673 mordio
511 2634 560 2672 et
597 2624 778 2688 pluvias
819 2622 876 2670 de
918 2624 1056 2671 coelo
1096 2625 1271 2681 ruisse,
1316 2633 1364 2672 et
1393 2622 1553 2672 sidera
1583 2623 1821 2684 radiasse,
1863 2619 1926 2748 «33

285 2696 457 2743 lumina
489 2695 726 2753 floruisse,
761 2702 810 2741 et
839 2694 1048 2741 tonitrua
1077 2695 1284 2758 mugisse
1318 2703 1366 2741 et
1397 2695 1542 2758 ipsum
1576 2695 1756 2755 Iovem,
1791 2711 1882 2760 qua
1903 2693 1921 2754 s

285 2768 331 2813 in
366 2782 502 2812 manu
534 2767 635 2812 eius
668 2765 857 2828 ponitis,
891 2765 1084 2812 fulmina
1114 2764 1323 2812 timuisse
1341 2766 1417 2824 2);
1454 2766 1565 2812 item
1597 2781 1781 2814 omnem
1812 2758 1925 2831 frus}

287 2853 393 2900 gem
440 2844 547 2882 ante
596 2834 815 2882 Liberum
863 2844 912 2882 et
957 2834 1181 2882 Cererem
1228 2843 1277 2882 et
1319 2834 1605 2894 Minervam,
1660 2836 1754 2884 imo
1800 2831 1925 2888 ante‘2

286 2907 414 2953 illum
470 2905 671 2967 aliquem
724 2906 985 2968 principem
1039 2905 1272 2952 hominem
1319 2903 1376 2952 de
1423 2914 1552 2953 terra
1603 2897 1926 2967 exuberasse‚;}

288 2978 395 3042 quia
450 2975 564 3022 nihil
618 2974 906 3022 continendo
953 2985 1002 3023 et
1054 2974 1327 3023 sustinendo
1380 2975 1555 3023 homini
1607 2968 1926 3045 prospectum}

1912 3074 1924 3101 ί

402 3145 446 3193 1)
472 3145 570 3183 cod.
587 3143 707 3181 Fuld.
737 3147 881 3191 tunc3
916 3147 969 3182 cf.
988 3147 1039 3183 ad
1055 3147 1151 3183 Nat.
1170 3147 1294 3190 2,12.
1325 3145 1484 3183 Ceteri:
1516 3145 1696 3183 adhuc.
1785 3147 1830 3195 2)
1862 3120 1924 3182 1η.ζ

285 3203 350 3239 ed.
369 3202 499 3239 Rhen.
525 3204 566 3238 et
590 3201 754 3238 Gelenii
779 3202 931 3239 denunt
957 3213 1015 3239 vv.
1052 3204 1101 3239 et
1133 3201 1297 3249 ipsum
1326 3221 1374 3229 -
1411 3201 1671 3240 timuisse.
