1942 3554
310 141 402 182 DE
441 144 628 183 FUGA
667 143 737 183 IN
777 126 1368 183 rEnssscu'moNE.
1542 143 1663 195 205

20 287 92 340 {ta
120 294 173 335 ct
203 287 426 351 iniquitas
465 286 738 346 adhibetur,
792 295 842 334 ut
880 287 1058 335 iustitia
1096 286 1327 352 probetur
1364 286 1661 335 confundens

21 358 333 422 iniquitatem.
410 358 560 423 Igitur
590 357 717 423 quod
749 359 1057 406 ministerium
1090 375 1183 406 non
1216 367 1289 407 est
1326 357 1534 418 arbitrii,
1576 357 1661 408 sed

19 429 230 487 servitii,
283 428 553 489 (arbitrium
601 431 724 477 enim
772 429 947 477 domini
991 431 1263 494 persecutio
1305 439 1503 494 propter
1547 429 1660 477 fidei

20 500 371 566 probationem,
419 501 723 548 ministerium
772 509 927 547 autem
974 501 1195 565 iniquitas
1243 499 1417 548 diaboli
1463 511 1662 566 propter

21 572 368 636 persecutionis
414 572 793 628 instructionem)
821 572 866 630 1)
916 571 983 617 ita
1031 588 1132 619 eam
1178 588 1267 635 per
1313 571 1572 632 diabolum,
1622 572 1662 620 si

20 642 170 702 forte,
209 658 300 688 non
332 659 359 688 a
391 640 605 697 diabolo,
648 643 841 689 evenire
883 640 1140 690 credimus.
1207 642 1340 689 Nihil
1381 652 1574 692 satanae
1614 645 1661 690 in

21 728 187 761 servos
219 711 296 760 dei
329 713 419 760 vivi
454 713 646 770 licebit,
690 713 780 759 nisi
813 713 1085 775 permiserit
1118 712 1354 771 dominus,
1396 723 1448 760 ut
1479 724 1559 762 aut
1590 716 1661 778 ip-

20 799 119 832 sum
158 782 372 832 destruat
407 800 496 847 per
535 782 673 830 fidem
713 783 976 831 electorum
1016 785 1062 830 in
1095 785 1359 832 tentatione
1394 786 1658 844 victricem,

4 862 100 903 ·aut
128 853 343 902 homines
374 855 477 902 eius
507 855 655 902 fuisse
690 853 928 912 traducat,
985 856 1062 918 qui
1104 853 1375 903 defecerint
1412 855 1472 903 ad
1511 857 1659 903 illum.

0 924 177 973 &flabes
208 925 468 989 exemplum
503 924 609 983 Iob,
659 925 735 973 cui
775 924 993 972 diabolus
1035 926 1206 973 nullam
1246 927 1401 990 potuit
1440 928 1659 976 incutere

10 998 352 1056 «tentationem,
386 997 475 1045 nisi
507 1013 535 1044 a
567 995 658 1044 deo
693 997 965 1060 accepisset
996 1006 1308 1062 potestatem,
1350 1014 1439 1047 nec
1472 1001 1519 1046 in
1551 999 1663 1048 suh-

20 1068 236 1116 stantiam
269 1067 456 1133 quidem
488 1070 613 1127 eius,
661 1068 752 1115 nisi
784 1067 1024 1127 dominus,
1075 1084 1193 1117 ecce
1234 1067 1453 1129 dixisset,
1505 1072 1663 1119 omnia

6 1154 141 1204 aquae
172 1148 281 1187 sunt
311 1141 379 1198 ei,
428 1140 475 1186 in
507 1157 644 1187 manu
683 1149 762 1187 tua
803 1138 888 1199 do,
936 1141 983 1186 in
1023 1140 1172 1204 ipsum
1211 1150 1368 1188 autem
1400 1157 1459 1189 ne
1493 1152 1663 1191 exten-

5 1208 149 1259 ·deris
178 1226 379 1258 manum.
455 1209 673 1276 Denique
712 1226 802 1258 nec
850 1209 1089 1270 extendit,
1137 1212 1228 1260 nisi
1265 1221 1573 1277 posteaquam
1614 1224 1664 1262 et

7 1281 113 1345 =boc
158 1281 414 1346 postulanti
459 1281 696 1341 dominus,
754 1298 872 1330 ecce
908 1281 1141 1342 dixisset,
1197 1283 1334 1332 trado
1380 1283 1469 1331 tibi
1515 1286 1662 1345 illum,

20 1361 198 1400 tantum
228 1355 426 1401 animam
458 1355 560 1400 eius
593 1352 798 1401 custodi.
823 1355 868 1415 2)
945 1351 1025 1401 Sic
1060 1364 1108 1402 et
1139 1355 1186 1402 in
1217 1354 1480 1420 Apostolos
1512 1357 1666 1405 facul-

20 1431 166 1472 tatem
207 1425 479 1472 tentationis
517 1424 796 1488 postulavit,
844 1441 938 1471 non
976 1425 1155 1473 habens
1189 1443 1294 1475 eam
1334 1427 1426 1474 nisi
1459 1444 1520 1477 ex
1551 1445 1664 1493 per-

7 1495 178 1543 ·missu.
257 1494 497 1560 Siquidem
532 1493 746 1543 dominus
778 1496 824 1542 in
857 1497 1110 1560 evangelio
1151 1497 1208 1545 ad
1241 1497 1456 1546 Petrum:
1512 1499 1663 1561 Ecce,

23 1566 172 1631 inquit
194 1567 263 1628 ³),
303 1566 558 1631 postulavit
588 1576 803 1625 satanas,
837 1576 888 1614 ut
921 1578 1145 1616 cerneret
1176 1586 1260 1618 vos
1292 1570 1423 1618 velut
1454 1570 1666 1620 frumen-

22 1646 140 1697 tum,
184 1654 347 1686 verum
381 1655 473 1703 ego
506 1639 671 1702 rogavi
702 1654 790 1702 pro
824 1648 893 1697 te,
943 1654 1002 1685 ne
1042 1639 1275 1689 deficeret
1314 1641 1433 1690 fides
1465 1651 1568 1702 tua,
1617 1643 1665 1692 id

8 1718 118 1768 vest,
166 1725 226 1757 ne
257 1718 435 1757 tantum
468 1708 657 1757 diabolo
690 1710 1070 1774 permitteretur,
1118 1722 1170 1759 ut
1200 1712 1317 1760 fides
1356 1714 1664 1778 periclitare-

0 1788 114 1828 tur.
189 1779 291 1840 Quo
325 1779 612 1839 ostenditur,
668 1790 913 1845 utrumque
953 1781 1078 1845 apud
1118 1781 1254 1830 deum
1287 1800 1417 1843 esse,
1467 1795 1516 1834 et
1549 1802 1665 1833 con-

24 1851 292 1900 cussionem
324 1851 436 1899 fidei
469 1861 518 1900 et
547 1853 920 1915 protectionem,
970 1869 1073 1900 cum
1106 1864 1353 1919 utrumque
1394 1857 1452 1904 ab
1487 1873 1546 1905 eo
1580 1873 1659 1921 pe-

22 1923 159 1981 titur,
193 1924 444 1971 concussio
477 1940 504 1971 a
537 1922 751 1981 diabolo,
784 1925 1022 1987 protectio
1056 1942 1082 1972 a
1115 1926 1230 1973 filio.
1286 1926 1347 1974 Et
1371 1929 1532 1993 utique
1559 1945 1663 1976 cum

12 1993 147 2041 -lilius
179 1992 256 2042 dei
289 1995 640 2058 protectionem
680 1994 789 2043 fidei
829 1995 973 2043 habet
1011 1998 1056 2043 in
1089 2013 1173 2044 sua
1205 2007 1468 2062 potestate,
1525 2017 1663 2065 quam

24 2082 51 2112 a
83 2073 220 2129 patre
250 2066 471 2129 postulat,
506 2083 533 2113 a
565 2082 656 2130 quo
690 2083 874 2115 omnem
907 2069 1084 2132 accipit
1113 2078 1398 2132 potestatem
1432 2073 1479 2118 in
1513 2072 1664 2120 coelis

24 2145 74 2184 et
112 2138 158 2184 in
198 2137 339 2184 terris
361 2137 429 2199 4),
484 2137 620 2202 quale
663 2146 757 2195 est,
807 2147 857 2185 ut
896 2141 1261 2188 concussionem
1303 2141 1414 2190 fidei
1446 2141 1662 2192 diabolus

26 2207 72 2254 in
103 2224 239 2255 manu
270 2223 352 2255 sua
383 2207 583 2256 habeat?
658 2207 755 2256 Sed
787 2210 834 2256 in
867 2210 1078 2275 legitima
1112 2214 1354 2272 oratione,
1404 2230 1509 2263 cum
1543 2213 1663 2263 dici-

0 2294 127 2326 vunus
159 2277 220 2326 ad
251 2287 429 2343 patrem
454 2281 534 2338 ⁵):
595 2279 671 2328 Ne
704 2298 790 2328 nos
822 2279 1020 2329 inducas
1052 2283 1099 2329 in
1131 2285 1465 2344 tentationem,
1514 2288 1661 2350 (quae

8 2358 179 2397 ·autem
217 2349 369 2398 inaior
406 2352 603 2399 tentatio
644 2369 778 2416 quam
818 2355 1148 2417 persecutio?)
1196 2355 1252 2402 ab
1295 2373 1353 2404 eo
1394 2357 1518 2404 illam
1550 2374 1664 2421 pro·
1745 2399 1750 2422 ·:

0 2419 212 2468 ‘ditemur
241 2421 490 2481 accidere,
522 2440 550 2470 a
581 2440 672 2487 quo
706 2425 890 2471 veniam
923 2426 1025 2472 eius
1058 2424 1389 2490 deprecamur.
1453 2427 1556 2474 Hoc
1591 2436 1665 2475 est
1750 2426 1752 2429 ’

30 2491 152 2538 enim
184 2491 309 2556 quod
341 2495 577 2557 sequitur:
640 2493 736 2541 Sed
770 2511 884 2543 erue
919 2513 1004 2542 nos
1037 2513 1062 2542 a
1095 2497 1324 2560 maligno,
1374 2497 1422 2544 id
1455 2507 1552 2557 est,
1601 2515 1662 2547 ne

12 2576 113 2609 =nos
158 2562 398 2611 induxeris
446 2566 490 2611 in
539 2567 871 2623 tentationem,
935 2567 1255 2629 permittendo
1303 2585 1389 2615 nos
1436 2571 1659 2634 maligno.

6 2630 156 2680 {Tunc
197 2635 318 2682 enim
361 2636 569 2683 eruimur
606 2652 634 2682 a
673 2635 848 2683 diaboli
890 2636 1124 2694 manibus,
1175 2655 1277 2685 cum
1324 2640 1392 2687 illi
1432 2658 1524 2687 non
1565 2650 1664 2689 tra·
1742 2677 1751 2705 ’,Α

3 2700 182 2751 ÷÷dimur
218 2705 265 2751 in
306 2707 634 2754 tentationem.
709 2707 814 2754 Nec
856 2709 902 2755 in
940 2724 1193 2771 porcorum
1241 2726 1437 2775 gregem
1486 2711 1662 2761 diaboli

2 2784 5 2798 ²
29 2772 157 2838 legio
180 2774 342 2822 habuit
365 2785 662 2839 potestatem,
697 2779 784 2824 nisi
812 2795 912 2825 cam
933 2777 990 2825 de
1012 2779 1102 2825 deo
1121 2781 1447 2845 impetrasset,
1485 2793 1663 2832 tantum

30 2922 79 2930 ——s

146 3014 190 3063 1)
222 3015 300 3052 Vv.
325 3014 676 3053 ministerium
705 3018 1204 3060 —instructionem
1228 3023 1394 3062 Semler
1417 3026 1562 3062 nescio
1581 3037 1665 3072 qua

32 3066 83 3109 de
113 3082 266 3109 caussa
294 3072 447 3110 omisit.
572 3074 618 3121 2)
651 3075 733 3112 lob.
768 3077 812 3124 1,
846 3077 910 3112 12.
956 3079 996 3126 2,
1029 3080 1066 3115 6.
1208 3081 1252 3130 3)
1286 3082 1388 3119 Luc.
1419 3084 1486 3132 22,
1521 3084 1572 3120 31
1598 3092 1670 3128 sq.

32 3123 78 3178 4)
109 3128 343 3178 Matth.28,
371 3130 436 3166 18.
554 3131 598 3179 5)
630 3130 781 3168 Matth.
802 3135 838 3181 6,
865 3135 930 3170 13.
