1942 3554
56 110 77 133 ,οῖ-

54 131 76 157 p-

52 168 62 186 Δ

50 204 69 273 2
394 264 398 269 ι
447 208 532 247 DE
561 207 831 246 IEIUNIIS
862 207 1002 246 ADV.
1039 207 1251 245 PSYcH.
1536 202 1662 247 192

14 310 236 384 ‘ffliniciffi
268 321 506 369 offerimus
538 320 652 379 deo,
694 321 983 369 abstinentes
1014 320 1072 368 ab
1105 322 1195 377 eis,
1229 335 1346 383 quae
1379 335 1472 366 non
1502 319 1664 390 reiici—

24 388 152 454 ssus,
182 391 270 442 sed
299 390 572 439 differimus.
632 390 777 456 Atqui
809 391 868 439 ad
899 392 1134 441 Romanos
1166 391 1393 448 scribens,
1426 407 1510 438 vos
1542 407 1664 440 nunc

22 464 310 530 §ompungit
349 462 698 510 detrectatores
737 464 872 510 huius
904 463 1073 510 officii:
1123 478 1180 510 ne
1220 471 1417 527 propter
1446 461 1666 526 pabulum

21 536 286 592 mlvcritis,
318 535 482 599 inquit,
516 551 632 597 opus
664 533 756 581 dei.
814 533 948 593 Quod
981 537 1128 598 opus?
1159 532 1216 581 de
1250 550 1339 598 quo
1372 534 1460 580 ait:
1490 532 1667 580 bonum

16 598 111 667 §fist
138 611 328 655 carnem
360 622 453 652 non
485 604 630 652 edere
663 614 712 653 et
739 606 894 652 vinum
926 622 1018 652 non
1049 614 1216 669 potare
1235 606 1297 665 1).
1358 603 1479 652 Nam
1512 605 1589 668 qui
1620 605 1667 651 in

0 668 141 732 ssffistis
168 678 337 734 servit,
377 676 623 740 placabilis
656 685 704 723 et
734 676 1047 740 propitiabilis
1087 675 1180 738 deo
1209 684 1372 723 nostro
1405 683 1493 723 est.
1555 674 1668 734 Qui-

0 733 145 800 Rham·
173 747 328 796 credit
358 748 514 794 omnia
544 746 869 794 manducanda
900 763 1021 804 csse,
1056 746 1241 811 quidam
1273 749 1427 795 autem
1459 746 1667 793 infirmus

0 813 168 886 sujlere
197 820 421 876 vescitur,
455 819 532 882 qui
562 817 831 881 manducat,
860 834 919 865 ne
949 818 1147 865 vilificet
1162 819 1208 877 2)
1250 835 1343 865 non
1381 815 1666 865 manducan-

20 883 45 933 Γ
85 896 144 938 m'.
202 889 275 937 Tu
306 891 407 954 quis
437 905 505 947 es,
539 890 614 952 qui
646 889 847 936 alienum
881 905 1063 936 servum
1095 887 1307 936 iudicas?
1336 888 1399 936 Et
1430 889 1507 952 qui
1538 905 1669 936 man-

18 895 196 1093 οΞιοειῐ,
229 969 279 1008 et
308 961 386 1024 qui
423 976 518 1006 non
555 958 829 1018 manducat,
863 958 953 1007 deo
986 962 1088 1023 agit
1118 961 1295 1023 gratias
1313 961 1377 1020 3).
1440 959 1555 1010 Cnm
1586 976 1670 1007 au-

18 1042 25 1075 t
85 1047 130 1079 m
173 1031 374 1079 humano
429 1030 627 1078 arbitrio
679 1040 812 1078 vetet
864 1032 1236 1079 controversiam
1291 1031 1424 1089 fieri,
1494 1039 1668 1095 quanto

12 1098 184 1223 {gagis
214 1101 389 1150 divino.
450 1101 522 1150 Ita
551 1101 736 1149 sciebat
766 1101 990 1166 quosdam
1030 1103 1345 1165 castigatores
1386 1111 1436 1149 et
1471 1098 1671 1149 interdi-

31 1215 42 1234 ,Ὢ
66 1181 197 1222 tores
222 1172 380 1221 ⁴victus
410 1172 653 1232 incusare,
702 1174 778 1237 qui
811 1189 871 1220 ex
901 1172 1116 1231 fastidio,
1165 1190 1259 1220 non
1299 1174 1375 1237 qui
1414 1188 1476 1220 ex
1513 1172 1670 1220 officio

16 1244 348 1301 '‘abstinet-ent,
379 1243 585 1308 probare
614 1257 736 1291 vero
771 1245 848 1308 qui
878 1245 924 1291 in
955 1244 1208 1301 honorem,
1241 1260 1335 1291 non
1368 1245 1446 1308 qui
1477 1245 1523 1291 in
1556 1260 1670 1291 con-

33 1316 198 1363 vitium
229 1315 477 1363 creatoris.
539 1314 603 1361 Et
630 1312 673 1362 siv
702 1315 859 1362 claves
896 1316 1084 1363 macelli
1122 1316 1207 1362 tibi
1245 1313 1441 1365 tradidit
1477 1315 1672 1379 permit-

30 1394 139 1435 tens
169 1387 271 1434 esui
303 1387 459 1433 omnia
487 1383 548 1432 ad
588 1384 968 1443 constituendam
1006 1385 1383 1450 idolothytorum
1422 1386 1672 1450 exceptio-

26 1458 235 1516 nem4),
282 1470 380 1503 non·
421 1465 578 1503 tamen
622 1458 685 1503 in·
713 1458 914 1504 macello
960 1457 1156 1519 regnum
1203 1455 1281 1504 dci
1320 1457 1530 1514 inclusit,
1579 1472 1670 1503 nec

19 1528 377 1598 ‚pnim‚,inquit,
424 1542 532 1574 esus
572 1536 653 1574 aut
690 1537 837 1591 potus⁴
868 1536 941 1574 est
978 1526 1056 1575 dei
1093 1543 1313 1591 regnum,
1362 1536 1410 1574 ct
1441 1543 1554 1574 esca
1584 1542 1671 1575 nos

68 1599 253 1647 colnon
284 1596 582 1646 commendat
596 1599 659 1661 ⁵),
696 1603 809 1658 (non
840 1607 892 1645 ut
922 1597 981 1645 de
1013 1597 1148 1646 arida
1178 1597 1546 1662 dictumputes,
1580 1596 1666 1645 sed

50 1664 54 1669 ’
99 1671 192 1717 tius
229 1667 290 1716 de
325 1677 471 1718 uncta
508 1677 559 1716 et
595 1673 858 1730 accurata,)
899 1668 1128 1733 siquidem
1169 1669 1448 1717 subiiciens:
1511 1684 1599 1717 nec
1632 1670 1672 1716 si

38 1798 42 1800 .
83 1739 488 1796 anducaverhnuffi
521 1739 874 1797 abundabhan
907 1756 997 1787 nec
1029 1739 1667 1797 §.noninanducaverhnuffi

66 1811 307 1860 eficie'mus
321 1811 386 1870 ⁶),
420 1810 506 1857 tibi
536 1814 684 1873 magis
715 1812 916 1868 insonat,
951 1812 1027 1874 qui
1059 1810 1300 1859 abundare
1333 1820 1380 1858 te
1413 1812 1671 1867 existimas,

26 1883 78 1944 sssi
123 1881 262 1938 edas,
308 1889 358 1927 et
397 1879 629 1938 deficere,
678 1882 715 1928 si
761 1898 855 1928 non
894 1879 1008 1928 edas
1048 1890 1097 1928 et
1135 1881 1244 1928 ideo
1283 1883 1373 1928 ista
1412 1880 1670 1929 detractas.

15 1950 284 2001 &Dominum
315 1967 498 2015 quoque
532 1967 666 2014 quam
698 1950 890 2014 indigne
923 1951 982 1998 ad
1014 1960 1138 1999 tuam
1172 1951 1412 2000 libidinem
1437 1954 1673 2016 interpre-

18 2024 152 2070 'taris
196 2022 367 2087 passim
404 2018 771 2073 manducantem
818 2032 867 2070 et
910 2022 1175 2081 bibentem,
1222 2016 1307 2070 sed
1353 2033 1497 2087 puto,
1547 2021 1673 2086 quod

9 2095 178 2155 ⁷etiam
209 2093 444 2151 ieiunarit,
471 2094 556 2157 vqui
587 2093 753 2141 beatos
785 2110 879 2140 non
910 2102 1171 2151 saturatos,
1212 2093 1296 2141 scd
1328 2096 1592 2142 esurientes
1625 2103 1674 2142 et

14 2162 250 2229 ,fitientes
280 2157 631 2228 'pronuntiarim
689 2165 766 2228 qui
812 2181 969 2212 escam
1013 2165 1348 2229 profitebatur,
1397 2182 1491 2212 non
1537 2182 1674 2229 quam

9 2235 255 2300 ''iscipuli
284 2235 625 2293 existimarant,
659 2235 742 2283 sed
772 2237 960 2299 paterni
993 2237 1151 2300 operis
1181 2236 1552 2300 perfectionem,
1586 2235 1673 2283 do·-

38 2358 41 2362 ,
66 2321 155 2354 ens
183 2307 373 2370 operari
404 2322 584 2364 escam,
633 2323 751 2370 quae
782 2316 1030 2371 permanet
1058 2309 1105 2354 in
1135 2309 1279 2354 vitam
1311 2316 1578 2364 aeternam,
1619 2308 1675 2354 ‘in

49 2375 278 2424 rdinaria
322 2372 463 2424 etiam
516 2378 731 2425 oratione
777 2394 945 2442 panem
990 2377 1214 2425 mandans
1262 2377 1590 2442 postulandum
1607 2379 1673 2438 ⁷),

2 2456 134 2495 fuson
164 2456 216 2496 etr
240 2444 478 2495 Attalicas
495 2450 559 2508 8).
622 2447 702 2495 Sic
743 2457 792 2495 et
829 2448 996 2495 Esaias
1036 2466 1129 2495 non
1168 2450 1360 2511 negavit
1397 2447 1535 2495 deum
1576 2447 1675 2495 ele-

30 2519 165 2575 'se
195 2519 434 2575 ieiunium,
467 2518 551 2566 sed
584 2519 720 2582 quale
752 2535 846 2565 non
878 2519 1081 2581 elegerit
1119 2520 1425 2566 enumeravit.
1488 2518 1541 2565 In
1573 2517 1676 2565 die-

28 2605 123 2654 stus
153 2589 293 2646 enim,
325 2589 489 2652 inquit,
522 2589 802 2636 ieiuniorum
832 2598 1095 2635 vestrorum
1126 2590 1426 2636 inveniuntur
1455 2589 1674 2652 volupta—

70 2681 103 2701 ·-:
125 2659 172 2721 ⁹)
202 2667 415 2716 vestrae,
460 2668 512 2707 et
551 2675 712 2706 omnes
744 2659 984 2706 subiectos
1013 2660 1147 2706 vobis
1180 2655 1456 2716 succutitis,
1504 2662 1584 2708 aut
1613 2657 1677 2707 ad

4 2739 7 2742 '
34 2751 56 2781 ῃ
81 2730 247 2778 nvitia
276 2738 326 2778 et
355 2730 464 2777 lites
494 2730 715 2777 ieiunatis
754 2738 804 2777 et
835 2729 1033 2777 caeditis
1070 2731 1263 2794 pugnis,
1303 2747 1397 2778 non
1426 2731 1522 2778 tale
1554 2731 1674 2778 ieiu-

78 2958 94 2964 ,⁸
153 2911 200 2967 1)
222 2915 341 2954 Rom.
368 2916 435 2964 14,
459 2915 527 2952 17.
551 2916 618 2951 20.
852 2914 897 2963 2)
914 2913 990 2954 Ed.
1021 2915 1148 2954 Fran.
1177 2917 1223 2953 ct
1252 2915 1342 2965 Rig.
1372 2915 1674 2969 mellificet.

30 2975 81 3028 2
103 2972 222 3011 Rom.
241 2973 310 3020 14,
329 2972 459 3020 znqq.
630 2971 678 3020 4)
700 2972 723 3008 1
753 2972 849 3009 cor.
877 2973 944 3021 10,
971 2974 1023 3009 25
1051 2984 1138 3020 sqq.
1311 2973 1355 3022 5)
1380 2974 1498 3012 Rom.
1516 2974 1586 3022 14,
1605 2974 1671 3011 17.

56 3028 81 3086 Ἰτί)
107 3030 131 3066 1
148 3029 242 3067 cnr.
261 3030 300 3078 8,
320 3030 358 3066 8.
428 3039 431 3043 ·
475 3025 521 3082 τ)
538 3029 690 3067 Matth.
709 3029 776 3076 11,
797 3030 864 3066 19.
884 3030 925 3075 4,
946 3030 983 3065 2.
1002 3030 1048 3076 5„
1062 3032 1099 3066 6.
1128 3031 1213 3068 loa.
1231 3030 1271 3079 4,
1292 3031 1358 3069 34.
1378 3033 1417 3080 6,
1435 3031 1502 3069 27.
1518 3029 1671 3068 Matth.

47 3087 167 3138 Γ11.
283 3085 328 3135 ,8)
346 3085 514 3125 Wouw.
530 3089 573 3124 et
587 3086 678 3134 Rig.
708 3085 870 3123 Attal.
904 3085 1136 3127 divitias.
1263 3086 1308 3137 9)
1333 3087 1410 3125 Ed.
1434 3087 1559 3126 Fran.
1579 3098 1671 3124 vo-

41 3151 44 3165 ·=
80 3142 291 3180 ntaten.
