1942 3554
34 174 37 175 ⁷
72 0 146 186 ἶ
334 163 418 201 ΒΕ
438 161 964 202 EXHORTATIONE
997 161 1389 201 cASTlTATIS.
1533 158 1668 204 109

69 211 94 260 ,ἕ

150 275 295 324 stolus
338 273 476 334 dicit,
524 275 647 340 quod
693 291 858 340 sapere
906 274 1158 323 secundum
1199 292 1386 323 carnem
1431 270 1556 322 mors
1595 276 1670 333 sit,

110 345 308 395 cundum
339 348 549 410 spiritum
585 364 699 395 vero
739 363 904 411 sapere
941 348 1038 394 vita
1075 355 1271 394 aeterna
1309 348 1369 393 sit
1405 347 1452 392 in
1484 345 1672 393 Christo

93 470 104 482 Δ
131 434 162 465 u
199 415 388 464 domino
433 426 595 464 nostro
614 420 676 478 1).
741 417 792 465 Si
837 418 956 465 haec
1003 417 1186 465 obtusio
1204 420 1250 478 2)
1299 419 1438 464 etiam
1485 433 1587 464 cum
1626 417 1674 463 in

88 539 92 542 ,
119 489 158 536 is
189 489 361 553 nuptiis
393 504 470 535 res
503 490 657 536 carnis
691 498 959 546 exercetur,
976 490 1204 552 spiritum
1237 497 1447 535 sanctum
1487 488 1670 545 avertit,

38 567 229 627 §Quanto
260 561 423 622 magis,
458 576 559 606 cum
592 562 638 606 in
670 558 876 607 secundo
910 559 1205 606 matrimonio
1238 561 1423 622 agitur?

60 637 94 693 f
201 635 280 680 11
341 629 526 693 Duplex
556 633 676 678 enim
709 633 796 678 iste
829 631 973 677 rubor
1003 639 1090 687 est,
1125 631 1232 693 quia
1261 632 1308 676 in
1341 626 1547 677 secundo
1579 646 1679 677 ma-

23 701 275 784 'tfflmonio
321 699 440 748 duae
486 718 658 749 uxores
706 701 902 749 eundem
951 702 1253 748 circumstant
1296 702 1538 759 maritum,
1585 717 1677 748 una

24 773 242 838 -1q2iritu‚
289 773 382 819 alia
420 789 577 820 carne.
639 771 806 836 Neque
848 773 967 819 enim
1004 773 1245 835 pristinam
1283 773 1463 836 poteris
1503 770 1674 829 odisse,

42 843 135 905 spui
164 844 303 899 etiam
335 844 680 906 religiosiorem
697 845 742 902 3)
776 858 990 891 reservas
1029 843 1352 901 affectionem,
1399 851 1450 889 ut
1479 843 1569 889 iam
1599 852 1678 890 re'-

42 944 45 955 ·
73 922 224 978 ‚eptae
257 913 379 978 apud
410 913 560 971 deum,
592 931 679 978 pro
714 916 842 962 cuius
873 915 1047 977 spiritu>
1068 915 1292 977 postulas,
1317 930 1406 977 pro
1433 929 1522 977 qua
1547 913 1679 960 obla-

54 928 211 1052 §ones
241 1001 417 1033 annuas
447 984 622 1032 reddis.
686 983 842 1032 Stabis
874 1000 989 1048 ergo
1022 983 1081 1031 ad
1113 983 1249 1032 deum
1282 1002 1384 1032 cum
1416 993 1488 1032 tot
1516 986 1678 1031 uxori-

14 1106 18 1107 7
52 1052 158 1119 bus,
191 1064 304 1120 quot
334 1057 380 1103 in
413 1057 627 1104 oratione
660 1072 1021 1117 commemoras,
1070 1064 1118 1102 et
1150 1056 1325 1104 offeres
1362 1054 1676 1120 pro'duabus,

55 1120 108 1176 et
136 1126 483 1176 commendabis
513 1126 784 1184 illasfduas,
831 1143 917 1191 per
954 1125 1252 1175 sacerdotem
1292 1126 1349 1174 de
1382 1129 1679 1190 monogamia

57 1197 319 1246 ordinatum
351 1207 430 1246 aut
467 1199 606 1246 etiam
645 1197 702 1245 de
740 1199 1010 1261 virginitate
1051 1199 1300 1256 sancitum,
1342 1197 1679 1245 circumdatum

55 1270 314 1332 virginibus
352 1286 408 1317 ac
446 1270 668 1316 univiris?
714 1278 762 1316 et
792 1269 1020 1316 ascendet
1057 1270 1339 1317 sacrificium
1372 1278 1498 1316 tuum
1529 1269 1680 1316 libera

56 1340 231 1397 fronte,
263 1349 312 1387 et
341 1341 466 1388 inter
497 1348 682 1388 ceteras
720 1341 987 1388 voluntates
1022 1339 1177 1388 bonae
1216 1341 1384 1388 mentis
1421 1340 1680 1404 postulabis

53 1410 141 1458 tihi
172 1419 222 1458 et
249 1412 386 1457 uxori
418 1412 710 1458 castitatem?

34 1506 63 1541 ·,
108 1520 111 1522 .
200 1485 280 1532 12.
342 1479 471 1539 Scio,
506 1481 670 1543 quibus
701 1483 1081 1529 excusationibus
1098 1483 1142 1542 4)
1187 1482 1452 1530 coloremus
1490 1484 1680 1530 insatia-

0 1602 1 1617 ἶ
42 1543 236 1610 -Jiilem
231 1553 384 1599 carnis
416 1551 735 1614 cupiditatem.
797 1552 1151 1600 Praetendimus
1191 1554 1503 1601 necessitates
1535 1553 1681 1601 admi-

0 1673 2 1680 :
40 1623 334 1680 miculorum,
367 1621 551 1671 domum
583 1622 1011 1682 administrandam,
1044 1625 1264 1671 familiam
1296 1624 1578 1687 regendam,
1612 1625 1681 1672 lo-

40 1688 206 1757 wulos,
239 1694 405 1742 claves
428 1693 776 1752 custodiendas,
811 1695 1063 1742 lanificium
1097 1694 1475 1759 dispensandum,
1507 1697 1679 1744 victum

39 1764 417 1836 ffrocurandum,
452 1781 587 1812 curas
619 1764 902 1813 domesticas
919 1768 982 1826 5).
1031 1765 1230 1813 Scilicet
1267 1767 1378 1814 solis
1410 1769 1682 1815 maritorum

39 1834 271 1891 «domibus
299 1836 422 1884 bene
455 1844 541 1883 est.
602 1835 851 1883 Perierunt
883 1837 1112 1884 caelibum
1144 1838 1370 1894 familiae,
1404 1854 1481 1885 res
1513 1837 1682 1901 spado-

33 1915 189 1964 ⁴num,
234 1907 452 1963 fortunae
489 1907 683 1953 militum
728 1916 808 1953 aut
844 1909 1245 1971 peregrinantium
1285 1909 1384 1955 sine
1439 1909 1679 1955 uxoribus.

36 1974 170 2026 'iNon
200 1978 323 2024 enim
354 1986 403 2024 et
431 1993 517 2023 nos
547 1978 719 2033 milites
750 1981 935 2025 sumus?
993 1995 1050 2026 eo
1092 1978 1278 2042 quidem
1317 1980 1507 2026 maioris
1539 1978 1682 2026 disci-

58 2049 232 2114 plinae,
265 2055 436 2111 quanto
475 2050 591 2095 tanti
629 2049 958 2114 imperatoris?
1013 2048 1123 2096 Non
1163 2059 1211 2097 et
1249 2066 1334 2096 nos
1372 2052 1683 2114 peregrinan-

59 2127 134 2166 tes
173 2119 226 2169 in
270 2120 360 2166 isto
406 2119 567 2166 seculo
613 2122 798 2166 sumus?
857 2119 952 2167 Cur
996 2129 1150 2167 autem
1196 2122 1262 2167 ita
1309 2119 1563 2184 dispositus
1611 2130 1683 2168 est

60 2183 368 2247 Christianus,
400 2197 451 2236 ut
468 2191 579 2241 sine
610 2206 758 2238 uxore
792 2207 884 2237 non
922 2193 1100 2254 possit?
1142 2190 1281 2238 Nunc
1314 2200 1363 2238 et
1388 2193 1681 2240 consortium

61 2275 254 2308 onerum
299 2258 664 2308 domesticorum
709 2263 1026 2309 necessarium
1080 2271 1152 2309 est
1167 2262 1231 2323 6).
1295 2260 1427 2310 Habe
1481 2264 1681 2327 aliquam

32 2346 255 2389 31÷uxorem
286 2331 558 2395 spiritalem,
591 2331 781 2380 adsume
815 2332 872 2380 de
903 2332 1053 2380 viduis
1085 2332 1176 2380 fide
1200 2334 1458 2397 pulchram,
1478 2351 1680 2399 pauper-

39 2407 158 2460 ,tate
190 2400 411 2459 dotatam,
443 2411 600 2450 aetate
632 2404 876 2466 signatam.
937 2403 1094 2467 Bonas
1125 2406 1308 2468 nuptias
1339 2405 1528 2452 feceris.
1584 2405 1680 2453 Hu-

21 2416 259 2680 {insimili
294 2489 481 2521 uxores·
506 2475 646 2521 etiam
682 2475 841 2538 plures
878 2474 1044 2521 haberi
1075 2474 1165 2522 deo
1205 2484 1386 2537 gratum
1433 2484 1519 2522 est.
1583 2474 1679 2523 Sed

41 2647 43 2651 ,
177 2615 221 2663 1)
238 2615 354 2653 Rom.
381 2616 419 2664 8,
445 2618 483 2654 6.
501 2638 559 2645 -
615 2617 704 2664 Rig.
729 2616 772 2653 in
795 2627 871 2653 suo
895 2627 1020 2655 mser.
1044 2615 1149 2653 haec
1177 2616 1338 2654 inserta
1369 2617 1541 2665 reperit,
1571 2629 1678 2665 quae

25 2677 43 2702 ‘=
61 2681 150 2710 non
165 2671 326 2710 dubitat
341 2671 445 2720 Aug.
461 2673 657 2710 Neander
681 2673 781 2719 quin
808 2674 871 2709 ab
883 2673 976 2720 ipso
994 2673 1175 2710 Tertull.
1207 2673 1292 2710 siut
1315 2674 1492 2721 scripta:
1550 2673 1678 2712 Item

42 2734 154 2780 ”per
191 2730 428 2766 sanctam
466 2729 826 2776 prophetidem
870 2729 1102 2766 Priscam
1139 2729 1214 2767 ita
1253 2731 1677 2784 evangelizatur,

46 2785 198 2836 squ-od
228 2787 443 2822 sanctus
473 2785 716 2822 minister
738 2786 1139 2837 sanctimoniam
1167 2787 1374 2823 noverit
1404 2788 1676 2826 ministra-

46 2851 132 2895 ge-
190 2841 571 2879 Purificantia
579 2841 712 2878 enim
754 2842 1068 2889 concordat,
1109 2842 1204 2891 ait,
1248 2845 1297 2880 et
1327 2843 1566 2882 visiones
1597 2844 1675 2883 vi-

43 2895 187 2950 ,dent
229 2898 280 2934 et
323 2899 576 2945 ponentes
619 2898 807 2935 faciem
849 2899 1087 2936 deorsum
1131 2899 1289 2936 etiam
1333 2911 1487 2938 voces
1532 2902 1675 2939 audi-

51 2967 60 2975 ·
102 2955 159 2990 nt
186 2953 518 2999 manifestas,
552 2956 652 2991 tam
682 2955 946 2992 salutaies
978 2966 1123 3002 quam
1154 2959 1204 2993 et
1233 2957 1489 2996 occultas.
1521 2958 1566 3007 2)
1583 2960 1674 3008 Rig.

51 3011 287 3064 mbtusio.
432 3007 597 3062 3)Α1ἰί;
629 3010 924 3050 clariorem.
1068 3010 1114 3059 4)
1142 3013 1231 3061 Rig.
1260 3015 1672 3056 causationibus.

51 3058 218 3118 ὀὓΒὶἓα
245 3066 681 3106 communiendas.
848 3069 893 3118 6)
917 3068 1006 3117 Rig.
1035 3068 1326 3117 dispositus
1355 3082 1431 3120 es,
1464 3083 1489 3109 o
1522 3072 1673 3110 Chri·

65 3123 256 3171 stiaue,
290 3144 343 3150 -—
376 3124 574 3171 possis²
618 3126 762 3163 Nunc
801 3128 850 3163 et
889 3137 1105 3165 consors
1139 3148 1197 3156 —
1233 3128 1546 3168 necessaria
1577 3131 1672 3167 est.
