1942 3554
1402 4 1437 14 ur
1607 13 1609 15 ,
1660 0 1675 17 ’σ
1884 0 1891 4 ’

1301 70 1326 81 Ρ
1891 70 1894 75 .

1595 109 1601 120 s

285 203 366 252 20
823 191 904 239 DE
936 202 1381 241 srssc‘racunis.

1893 248 1910 260 κ
1895 179 1906 182 ;
1894 150 1897 151 ’
1888 77 1908 126 1²04

289 345 464 400 furem,
499 339 732 406 inquit1),
765 341 982 398 videbas,
1017 340 1336 388 concurrebas
1369 357 1473 388 cum
1505 356 1583 389 e0.
1637 341 1818 392 Utinam
1853 357 1921 393 iifl¹

291 414 339 459 in
371 413 533 460 seculo
567 411 753 476 quidem
785 412 919 458 simul
951 427 1055 458 cum
1086 411 1178 458 illis
1209 427 1523 458 moraremur:
1565 410 1651 460 sed
1681 421 1835 460 tamen
1867 412 1911 475 iii

290 481 583 530 secularibus
631 497 924 545 separamur,
987 482 1095 545 quia
1142 482 1352 529 seculum
1398 480 1477 529 dei
1523 490 1618 540 est,
1645 547 1650 549 p
1680 478 1914 531 secularid

289 561 445 600 autem
478 550 672 599 diaboli.
1894 555 1903 565 ”

438 625 516 672 16.
559 621 672 669 Cum
698 637 814 685 ergo
840 623 974 669 furor
997 620 1298 668 interdicitur
1321 621 1475 679 nobis,
1504 621 1561 669 ab
1580 623 1704 669 omni
1731 631 1917 686 specta·-

290 692 399 740 culo
433 692 712 750 auferimur,
747 693 886 739 etiam
920 709 947 738 a
979 693 1126 749 circo,
1163 691 1239 738 ubi
1271 695 1463 755 proprie
1497 693 1629 739 furor
1658 692 1915 757 praesidet.

291 761 503 826 Adspice
545 763 763 825 populum
804 761 863 809 ad
902 761 1221 825 spectaculum
1260 762 1351 808 iam
1392 776 1495 811 cum
1527 763 1690 811 furore
1722 764 1918 810 venien-

290 842 408 890 tem,
457 834 547 879 iam
578 833 930 890 tumultuosum,
978 834 1068 879 iam
1101 848 1321 889 caecum,
1371 834 1461 879 iam
1494 830 1553 880 de
1587 832 1929 896 sponsionibus·

289 903 599 950 concitatum.
669 901 850 949 Tardus
884 911 958 949 est
987 902 1055 949 illi
1086 911 1302 965 praetor,
1351 918 1538 966 semper
1569 903 1695 950 oculi
1726 903 1772 950 in
1803 918 1919 952 urna

292 975 394 1019 eius
441 989 543 1019 cuin
599 972 804 1019 sortibus
849 973 1136 1019 volutantur.
1233 971 1414 1020 Dehinc
1461 971 1519 1019 ad
1565 974 1746 1036 signum
1791 973 1919 1022 anxii

292 1042 523 1106 pendent,
565 1043 698 1089 unius
732 1041 996 1090 dementiae
1029 1059 1117 1089 una
1150 1059 1245 1089 vox
1276 1052 1367 1090 est.
1433 1042 1686 1106 Cognosce
1725 1042 1919 1092 demen-

292 1114 403 1159 tiam
437 1112 494 1159 de
527 1114 745 1160 vanitate.
807 1112 959 1170 Misit,
995 1111 1178 1170 dicunt,
1213 1122 1263 1159 et
1293 1114 1503 1159 nuntiant
1534 1114 1760 1172 invicem,
1795 1111 1920 1177 quod

294 1184 426 1229 simul
460 1183 517 1230 ab
551 1182 763 1229 omnibus
794 1183 939 1229 visum
975 1191 1059 1230 est.
1114 1182 1275 1230 Teneo
1309 1184 1622 1230 testimonium
1656 1185 1917 1242 caecitatis,

294 1269 386 1299 non
419 1252 579 1300 vident
610 1254 798 1299 missum
831 1251 940 1316 quid
973 1254 1055 1310 sit,
1105 1269 1312 1316 mappam
1344 1262 1530 1316 putant:
1591 1254 1676 1300 sed
1715 1263 1787 1302 est
1818 1253 1920 1301 dia-

292 1322 390 1369 boli
436 1322 493 1369 ab
541 1322 636 1369 alto
675 1323 974 1386 praecipitati
1016 1322 1165 1386 figura
1183 1323 1249 1386 2).
1328 1322 1400 1370 Ex
1440 1340 1497 1370 eo
1537 1325 1695 1388 itaque
1733 1325 1826 1371 itur
1871 1324 1918 1371 in

292 1391 438 1438 furias
472 1401 519 1440 et
549 1393 728 1439 animos
762 1401 810 1439 et
842 1391 1125 1451 discordias,
1159 1402 1207 1440 ct
1238 1392 1460 1457 quidquid
1492 1411 1582 1440 non
1616 1395 1729 1441 lieet
1759 1410 1920 1442 sacer-

294 1461 479 1510 dotibus
511 1464 659 1526 paciS.
735 1461 847 1509 Inde
881 1461 1151 1520 maledicta,
1202 1464 1417 1511 convicia
1456 1465 1557 1512 sine
1598 1465 1773 1512 iustitia
1805 1464 1917 1523 odii,

295 1534 433 1579 etiam
466 1532 686 1596 suffragia
718 1533 817 1579 sine
851 1533 1019 1579 merito
1052 1534 1244 1580 amoris.
1307 1532 1427 1592 Quid
1459 1535 1580 1581 enim
1615 1535 1920 1582 consecuturi

292 1619 425 1648 suum
457 1603 552 1649 illic
593 1612 759 1666 agunt,
816 1604 893 1666 qui
932 1604 1002 1649 sui
1041 1620 1133 1649 non
1166 1606 1301 1650 sunt?
1346 1605 1433 1650 nisi
1471 1605 1595 1652 forte
1627 1604 1718 1652 hoc
1751 1606 1916 1664 solum,¹

294 1687 380 1735 per
411 1671 535 1735 quod
570 1674 640 1719 sui
674 1689 764 1719 non
799 1681 926 1719 sunt:
977 1671 1034 1720 de
1068 1674 1221 1720 aliena
1252 1674 1530 1722 infelicitate
1565 1676 1916 1734 contristantur,

291 1741 352 1789 de
387 1743 542 1789 aliena
579 1743 809 1790 felicitate
851 1744 1098 1790 laetantur.
1178 1743 1410 1808 Quidquid
1455 1753 1638 1808 optant,
1694 1743 1919 1809 quidquid

292 1812 641 1869 abominantur,
676 1822 947 1860 extraneum
982 1813 1038 1859 ab
1073 1814 1162 1860 illis
1195 1823 1287 1871 est,
1322 1816 1386 1861 ita
1418 1823 1464 1861 et
1497 1832 1629 1862 amor
1658 1814 1780 1878 apud
1811 1815 1917 1862 illos

291 1883 471 1929 otiosus
504 1891 552 1929 et
584 1882 738 1929 odium
772 1883 1007 1930 iniustum.
1084 1882 1149 1930 At
1188 1884 1386 1931 forsitan
1427 1885 1528 1932 sine
1562 1902 1726 1933 caussa
1757 1901 1915 1933 amare

292 1953 457 2010 liceat,
506 1969 639 2016 quain
680 1954 780 2000 sine
821 1970 987 2000 caussa
1027 1953 1203 2001 odisse.
1280 1954 1406 2002 Deus
1454 1964 1585 2002 certe
1627 1956 1765 2003 etiam
1812 1971 1915 2003 cum

293 2038 462 2069 caussa
506 2023 727 2085 prohibet
773 2022 952 2079 odisse,
1010 2025 1087 2086 qui
1135 2025 1350 2071 inimicos
1397 2024 1530 2088 diligi
1577 2025 1732 2085 iubet3
1801 2024 1916 2073 deus

289 2093 431 2138 etiam
473 2107 575 2138 cuin
616 2108 781 2138 caussa
820 2091 1105 2139 maledicere
1145 2110 1236 2139 non
1275 2095 1406 2151 sinit,
1455 2096 1531 2158 qui
1577 2094 1919 2143 maledicentes

291 2160 512 2208 benedici
544 2163 790 2224 praecipit.
869 2160 965 2209 Sed
1006 2163 1134 2209 circo
1175 2162 1282 2226 quid
1316 2165 1539 2221 amarius,
1587 2164 1665 2211 ubi
1697 2181 1755 2212 ne
1787 2166 1918 2229 prin-

289 2231 474 2295 cipibus
514 2231 697 2294 quidem
737 2239 816 2278 aut
855 2231 1034 2279 civibus
1073 2234 1167 2279 suis
1208 2236 1434 2295 parcunt?
1496 2232 1544 2280 Si
1586 2233 1695 2298 quid
1728 2235 1909 2294 horum,

292 2301 457 2364 quibus
491 2302 645 2348 circus
678 2302 812 2359 furit,
845 2301 1016 2348 alicubi
1050 2303 1275 2365 competit
1305 2305 1496 2361 sanctis,
1531 2305 1670 2351 ctiam
1702 2306 1746 2351 in
1781 2306 1927 2353 circe·

289 2370 480 2429 licebit3
524 2373 561 2418 si
596 2387 708 2418 vero
743 2388 989 2435 nusquam,
1025 2371 1132 2419 ideo
1166 2389 1253 2419 nec
1287 2374 1333 2418 in
1367 2374 1518 2421 circo.

439 2446 518 2491 17.
560 2441 787 2488 Similiter
818 2441 1149 2505 impudicitiam
1184 2458 1364 2490 omnem
1397 2444 1581 2491 amoliri
1613 2445 1909 2503 iubemur-³).

293 2511 393 2558 Hoc
427 2514 572 2575 igitur
602 2510 740 2558 modo
774 2513 911 2558 etiam
944 2528 970 2558 a
1003 2512 1187 2558 theatro
1220 2528 1513 2575 separamur,
1555 2513 1679 2577 quod
1711 2523 1783 2562 est
1814 2516 1912 2578 pri-

287 2590 440 2628 vatum
474 2583 803 2629 consistorium
836 2580 1177 2644 impudicitiae,
1225 2582 1302 2628 ubi
1335 2584 1446 2629 nihil
1479 2584 1725 2647 probatur,
1775 2600 1910 2648 quam

288 2649 413 2713 quod
453 2651 560 2697 alibi
603 2669 692 2698 non
731 2651 974 2715 probatur.
1036 2651 1105 2699 Ita
1145 2668 1317 2698 sumina
1356 2654 1509 2715 giatia
1547 2670 1647 2700 eius
1686 2652 1744 2700 de
1777 2670 1908 2718 spur-

289 2721 401 2767 citia
432 2721 675 2783 plurimum
716 2723 996 2769 concinnata
1036 2730 1128 2779 est,
1184 2738 1316 2785 quam
1357 2723 1604 2770 Atellanus
1650 2724 1910 2787 gesticula-

286 2799 384 2847 tor,
434 2807 565 2853 quani
606 2793 768 2838 mimus
801 2805 940 2839 etiam
974 2807 1060 2855 per
1090 2792 1308 2839 mul'ieies
1339 2802 1690 2855 repraesentat,
1745 2810 1906 2843 sexum

285 2859 478 2923 pudoris
541 2870 879 2919 exterminans,
957 2870 1007 2908 ut
1066 2862 1249 2909 facilius
1304 2861 1428 2908 donii
1483 2879 1616 2926 quain
1670 2865 1714 2910 in
1762 2880 1905 2912 scena

399 3041 440 3090 1)
473 3045 537 3079 Ps.
555 3044 706 3088 49,18.
825 3045 868 3091 2)
901 3045 974 3081 Ed.
1001 3046 1131 3082 Paris.
1157 3047 1199 3082 et
1221 3044 1287 3082 Fr.
1312 3046 1474 3084 Iunius:
1507 3045 1796 3094 praecitati
1827 3047 1902 3083 fi-

280 3111 341 3146 gu
356 3110 422 3136 ra.
467 3099 816 3146 RigaltiuseMS.
844 3101 1186 3148 praecipitati
1215 3100 1350 3148 gula.
1467 3099 1511 3154 3)
1546 3102 1791 3150 Rigalt-inse
1812 3103 1926 3145 MS„

280 3155 541 3195 Similiter
566 3166 657 3191 nec
689 3155 1069 3202 impudicitiam
1100 3168 1293 3194 omnem
1327 3168 1495 3195 amare
1526 3157 1773 3195 iubemur.
