1942 3554
612 164 696 203 DE
731 163 1093 203 PATIENTIA.
1577 162 1664 206 11)

19 283 123 332 est.
197 281 359 345 Itaque
391 288 440 328 et
469 278 615 343 gladii
646 295 794 344 opera
823 276 1066 326 maledixit
1095 278 1142 325 in
1173 286 1435 342 posterum,
1468 285 1518 325 et
1541 279 1665 326 sani-

32 341 144 402 tatis
180 352 480 401 restitutione
522 353 589 410 ei,
638 367 772 415 quem
818 366 911 397 non
950 351 1049 414 ipse
1087 357 1366 407 vexaverat,
1414 348 1665 407 satisfecit,

24 440 121 508 per
149 424 446 490 patientiam,
478 421 834 470 miseiicordiae
867 430 1078 468 matrem.
1138 421 1297 468 Taceo
1325 418 1449 484 quod
1482 420 1666 484 ligitur3

29 498 83 543 in
126 495 219 544 hoc
265 496 388 543 enim
429 502 642 542 venerat.
726 491 962 556 Numquid
1008 484 1164 539 tamen
1211 490 1481 541 subeundae
1527 493 1667 540 morti

38 567 176 614 etiam
209 565 504 614 contumeliis
536 581 651 630 opus
681 564 867 611 fuerat?
940 561 1036 611 Sed
1068 564 1275 626 saginari
1312 563 1553 628 voluptate
1584 580 1669 628 pa-

14 637 231 686 ³·tientiae
262 635 555 684 discessurus
584 634 790 683 volebat.
865 632 1142 698 Despuitur,
1188 634 1492 693 verberatur,
1540 633 1668 683 deri-

13 706 198 765 detur,
228 706 385 756 foedis
414 707 634 764 vestitur,
666 704 960 754 foedioribus
993 713 1264 752 coronatur.
1339 704 1464 753 Mira
1494 722 1669 770 aequa-

25 779 256 827 nimitatis
286 777 419 826 fides.
495 776 583 836 Qui
628 778 676 823 in
720 776 921 823 hominis
966 775 1116 839 figura
1154 785 1470 843 preposuerat
1500 777 1668 834 latere,

13 849 150 900 mihil
179 846 240 898 de
271 849 564 914 impatientia
592 847 793 895 hominis
823 847 1029 894 imitatus
1061 855 1148 894 cst.
1211 846 1331 894 Hinc
1360 848 1437 894 vel
1468 849 1668 896 maxime

13 918 278 977 fflharisaei
314 918 550 968 dominum
588 929 852 982 agnoscere
892 916 1142 976 debuistis3
1188 919 1464 982 patientiam
1510 919 1670 966 huius-

11 989 160 1041 modi
203 1007 341 1039 nemo
386 991 622 1038 hominum
666 997 982 1054 perpetraret.
1071 954 1206 1036 Ta⁷lia
1250 998 1473 1054 tantaque
1521 989 1670 1038 docu-

10 1070 204 1121 mnta,
238 1058 434 1127 qudrum
458 1060 730 1124 magnitudo
762 1075 909 1124 penes
933 1061 1149 1108 nationes
1176 1059 1367 1124 quidem
1388 1063 1670 1109 retrectatio

11 1130 144 1184 lffidei
175 1142 269 1191 est,
300 1148 448 1197 penes
478 1149 564 1180 nos
593 1147 708 1180 vero
740 1132 862 1178 iatio
895 1140 944 1179 ct
974 1133 1199 1190 structio,
1232 1133 1345 1179 satis
1377 1142 1542 1196 aperte
1574 1149 1669 1181 non

16 1204 329 1255 cnei-monibus
367 1202 507 1251 modo
553 1204 600 1250 in
646 1201 1010 1267 praecipiendo,
1058 1201 1139 1250 sed
1188 1203 1329 1250 etiam
1374 1204 1672 1268 passionibus

35 1267 253 1338 [domini]
286 1275 334 1322 in
364 1273 662 1333 sustinendo,
693 1273 926 1338 probant,
953 1274 1049 1331 his,
1083 1273 1248 1337 quibus
1280 1273 1480 1323 credere
1513 1273 1670 1322 datum

12 1355 130 1405 est,
161 1346 435 1412 patientiam
468 1343 546 1393 dei
577 1352 681 1392 esse
713 1353 948 1404 naturam,
990 1344 1210 1392 effectum
1249 1353 1299 1393 et
1334 1348 1670 1411 praestantiam

0 1418 273 1482 unigenitae
306 1415 546 1473 cuiusdam
575 1416 896 1480 proprietatis.

172 1494 224 1540 4.
285 1487 519 1552 Igitursi
562 1486 739 1551 probos
786 1503 995 1551 quosque
1034 1503 1198 1535 servos
1237 1497 1287 1536 et
1316 1487 1470 1537 bonae
1501 1490 1672 1538 mentis

9 1558 121 1626 mro
165 1560 361 1623 ingenio
406 1556 644 1606 dominico
693 1559 967 1605 conversari
996 1557 1208 1606 videmus
1242 1559 1490 1624 (siquidem
1522 1561 1672 1608 artifi-

9 1632 158 1685 oeium
186 1626 492 1696 promerendi
531 1628 807 1693 obsequium
853 1638 948 1688 est,
999 1629 1213 1694 obsequii
1257 1647 1373 1678 vero
1422 1629 1672 1696 disciplina

10 1702 274 1765 morigera
294 1700 528 1749 subiectio
554 1704 646 1761 est)
680 1709 852 1764 quanto
877 1701 1026 1763 magis
1058 1717 1143 1748 nos
1175 1700 1430 1749 secundum
1462 1712 1672 1751 moratos

10 1773 236 1828 {inveniri
267 1766 481 1837 oportet,
514 1786 677 1818 servos
708 1772 896 1818 scilicet
926 1770 1004 1818 dei
1034 1772 1151 1829 vivi,
1201 1773 1332 1820 cuius
1370 1771 1594 1821 iudicium
1625 1775 1673 1822 in

8 1839 145 1894 §snos
174 1854 270 1891 non
299 1845 348 1890 in
379 1840 608 1905 compede
640 1850 722 1888 aut
750 1842 877 1905 pileo
908 1843 1132 1900 vertitur,
1180 1842 1264 1890 sed
1309 1845 1355 1890 in
1387 1845 1672 1893 aeternitate

7 1923 118 1964 :aut
145 1929 330 1980 poenae
360 1908 442 1961 aut
464 1912 663 1968 salutis?
722 1912 809 1960 Cui
840 1914 1085 1960 severitati
1111 1911 1422 1963 declinandae
1445 1915 1522 1963 vel
1555 1916 1674 1965 libe-

10 1986 215 2035 :talitati
244 1982 512 2032 invitandae
552 1991 682 2030 tanta
713 1983 926 2048 obsequii
959 1983 1206 2047 diligentia
1238 2002 1354 2049 opus
1380 1994 1466 2044 est,
1501 1996 1674 2050 quanta

37 2065 146 2105 sunt
173 2057 297 2120 ipsa,
331 2071 449 2120 quae
480 2062 562 2102 aut
591 2056 819 2102 severitas
845 2053 1259 2103 comminatur'aut
1282 2057 1545 2105 liberalitas
1570 2059 1674 2122 pol-

11 2128 225 2177 ÷licetur.
299 2124 363 2174 Et
405 2134 562 2174 tamti
607 2142 693 2173 nos
738 2143 831 2172 non
877 2125 935 2173 de
974 2126 1239 2175 hominibus
1270 2127 1410 2175 modo
1443 2130 1671 2178 servitute

37 2197 247 2248 subnixis
275 2197 352 2246 vel
383 2197 595 2262 quolibet
623 2197 718 2244 alio
749 2198 852 2244 iure
892 2196 1185 2246 debitoribus
1225 2198 1462 2263 obsequii,
1510 2217 1672 2248 verum

10 2270 180 2319 ξεῐίιιιι
211 2267 270 2317 dc
300 2266 583 2333 pecudibus,
630 2269 772 2316 etiam
812 2267 870 2315 de
900 2269 1066 2317 bestiis
1099 2268 1418 2318 obedientiam
1450 2274 1673 2336 exprimi-

36 2350 160 2398 mus,
191 2340 512 2404 intelligentes
543 2339 702 2388 usibus
732 2341 906 2387 nostris
938 2356 1019 2388 eas
1050 2357 1078 2388 a
1109 2340 1299 2389 domino
1331 2344 1545 2405 provisas
1576 2352 1673 2390 tra-

38 2405 269 2477 duasque.
342 2411 546 2467 Meliora
584 2427 701 2474 ergo
740 2411 876 2458 nobis
915 2420 1053 2459 erunt
1082 2413 1129 2459 in
1162 2412 1376 2476 obsequii
1408 2411 1672 2477 disciplina,

36 2491 160 2548 quae
204 2482 341 2530 nobis
385 2480 501 2530 deus
545 2481 733 2531 subdit?
789 2479 1072 2544 Agnoscunt
1117 2482 1343 2546 denique,
1392 2499 1510 2547 quae
1558 2485 1674 2533 obe·-

36 2550 188 2606 diunt.
262 2551 386 2611 Nos,
419 2555 495 2606 cui
524 2554 614 2601 soli
645 2551 819 2600 subditi
851 2569 1028 2611 sumus,
1063 2552 1251 2600 domino
1276 2553 1464 2602 scilicet
1488 2556 1674 2604 auscul-

40 2632 146 2672 tare
177 2621 468 2671 dubitamus?
537 2621 607 2672 At
637 2639 771 2687 quam
802 2623 1020 2670 iniustum
1053 2631 1147 2681 est,
1181 2640 1316 2687 quam
1341 2626 1482 2672 etiam
1513 2627 1673 2690 ingra-

43 2702 162 2752 tum,
209 2684 333 2757 qnod
375 2709 463 2758 per
503 2695 698 2743 alterius
736 2692 1074 2757 indulgentiam
1113 2693 1172 2742 de
1212 2695 1317 2742 aliis
1349 2700 1670 2761 consequaris,

42 2763 169 2813 idem
198 2764 291 2819 illi,
322 2780 410 2829 per
439 2781 573 2829 quem
606 2766 933 2828 consequeris,
982 2763 1041 2812 de
1087 2766 1335 2830 temetipso
1375 2783 1468 2814 non
1499 2785 1671 2834 repen-

43 2833 184 2884 dere!
245 2832 350 2882 Ncc
379 2835 588 2900 pluribus
620 2833 678 2882 de
712 2835 924 2899 obsequii
956 2836 1246 2884 exhibitione
1286 2835 1446 2885 debita
1475 2855 1503 2888 a
1534 2841 1671 2889 nobis

44 2903 234 2954 domino
266 2903 374 2952 deo.
450 2904 575 2953 Satis
607 2906 728 2952 enim
759 2907 937 2968 agnitio
971 2905 1047 2953 dei
1080 2905 1188 2970 quid
1219 2907 1307 2955 sibi
1338 2909 1611 2958 incumbat'
1599 2929 1670 2959 111-

43 2966 231 3042 telligit.
305 2974 380 3024 Ne
411 2984 566 3024 tamen
596 2984 647 3022 ut
677 2984 949 3024 extraneum
981 2976 1039 3024 dc
1073 2978 1295 3043 obsequio
1325 2978 1569 3029 videamul
1598 2985 1670 3030 in-

40 3048 313 3105 tel-iecisse,
358 3047 537 3111 ipsum
553 3062 735 3111 quoque
782 3047 1051 3111 obsequium
1091 3048 1148 3097 de
1186 3051 1413 3114 patientia
1450 3053 1666 3100 trahitur.

35 3111 290 3184 ’Nunquam
350 3119 596 3183 impatiens
656 3117 957 3183 obsequitur,
1024 3129 1104 3169 aut
1168 3122 1352 3185 patiens
1412 3124 1530 3187 quis
1573 3141 1666 3171 non

1244 3195 1315 3242 2*
