1942 3554
322 237 445 281 11⁴1
856 234 940 275 DE
966 236 1369 276 MONOGAMIA.

324 349 548 415 spadone,
580 347 639 395 ad
670 363 804 411 quem
834 357 1050 411 spectans
1082 357 1130 396 et
1159 348 1412 412 apostolus,
1450 355 1704 412 propterea
1741 355 1789 394 et
1824 348 1869 411 ip
1898 372 1909 396 μ

324 427 569 475 castratus,
604 420 934 482 continentiam
965 419 1150 466 mavult.
1213 417 1309 466 Sed
1338 419 1483 476 salvo,
1514 419 1680 482 inquis,
1712 418 1812 464 iure
1854 438 1859 459 ι
1889 390 1934 446 1

320 488 479 537 bendi.
539 488 682 535 Plane
728 489 879 545 salvo,
927 497 975 536 et
1016 487 1273 536 videbimus
1326 503 1585 552 quousque3
1633 487 1885 542 nihilomi

320 562 411 607 iam
444 575 504 606 ex
535 574 592 606 ea
621 566 754 622 parte
787 557 1042 616 destructo,
1077 575 1165 622 qua
1195 560 1527 606 continentiam
1556 558 1780 622 praefert.
1832 532 1936 622 Bu*

321 647 442 687 num,
476 630 636 692 inquit,
669 629 841 676 homini
873 630 1109 683 mulierem
1141 646 1233 676 non
1265 631 1537 692 contingere
1554 630 1624 689 ¹),
1657 631 1792 691 (ergo
1843 648 1875 670 n.

322 701 413 747 lum
459 708 530 747 est
575 701 873 762 contingere,
920 700 1033 746 nihil
1072 701 1192 747 enim
1229 700 1353 753 hono
1394 700 1676 747 contrarium
1714 699 1802 745 nisi
1831 714 1875 744 ιιι

322 771 411 818 lum
426 774 457 829 3)
491 769 691 833 ideoque
723 785 984 833 superesse,
1017 778 1067 817 ut
1097 779 1144 817 et
1175 771 1251 834 qui
1288 770 1492 821 haheant
1519 785 1691 817 uxores
1721 770 1788 816 sic
1819 769 1877 815 5”
1903 791 1929 803 ··

324 842 453 904 quasi
485 857 577 887 non
608 841 825 897 habeant,
859 856 947 903 quo
980 841 1126 902 magis
1158 842 1233 904 qui
1265 857 1356 887 non
1386 841 1581 898 hahent,
1618 839 1795 887 habere
1833 855 1883 885 ιι

324 910 541 958 debeant.
583 910 755 958 Reddit
786 911 925 958 etiam
957 927 1160 968 caussas,
1194 927 1277 958 cur
1306 913 1371 958 ita
1401 910 1608 968 suadeat,
1642 909 1765 974 quod
1795 910 1912 957 innu'

322 982 391 1045 pti
422 980 480 1028 de
519 980 608 1028 deo
649 982 882 1044 cogitent,
929 983 1057 1044 nupti
1093 997 1230 1039 vero,
1276 981 1505 1044 quomodo
1543 982 1590 1028 in
1633 981 1925 1028 matrimoni«.

323 1053 424 1115 quis
454 1068 536 1098 suo
568 1052 831 1114 placeat2).
892 1050 954 1098 Et
990 1068 1174 1114 possum
1213 1051 1522 1110 contendere,
1561 1067 1654 1098 non
1683 1067 1811 1099 mere
1841 1052 1942 1116 boul}

323 1138 430 1169 num
461 1137 579 1179 esse,
620 1121 742 1185 quod
779 1122 1076 1184 permittitur.
1139 1120 1271 1180 Quod
1309 1124 1430 1169 enim
1466 1138 1594 1170 mere
1626 1122 1800 1171 ,bonum
1839 1117 1942 1186 estzi

321 1208 414 1238 non
444 1193 748 1255 permittitur,
782 1189 866 1237 sed
896 1191 1017 1237 ultro
1051 1192 1177 1237 licet.
1251 1190 1500 1239 Permissio
1536 1192 1679 1240 habet
1717 1190 1942 1244 caussari-i

321 1260 569 1324 aliquando
610 1270 659 1308 et
696 1262 1006 1308 necessitatis.
1074 1260 1285 1324 Denique
1308 1262 1387 1310 ,in'
1409 1262 1691 1327 hac-specie
1729 1279 1821 1309 non
1859 1249 1942 1323 est-{s

306 1328 534 1379 'voluntas
564 1331 875 1394 permittentis
913 1331 1105 1378 nubere.
1162 1329 1305 1378 Aliud
1343 1333 1463 1380 enim
1499 1334 1610 1380 vult.
1668 1332 1792 1380 Volo
1828 1336 1942 1395 vesti

320 1402 484 1465 inquit,
518 1418 677 1449 omnes
707 1403 774 1449 sic
807 1417 910 1448 esse
950 1399 1180 1465 quomodo
1220 1410 1269 1449 et
1305 1418 1395 1465 ego
1412 1405 1476 1462 ³).
1536 1402 1597 1450 Et
1634 1419 1736 1451 cum
1775 1403 1942 1454 ostend*

320 1472 390 1519 dit
419 1473 582 1519 melius
614 1488 735 1529 esse,
769 1471 878 1535 quid
909 1474 1067 1535 utique
1099 1488 1150 1519 se
1180 1472 1302 1520 velle
1336 1473 1601 1531 confirmat,
1642 1490 1774 1536 quam
1807 1468 1942 1538 queo-J

321 1544 483 1590 melius
525 1558 628 1590 esse
667 1543 946 1606 praemisit?
994 1542 1055 1588 Et
1084 1543 1170 1600 ita,
1211 1544 1251 1589 si
1289 1542 1414 1590 aliud
1453 1560 1585 1607 quam
1624 1543 1747 1607 quod
1782 1542 1942 1607 voluiss!

321 1614 572 1678 permittit,
620 1630 712 1660 non
742 1614 1005 1669 voluntate,
1052 1611 1136 1660 sed
1173 1615 1456 1661 necessitate
1494 1611 1790 1677 permittens,
1836 1625 1942 1675 nevi

320 1699 448 1730 mere
478 1683 648 1730 bonum
681 1682 907 1740 ostendit,
949 1681 1072 1746 quod
1109 1680 1283 1730 invitus
1310 1682 1515 1731 indulsit.
1576 1683 1786 1748 Denique
1826 1684 1942 1746 cun-i

283 1752 286 1756 ’
322 1753 451 1811 dicit,
485 1754 648 1800 melius
680 1763 751 1800 est
780 1754 956 1801 nubere
989 1769 1122 1817 quam
1152 1755 1302 1815 uri-³),
1335 1755 1469 1818 quale
1501 1753 1548 1802 id
1585 1754 1755 1802 bonum
1792 1756 1942 1803 intel-

319 1823 578 1887 ligendum,
626 1823 747 1888 quod
778 1825 941 1871 melius
973 1831 1044 1871 est
1073 1826 1255 1887 poena?
1313 1824 1435 1887 quod
1465 1842 1557 1879 non
1593 1833 1751 1888 potest
1777 1823 1942 1874 videri

320 1896 484 1942 melius
523 1896 610 1942 nisi
648 1895 848 1958 pessimo
891 1897 1235 1958 comparatum?
1292 1893 1627 1943 Bonum-illud
1665 1904 1756 1953 est,
1805 1894 1942 1960 quenl

318 1981 406 2029 per
436 1981 485 2012 se
517 1965 607 2012 hoc
639 1981 807 2012 nomen
840 1973 983 2022 tenet,
1017 1965 1117 2012 sine
1150 1967 1524 2029 comparatione,
1563 1980 1656 2013 non
1694 1965 1800 2015 dico
1832 1981 1942 2015 mae·

320 2036 375 2093 li,
423 2033 505 2082 sed
544 2036 683 2082 etiam
721 2036 832 2082 boni
870 2037 1082 2093 alterius,
1129 2044 1180 2082 ut
1217 2038 1306 2083 etsi
1343 2037 1426 2084 alii-
1450 2037 1574 2084 bono
1615 2038 1942 2101 comparatum(

320 2104 635 2162 adumbretur,
669 2114 910 2152 remaneat
939 2106 1233 2152 nihilominus
1269 2107 1315 2152 in
1351 2107 1462 2154 honi
1499 2109 1700 2155 nomine.
1789 2107 1942 2155 Oete<

322 2192 423 2222 rum
454 2177 491 2222 si
521 2191 607 2238 per
637 2177 743 2222 mali
776 2176 1074 2222 collationem
1095 2177 1299 2238 ,cogitur
1333 2176 1503 2224 bonum
1542 2176 1657 2234 dici,
1704 2194 1796 2224 non
1835 2187 1942 2226 tana

320 2245 492 2292 honum
532 2254 624 2302 est,
671 2262 804 2308 quam
843 2262 988 2308 genus
1032 2239 1139 2292 mali
1183 2246 1441 2305 inferioris,
1488 2246 1610 2311 quod
1645 2247 1712 2302 ,ab
1758 2250 1942 2297 altioru'

321 2316 442 2362 malo
476 2315 770 2362 obscuratum
801 2314 859 2374 ad
891 2331 1057 2362 nomen
1086 2313 1198 2363 boni
1228 2317 1491 2379 impellitur.
1549 2316 1700 2366 Aufer
1728 2318 1942 2383 deniquu

323 2383 660 2443 conditionem,
692 2394 743 2432 ut
773 2402 864 2432 non
896 2384 1024 2432 dicas
1056 2387 1217 2433 melius
1249 2395 1320 2433 est
1356 2387 1530 2435 nubere
1571 2404 1702 2452 quam
1739 2391 1834 2447 uri,
1880 2406 1942 2441 es,

323 2471 497 2520 quaero
530 2472 588 2502 an
619 2455 777 2502 dicere
810 2455 982 2503 audeas
1012 2457 1175 2503 melius
1205 2456 1403 2514 nubere,
1435 2475 1527 2505 non
1557 2456 1942 2528 adiicienquuu‘

322 2527 485 2573 melius
515 2527 588 2573 sit.
651 2526 725 2572 Fit
755 2541 869 2588 ergo
907 2528 997 2572 iam
1029 2543 1121 2572 non
1158 2526 1342 2584 melius,
1389 2536 1438 2574 et
1476 2527 1581 2575 dum
1619 2546 1711 2576 non
1748 2530 1942 2578 melius?

322 2613 410 2644 nec
441 2597 627 2653 bonum,
660 2596 841 2643 sublata
873 2595 1165 2655 conditione,
1199 2595 1452 2660 quaedum
1481 2600 1643 2646 melius
1672 2599 1784 2650 illud
1813 2601 1942 2649 facie

322 2668 432 2724 alio,
464 2668 531 2714 ita
558 2667 728 2714 bonum
759 2667 922 2714 haberi
954 2668 1098 2729 cogit.
1128 2667 1296 2714 Melius
1327 2676 1399 2715 est
1428 2685 1564 2716 unum
1595 2669 1777 2717 oculum
1794 2671 1914 2718 amit-

322 2746 448 2795 tere,
497 2753 629 2801 quam
674 2736 804 2784 duos.
874 2735 926 2784 Si
969 2745 1123 2784 tamen
1166 2735 1381 2785 discedas
1425 2755 1453 2785 a
1497 2741 1844 2803 comparatione
1861 2740 1942 2800 592.ss

323 2824 415 2854 non
461 2809 553 2854 erit
594 2808 756 2855 melius
803 2824 936 2854 unum
982 2808 1164 2855 oculum
1208 2808 1412 2868 habere,
1460 2810 1565 2872 quia
1607 2825 1696 2857 nec
1738 2806 1917 2865 honuni.

326 2875 445 2934 Quid
475 2894 611 2935 nunc,
644 2879 682 2924 si
714 2894 894 2925 omnem
924 2876 1256 2941 indulgentiam
1287 2877 1488 2926 nubendi
1527 2878 1584 2928 de
1615 2896 1721 2938 suo,
1759 2879 1807 2927 id
1838 2886 1913 2929 est

437 3003 481 3050 1)
507 3005 529 3039 1
554 3005 647 3042 Cor.
672 3006 710 3054 7,
739 3005 776 3043 1.
946 3004 991 3055 2)
1037 3007 1059 3042 1
1079 3007 1171 3043 Cor.
1201 3007 1240 3058 7,
1268 3006 1321 3043 32
1351 3017 1411 3054 sq.
1581 3003 1627 3060 3)
1651 3009 1674 3044 1
1703 3009 1795 3046 Cor.
1820 3008 1859 3055 ⁷,
1885 3008 1909 3054 ἵ

323 3056 366 3106 4)
398 3061 421 3096 1
453 3060 545 3096 Cor.
573 3062 612 3106 7,
642 3063 682 3098 9.
800 3060 843 3109 5)
875 3060 966 3109 Rig.
1000 3063 1042 3098 et
1073 3062 1134 3099 ed.
1165 3062 1289 3099 Fran.
1321 3073 1345 3099 a
1376 3073 1532 3111 comp.
1570 3063 1690 3101 mali
1719 3063 1942 3102 utrius-⁷

324 3126 440 3162 que,
473 3115 545 3209 {ed
566 3116 703 3154 Latin.
727 3119 769 3154 et
797 3117 866 3156 Fr.
897 3117 1042 3156 [unius
1071 3121 1186 3156 recte
1210 3121 1434 3167 utrumque
1463 3131 1555 3159 voc.
1585 3118 1804 3158 delendum
1831 3130 1914 3158 esse

325 3182 476 3209 censen
498 3197 508 3207 .
