<?xml version="1.0" encoding="UTF-8"?>
<!DOCTYPE html PUBLIC "-//W3C//DTD XHTML 1.0 Transitional//EN"
    "http://www.w3.org/TR/xhtml1/DTD/xhtml1-transitional.dtd">
<html xmlns="http://www.w3.org/1999/xhtml" xml:lang="en" lang="en">
 <head>
  <title>
</title>
<meta http-equiv="Content-Type" content="text/html;charset=utf-8" />
  <meta name='ocr-system' content='tesseract 3.04.00' />
  <meta name='ocr-capabilities' content='ocr_page ocr_carea ocr_par ocr_line ocrx_word'/>
</head>
<body>
  <div class='ocr_page' id='page_1' title='image "./operatert12tertuoft_0333.png"; bbox 0 0 1942 3554; ppageno 0'>
   <div class='ocr_carea' id='block_1_1' title="bbox 0 0 118 498">
    <p class='ocr_par' dir='ltr' id='par_1_1' title="bbox 0 0 118 498">
     <span class='ocr_line' id='line_1_1' title="bbox 0 0 107 302; baseline 0 -81"><span class='ocrx_word' id='word_1_1' title='bbox 0 0 107 302; x_wconf 95' lang='lat' dir='ltr'><strong>  </strong></span> 
     </span>
     <span class='ocr_line' id='line_1_2' title="bbox 0 302 118 498; baseline 0 -28"><span class='ocrx_word' id='word_1_2' title='bbox 0 302 118 498; x_wconf 95' lang='lat' dir='ltr'><strong>    </strong></span> 
     </span>
    </p>
   </div>
   <div class='ocr_carea' id='block_1_2' title="bbox 532 121 1647 174">
    <p class='ocr_par' dir='ltr' id='par_1_2' title="bbox 532 121 1647 174">
     <span class='ocr_line' id='line_1_3' title="bbox 532 121 1647 174; baseline 0.004 -14"><span class='ocrx_word' id='word_1_3' title='bbox 532 122 617 161; x_wconf 90' lang='lat' dir='ltr'><strong>DE</strong></span> <span class='ocrx_word' id='word_1_4' title='bbox 652 122 1114 160; x_wconf 83' lang='lat' dir='ltr'><strong>POENITENTIA·</strong></span> <span class='ocrx_word' id='word_1_5' title='bbox 1435 163 1448 174; x_wconf 25' lang='grc' dir='ltr'><strong>λ,</strong></span> <span class='ocrx_word' id='word_1_6' title='bbox 1562 121 1647 165; x_wconf 76' lang='grc'><strong>61</strong></span> 
     </span>
    </p>
   </div>
   <div class='ocr_carea' id='block_1_3' title="bbox 0 230 1696 2828">
    <p class='ocr_par' dir='ltr' id='par_1_3' title="bbox 0 230 1696 2773">
     <span class='ocr_line' id='line_1_4' title="bbox 11 230 1644 298; baseline 0.001 -16"><span class='ocrx_word' id='word_1_7' title='bbox 11 230 213 290; x_wconf 54' lang='lat' dir='ltr'><strong>&#39;‘sites.</strong></span> <span class='ocrx_word' id='word_1_8' title='bbox 291 232 411 293; x_wconf 83' lang='lat' dir='ltr'><strong>Quid</strong></span> <span class='ocrx_word' id='word_1_9' title='bbox 449 234 576 281; x_wconf 90' lang='lat' dir='ltr'><strong>illum</strong></span> <span class='ocrx_word' id='word_1_10' title='bbox 622 235 889 282; x_wconf 86' lang='lat' dir='ltr'><strong>thesaurum</strong></span> <span class='ocrx_word' id='word_1_11' title='bbox 935 237 1056 298; x_wconf 87' lang='lat' dir='ltr'><strong>ignis</strong></span> <span class='ocrx_word' id='word_1_12' title='bbox 1101 236 1284 282; x_wconf 88' lang='lat' dir='ltr'><strong>aeterni</strong></span> <span class='ocrx_word' id='word_1_13' title='bbox 1330 236 1644 294; x_wconf 78' lang='lat' dir='ltr'><strong>aestimamus,</strong></span> 
     </span>
     <span class='ocr_line' id='line_1_5' title="bbox 84 304 1646 369; baseline 0.002 -18"><span class='ocrx_word' id='word_1_14' title='bbox 84 310 90 318; x_wconf 83' lang='grc'><strong><em>’</em></strong></span> <span class='ocrx_word' id='word_1_15' title='bbox 160 305 410 352; x_wconf 79' lang='lat' dir='ltr'><strong>fumariola</strong></span> <span class='ocrx_word' id='word_1_16' title='bbox 450 304 677 369; x_wconf 84' lang='lat' dir='ltr'><strong>quaedam</strong></span> <span class='ocrx_word' id='word_1_17' title='bbox 717 307 818 353; x_wconf 90' lang='lat' dir='ltr'><strong>eius</strong></span> <span class='ocrx_word' id='word_1_18' title='bbox 858 307 977 353; x_wconf 90' lang='lat' dir='ltr'><strong>tales</strong></span> <span class='ocrx_word' id='word_1_19' title='bbox 1017 307 1303 352; x_wconf 86' lang='lat' dir='ltr'><strong>flammarum</strong></span> <span class='ocrx_word' id='word_1_20' title='bbox 1342 307 1463 354; x_wconf 86' lang='lat' dir='ltr'><strong>ictus</strong></span> <span class='ocrx_word' id='word_1_21' title='bbox 1495 309 1646 356; x_wconf 88' lang='lat' dir='ltr'><strong>susci-</strong></span> 
     </span>
     <span class='ocr_line' id='line_1_6' title="bbox 27 376 1646 439; baseline 0.001 -17"><span class='ocrx_word' id='word_1_22' title='bbox 27 394 30 395; x_wconf 62' lang='grc'><strong><em>’</em></strong></span> <span class='ocrx_word' id='word_1_23' title='bbox 66 384 134 437; x_wconf 61' lang='lat' dir='ltr'><strong>&gt;t,</strong></span> <span class='ocrx_word' id='word_1_24' title='bbox 181 384 233 422; x_wconf 92' lang='lat' dir='ltr'><strong>ut</strong></span> <span class='ocrx_word' id='word_1_25' title='bbox 261 377 504 439; x_wconf 84' lang='lat' dir='ltr'><strong>proximae</strong></span> <span class='ocrx_word' id='word_1_26' title='bbox 537 376 678 423; x_wconf 90' lang='lat' dir='ltr'><strong>urbes</strong></span> <span class='ocrx_word' id='word_1_27' title='bbox 710 385 790 423; x_wconf 86' lang='lat' dir='ltr'><strong>aut</strong></span> <span class='ocrx_word' id='word_1_28' title='bbox 820 378 911 423; x_wconf 85' lang='lat' dir='ltr'><strong>iam</strong></span> <span class='ocrx_word' id='word_1_29' title='bbox 942 377 1097 424; x_wconf 89' lang='lat' dir='ltr'><strong>nullae</strong></span> <span class='ocrx_word' id='word_1_30' title='bbox 1138 385 1348 434; x_wconf 84' lang='lat' dir='ltr'><strong>exstent,</strong></span> <span class='ocrx_word' id='word_1_31' title='bbox 1396 386 1478 425; x_wconf 85' lang='lat' dir='ltr'><strong>aut</strong></span> <span class='ocrx_word' id='word_1_32' title='bbox 1521 377 1646 426; x_wconf 87' lang='lat' dir='ltr'><strong>idem</strong></span> 
     </span>
     <span class='ocr_line' id='line_1_7' title="bbox 3 439 1647 511; baseline 0.001 -18"><span class='ocrx_word' id='word_1_33' title='bbox 3 451 27 498; x_wconf 80' lang='lat'><strong>.&#39;</strong></span> <span class='ocrx_word' id='word_1_34' title='bbox 86 447 103 493; x_wconf 89' lang='lat' dir='ltr'><strong>i</strong></span> <span class='ocrx_word' id='word_1_35' title='bbox 134 445 193 494; x_wconf 88' lang='lat' dir='ltr'><strong>de</strong></span> <span class='ocrx_word' id='word_1_36' title='bbox 225 445 302 494; x_wconf 90' lang='lat' dir='ltr'><strong>die</strong></span> <span class='ocrx_word' id='word_1_37' title='bbox 334 439 542 509; x_wconf 75' lang='lat' dir='ltr'><strong>sperent.</strong></span> <span class='ocrx_word' id='word_1_38' title='bbox 604 446 850 494; x_wconf 86' lang='lat' dir='ltr'><strong>Dissiliunt</strong></span> <span class='ocrx_word' id='word_1_39' title='bbox 874 447 1195 511; x_wconf 88' lang='lat' dir='ltr'><strong>superbissimi</strong></span> <span class='ocrx_word' id='word_1_40' title='bbox 1221 456 1403 494; x_wconf 88' lang='lat' dir='ltr'><strong>montes</strong></span> <span class='ocrx_word' id='word_1_41' title='bbox 1428 449 1552 510; x_wconf 84' lang='lat' dir='ltr'><strong>ignis</strong></span> <span class='ocrx_word' id='word_1_42' title='bbox 1575 449 1647 494; x_wconf 91' lang='lat' dir='ltr'><strong>in-</strong></span> 
     </span>
     <span class='ocr_line' id='line_1_8' title="bbox 0 514 1645 582; baseline 0 -17"><span class='ocrx_word' id='word_1_43' title='bbox 0 517 244 568; x_wconf 70' lang='lat' dir='ltr'><strong>tmusecus</strong></span> <span class='ocrx_word' id='word_1_44' title='bbox 274 518 395 574; x_wconf 85' lang='lat' dir='ltr'><strong>fetu,</strong></span> <span class='ocrx_word' id='word_1_45' title='bbox 444 525 492 564; x_wconf 92' lang='lat' dir='ltr'><strong>et</strong></span> <span class='ocrx_word' id='word_1_46' title='bbox 531 516 655 579; x_wconf 89' lang='lat' dir='ltr'><strong>quod</strong></span> <span class='ocrx_word' id='word_1_47' title='bbox 695 518 830 564; x_wconf 91' lang='lat' dir='ltr'><strong>nobis</strong></span> <span class='ocrx_word' id='word_1_48' title='bbox 868 514 1031 564; x_wconf 87' lang='lat' dir='ltr'><strong>iudicii</strong></span> <span class='ocrx_word' id='word_1_49' title='bbox 1062 519 1427 581; x_wconf 79' lang='lat' dir='ltr'><strong>perpetuitatem</strong></span> <span class='ocrx_word' id='word_1_50' title='bbox 1458 519 1645 582; x_wconf 87' lang='lat' dir='ltr'><strong>probat,</strong></span> 
     </span>
     <span class='ocr_line' id='line_1_9' title="bbox 0 585 1644 651; baseline 0.002 -18"><span class='ocrx_word' id='word_1_51' title='bbox 0 598 119 643; x_wconf 63' lang='lat' dir='ltr'><strong>mm</strong></span> <span class='ocrx_word' id='word_1_52' title='bbox 147 585 401 644; x_wconf 83' lang='lat' dir='ltr'><strong>dissiliant,</strong></span> <span class='ocrx_word' id='word_1_53' title='bbox 437 603 540 633; x_wconf 91' lang='lat' dir='ltr'><strong>cum</strong></span> <span class='ocrx_word' id='word_1_54' title='bbox 572 586 883 645; x_wconf 84' lang='lat' dir='ltr'><strong>devorentur,</strong></span> <span class='ocrx_word' id='word_1_55' title='bbox 932 605 1163 651; x_wconf 91' lang='lat' dir='ltr'><strong>nunquam</strong></span> <span class='ocrx_word' id='word_1_56' title='bbox 1206 596 1366 635; x_wconf 72' lang='lat' dir='ltr'><strong>tamen</strong></span> <span class='ocrx_word' id='word_1_57' title='bbox 1406 590 1644 637; x_wconf 85' lang='lat' dir='ltr'><strong>finiuntur.</strong></span> 
     </span>
     <span class='ocr_line' id='line_1_10' title="bbox 0 645 1647 722; baseline 0.001 -16"><span class='ocrx_word' id='word_1_58' title='bbox 0 645 126 722; x_wconf 61' lang='lat' dir='ltr'><strong>*Quis</strong></span> <span class='ocrx_word' id='word_1_59' title='bbox 155 657 275 704; x_wconf 89' lang='lat' dir='ltr'><strong>haec</strong></span> <span class='ocrx_word' id='word_1_60' title='bbox 306 657 538 720; x_wconf 85' lang='lat' dir='ltr'><strong>supplicia</strong></span> <span class='ocrx_word' id='word_1_61' title='bbox 574 659 761 704; x_wconf 86' lang='lat' dir='ltr'><strong>interim</strong></span> <span class='ocrx_word' id='word_1_62' title='bbox 806 659 1030 706; x_wconf 91' lang='lat' dir='ltr'><strong>montium</strong></span> <span class='ocrx_word' id='word_1_63' title='bbox 1077 675 1170 704; x_wconf 90' lang='lat' dir='ltr'><strong>non</strong></span> <span class='ocrx_word' id='word_1_64' title='bbox 1217 657 1380 705; x_wconf 85' lang='lat' dir='ltr'><strong>iudicii</strong></span> <span class='ocrx_word' id='word_1_65' title='bbox 1426 661 1647 707; x_wconf 89' lang='lat' dir='ltr'><strong>minantis</strong></span> 
     </span>
     <span class='ocr_line' id='line_1_11' title="bbox 0 722 1647 798; baseline 0.002 -25"><span class='ocrx_word' id='word_1_66' title='bbox 0 722 300 792; x_wconf 62' lang='lat' dir='ltr'><strong>rmmplaria</strong></span> <span class='ocrx_word' id='word_1_67' title='bbox 331 726 605 798; x_wconf 77' lang='lat' dir='ltr'><strong>deputabit?</strong></span> <span class='ocrx_word' id='word_1_68' title='bbox 664 730 765 791; x_wconf 88' lang='lat' dir='ltr'><strong>quis</strong></span> <span class='ocrx_word' id='word_1_69' title='bbox 795 730 1038 775; x_wconf 87' lang='lat' dir='ltr'><strong>scintillas</strong></span> <span class='ocrx_word' id='word_1_70' title='bbox 1085 730 1203 775; x_wconf 88' lang='lat' dir='ltr'><strong>tales</strong></span> <span class='ocrx_word' id='word_1_71' title='bbox 1244 745 1337 774; x_wconf 90' lang='lat' dir='ltr'><strong>non</strong></span> <span class='ocrx_word' id='word_1_72' title='bbox 1369 731 1528 792; x_wconf 84' lang='lat' dir='ltr'><strong>magni</strong></span> <span class='ocrx_word' id='word_1_73' title='bbox 1561 731 1647 777; x_wconf 91' lang='lat' dir='ltr'><strong>ali-</strong></span> 
     </span>
     <span class='ocr_line' id='line_1_12' title="bbox 0 790 1647 866; baseline 0 -18"><span class='ocrx_word' id='word_1_74' title='bbox 0 799 143 853; x_wconf 48' lang='lat' dir='ltr'><strong>§chius</strong></span> <span class='ocrx_word' id='word_1_75' title='bbox 173 807 223 846; x_wconf 84' lang='lat' dir='ltr'><strong>et</strong></span> <span class='ocrx_word' id='word_1_76' title='bbox 250 790 607 866; x_wconf 46' lang='lat' dir='ltr'><strong>inaestimfflilis</strong></span> <span class='ocrx_word' id='word_1_77' title='bbox 637 799 735 845; x_wconf 88' lang='lat' dir='ltr'><strong>foci</strong></span> <span class='ocrx_word' id='word_1_78' title='bbox 766 799 961 847; x_wconf 88' lang='lat' dir='ltr'><strong>missilia</strong></span> <span class='ocrx_word' id='word_1_79' title='bbox 993 798 1223 862; x_wconf 86' lang='lat' dir='ltr'><strong>quaedam</strong></span> <span class='ocrx_word' id='word_1_80' title='bbox 1268 807 1318 845; x_wconf 89' lang='lat' dir='ltr'><strong>et</strong></span> <span class='ocrx_word' id='word_1_81' title='bbox 1355 802 1647 848; x_wconf 87' lang='lat' dir='ltr'><strong>exercitoria</strong></span> 
     </span>
     <span class='ocr_line' id='line_1_13' title="bbox 0 862 1646 932; baseline -0.003 -10"><span class='ocrx_word' id='word_1_82' title='bbox 0 867 164 928; x_wconf 49' lang='grc' dir='ltr'><strong>ὠνὴ</strong></span> <span class='ocrx_word' id='word_1_83' title='bbox 208 862 510 917; x_wconf 72' lang='lat' dir='ltr'><strong>consentiet?</strong></span> <span class='ocrx_word' id='word_1_84' title='bbox 560 867 727 931; x_wconf 87' lang='lat' dir='ltr'><strong>Igitur</strong></span> <span class='ocrx_word' id='word_1_85' title='bbox 772 886 875 916; x_wconf 91' lang='lat' dir='ltr'><strong>cum</strong></span> <span class='ocrx_word' id='word_1_86' title='bbox 922 870 1049 916; x_wconf 90' lang='lat' dir='ltr'><strong>scias</strong></span> <span class='ocrx_word' id='word_1_87' title='bbox 1091 868 1316 916; x_wconf 88' lang='lat' dir='ltr'><strong>adversus</strong></span> <span class='ocrx_word' id='word_1_88' title='bbox 1350 871 1646 932; x_wconf 84' lang='lat' dir='ltr'><strong>gehennam,</strong></span> 
     </span>
     <span class='ocr_line' id='line_1_14' title="bbox 0 938 1647 1006; baseline 0.001 -19"><span class='ocrx_word' id='word_1_89' title='bbox 0 948 122 1006; x_wconf 65' lang='lat' dir='ltr'><strong>ppost</strong></span> <span class='ocrx_word' id='word_1_90' title='bbox 140 941 295 1004; x_wconf 90' lang='lat' dir='ltr'><strong>prima</strong></span> <span class='ocrx_word' id='word_1_91' title='bbox 324 940 406 986; x_wconf 92' lang='lat' dir='ltr'><strong>illa</strong></span> <span class='ocrx_word' id='word_1_92' title='bbox 430 938 732 987; x_wconf 86' lang='lat' dir='ltr'><strong>intinctionis</strong></span> <span class='ocrx_word' id='word_1_93' title='bbox 761 938 1027 988; x_wconf 87' lang='lat' dir='ltr'><strong>dominicae</strong></span> <span class='ocrx_word' id='word_1_94' title='bbox 1059 940 1368 998; x_wconf 86' lang='lat' dir='ltr'><strong>munimenta,</strong></span> <span class='ocrx_word' id='word_1_95' title='bbox 1417 957 1522 988; x_wconf 92' lang='lat' dir='ltr'><strong>esse</strong></span> <span class='ocrx_word' id='word_1_96' title='bbox 1563 941 1647 992; x_wconf 88' lang='lat' dir='ltr'><strong>ad-</strong></span> 
     </span>
     <span class='ocr_line' id='line_1_15' title="bbox 0 1009 1647 1074; baseline 0.001 -16"><span class='ocrx_word' id='word_1_97' title='bbox 0 1012 100 1071; x_wconf 45' lang='lat' dir='ltr'><strong>hc</strong></span> <span class='ocrx_word' id='word_1_98' title='bbox 123 1011 178 1058; x_wconf 74' lang='lat' dir='ltr'><strong>‘in</strong></span> <span class='ocrx_word' id='word_1_99' title='bbox 209 1011 538 1074; x_wconf 80' lang='lat' dir='ltr'><strong>exomologesi</strong></span> <span class='ocrx_word' id='word_1_100' title='bbox 568 1009 777 1058; x_wconf 87' lang='lat' dir='ltr'><strong>secunda</strong></span> <span class='ocrx_word' id='word_1_101' title='bbox 807 1010 1039 1069; x_wconf 91' lang='lat' dir='ltr'><strong>subsidia,</strong></span> <span class='ocrx_word' id='word_1_102' title='bbox 1074 1027 1159 1058; x_wconf 90' lang='lat' dir='ltr'><strong>cur</strong></span> <span class='ocrx_word' id='word_1_103' title='bbox 1182 1011 1379 1058; x_wconf 88' lang='lat' dir='ltr'><strong>salutem</strong></span> <span class='ocrx_word' id='word_1_104' title='bbox 1405 1020 1532 1059; x_wconf 91' lang='lat' dir='ltr'><strong>tuam</strong></span> <span class='ocrx_word' id='word_1_105' title='bbox 1563 1011 1647 1060; x_wconf 90' lang='lat' dir='ltr'><strong>de-</strong></span> 
     </span>
     <span class='ocr_line' id='line_1_16' title="bbox 0 1081 1645 1145; baseline 0 -14"><span class='ocrx_word' id='word_1_106' title='bbox 0 1083 158 1138; x_wconf 65' lang='lat' dir='ltr'><strong>ame?</strong></span> <span class='ocrx_word' id='word_1_107' title='bbox 215 1097 301 1130; x_wconf 85' lang='lat' dir='ltr'><strong>cur</strong></span> <span class='ocrx_word' id='word_1_108' title='bbox 331 1097 490 1129; x_wconf 84' lang='lat' dir='ltr'><strong>cessas</strong></span> <span class='ocrx_word' id='word_1_109' title='bbox 496 1081 744 1144; x_wconf 85' lang='lat' dir='ltr'><strong>aggredi,</strong></span> <span class='ocrx_word' id='word_1_110' title='bbox 785 1081 908 1145; x_wconf 87' lang='lat' dir='ltr'><strong>quod</strong></span> <span class='ocrx_word' id='word_1_111' title='bbox 941 1084 1065 1130; x_wconf 90' lang='lat' dir='ltr'><strong>scias</strong></span> <span class='ocrx_word' id='word_1_112' title='bbox 1096 1081 1277 1129; x_wconf 87' lang='lat' dir='ltr'><strong>mederi</strong></span> <span class='ocrx_word' id='word_1_113' title='bbox 1309 1083 1427 1129; x_wconf 85' lang='lat' dir='ltr'><strong>tibi?</strong></span> <span class='ocrx_word' id='word_1_114' title='bbox 1483 1083 1645 1131; x_wconf 90' lang='lat' dir='ltr'><strong>Mutae</strong></span> 
     </span>
     <span class='ocr_line' id='line_1_17' title="bbox 0 1223 1649 1287; baseline 0.001 -17"><span class='ocrx_word' id='word_1_115' title='bbox 0 1224 144 1278; x_wconf 46' lang='lat' dir='ltr'><strong>*tas</strong></span> <span class='ocrx_word' id='word_1_116' title='bbox 174 1224 223 1270; x_wconf 86' lang='lat' dir='ltr'><strong>in</strong></span> <span class='ocrx_word' id='word_1_117' title='bbox 253 1231 467 1287; x_wconf 83' lang='lat' dir='ltr'><strong>tempore</strong></span> <span class='ocrx_word' id='word_1_118' title='bbox 501 1231 780 1286; x_wconf 84' lang='lat' dir='ltr'><strong>agnoscunt.</strong></span> <span class='ocrx_word' id='word_1_119' title='bbox 858 1223 1036 1271; x_wconf 88' lang='lat' dir='ltr'><strong>Cervus</strong></span> <span class='ocrx_word' id='word_1_120' title='bbox 1069 1225 1243 1286; x_wconf 87' lang='lat' dir='ltr'><strong>sagitta</strong></span> <span class='ocrx_word' id='word_1_121' title='bbox 1274 1224 1549 1282; x_wconf 83' lang='lat' dir='ltr'><strong>transfixus,</strong></span> <span class='ocrx_word' id='word_1_122' title='bbox 1596 1233 1649 1271; x_wconf 90' lang='lat' dir='ltr'><strong>ut</strong></span> 
     </span>
     <span class='ocr_line' id='line_1_18' title="bbox 0 1294 1648 1358; baseline 0.001 -17"><span class='ocrx_word' id='word_1_123' title='bbox 0 1294 186 1346; x_wconf 63' lang='lat' dir='ltr'><strong>ffel-rum</strong></span> <span class='ocrx_word' id='word_1_124' title='bbox 219 1301 268 1341; x_wconf 89' lang='lat' dir='ltr'><strong>et</strong></span> <span class='ocrx_word' id='word_1_125' title='bbox 296 1294 638 1341; x_wconf 85' lang='lat' dir='ltr'><strong>irrevocabiles</strong></span> <span class='ocrx_word' id='word_1_126' title='bbox 670 1310 826 1342; x_wconf 89' lang='lat' dir='ltr'><strong>moras</strong></span> <span class='ocrx_word' id='word_1_127' title='bbox 859 1295 959 1341; x_wconf 89' lang='lat' dir='ltr'><strong>eius</strong></span> <span class='ocrx_word' id='word_1_128' title='bbox 992 1294 1050 1342; x_wconf 91' lang='lat' dir='ltr'><strong>de</strong></span> <span class='ocrx_word' id='word_1_129' title='bbox 1075 1295 1270 1342; x_wconf 86' lang='lat' dir='ltr'><strong>vulnere</strong></span> <span class='ocrx_word' id='word_1_130' title='bbox 1298 1295 1522 1358; x_wconf 85' lang='lat' dir='ltr'><strong>expellat,</strong></span> <span class='ocrx_word' id='word_1_131' title='bbox 1556 1297 1648 1343; x_wconf 89' lang='lat' dir='ltr'><strong>scit</strong></span> 
     </span>
     <span class='ocr_line' id='line_1_19' title="bbox 0 1353 1644 1430; baseline 0.001 -18"><span class='ocrx_word' id='word_1_132' title='bbox 0 1362 98 1421; x_wconf 56' lang='lat' dir='ltr'><strong>cibi</strong></span> <span class='ocrx_word' id='word_1_133' title='bbox 126 1363 368 1412; x_wconf 87' lang='lat' dir='ltr'><strong>dictamno</strong></span> <span class='ocrx_word' id='word_1_134' title='bbox 392 1364 696 1412; x_wconf 85' lang='lat' dir='ltr'><strong>m.edendum</strong></span> <span class='ocrx_word' id='word_1_135' title='bbox 774 1353 1026 1423; x_wconf 83' lang='lat' dir='ltr'><strong>Hirundo,</strong></span> <span class='ocrx_word' id='word_1_136' title='bbox 1044 1367 1083 1412; x_wconf 91' lang='lat' dir='ltr'><strong>si</strong></span> <span class='ocrx_word' id='word_1_137' title='bbox 1116 1367 1454 1413; x_wconf 88' lang='lat' dir='ltr'><strong>excaecaverit</strong></span> <span class='ocrx_word' id='word_1_138' title='bbox 1474 1365 1644 1430; x_wconf 88' lang='lat' dir='ltr'><strong>pullos,</strong></span> 
     </span>
     <span class='ocr_line' id='line_1_20' title="bbox 0 1434 1647 1484; baseline 0 0"><span class='ocrx_word' id='word_1_139' title='bbox 0 1436 140 1484; x_wconf 65' lang='lat' dir='ltr'><strong>novit</strong></span> <span class='ocrx_word' id='word_1_140' title='bbox 169 1435 276 1482; x_wconf 91' lang='lat' dir='ltr'><strong>illos</strong></span> <span class='ocrx_word' id='word_1_141' title='bbox 309 1436 502 1483; x_wconf 91' lang='lat' dir='ltr'><strong>oculare</strong></span> <span class='ocrx_word' id='word_1_142' title='bbox 533 1452 694 1483; x_wconf 89' lang='lat' dir='ltr'><strong>rursus</strong></span> <span class='ocrx_word' id='word_1_143' title='bbox 726 1434 784 1482; x_wconf 93' lang='lat' dir='ltr'><strong>de</strong></span> <span class='ocrx_word' id='word_1_144' title='bbox 817 1452 900 1482; x_wconf 90' lang='lat' dir='ltr'><strong>sua</strong></span> <span class='ocrx_word' id='word_1_145' title='bbox 932 1435 1217 1483; x_wconf 90' lang='lat' dir='ltr'><strong>chelidonia.</strong></span> <span class='ocrx_word' id='word_1_146' title='bbox 1294 1435 1532 1484; x_wconf 90' lang='lat' dir='ltr'><strong>Peccator</strong></span> <span class='ocrx_word' id='word_1_147' title='bbox 1569 1453 1647 1484; x_wconf 91' lang='lat' dir='ltr'><strong>re-</strong></span> 
     </span>
     <span class='ocr_line' id='line_1_21' title="bbox 0 1497 1696 1590; baseline -0.002 -32"><span class='ocrx_word' id='word_1_148' title='bbox 0 1501 245 1590; x_wconf 47' lang='lat' dir='ltr'><strong>¹&amp;tuendo</strong></span> <span class='ocrx_word' id='word_1_149' title='bbox 292 1506 382 1553; x_wconf 86' lang='lat' dir='ltr'><strong>sibi</strong></span> <span class='ocrx_word' id='word_1_150' title='bbox 426 1507 684 1561; x_wconf 80' lang='lat' dir='ltr'><strong>institutam</strong></span> <span class='ocrx_word' id='word_1_151' title='bbox 731 1522 759 1553; x_wconf 93' lang='lat' dir='ltr'><strong>a</strong></span> <span class='ocrx_word' id='word_1_152' title='bbox 813 1497 1002 1553; x_wconf 85' lang='lat' dir='ltr'><strong>domino</strong></span> <span class='ocrx_word' id='word_1_153' title='bbox 1057 1507 1417 1570; x_wconf 86' lang='lat' dir='ltr'><strong>exomologesin</strong></span> <span class='ocrx_word' id='word_1_154' title='bbox 1471 1508 1648 1565; x_wconf 84' lang='lat' dir='ltr'><strong>sciens,</strong></span> <span class='ocrx_word' id='word_1_155' title='bbox 1690 1542 1696 1546; x_wconf 65' lang='grc'><strong>»</strong></span> 
     </span>
     <span class='ocr_line' id='line_1_22' title="bbox 127 1576 1647 1641; baseline 0 -17"><span class='ocrx_word' id='word_1_156' title='bbox 127 1576 290 1624; x_wconf 80' lang='lat' dir='ltr'><strong>teribit</strong></span> <span class='ocrx_word' id='word_1_157' title='bbox 319 1577 469 1635; x_wconf 88' lang='lat' dir='ltr'><strong>illam,</strong></span> <span class='ocrx_word' id='word_1_158' title='bbox 517 1594 636 1641; x_wconf 85' lang='lat' dir='ltr'><strong>quae</strong></span> <span class='ocrx_word' id='word_1_159' title='bbox 677 1576 991 1641; x_wconf 85' lang='lat' dir='ltr'><strong>Babylonium</strong></span> <span class='ocrx_word' id='word_1_160' title='bbox 1037 1593 1201 1640; x_wconf 85' lang='lat' dir='ltr'><strong>regem</strong></span> <span class='ocrx_word' id='word_1_161' title='bbox 1240 1578 1288 1624; x_wconf 91' lang='lat' dir='ltr'><strong>in</strong></span> <span class='ocrx_word' id='word_1_162' title='bbox 1326 1593 1476 1640; x_wconf 86' lang='lat' dir='ltr'><strong>regna</strong></span> <span class='ocrx_word' id='word_1_163' title='bbox 1506 1579 1647 1625; x_wconf 92' lang='lat' dir='ltr'><strong>resti-</strong></span> 
     </span>
     <span class='ocr_line' id='line_1_23' title="bbox 0 1626 1646 1713; baseline -0.001 -18"><span class='ocrx_word' id='word_1_164' title='bbox 0 1626 153 1702; x_wconf 56' lang='lat' dir='ltr'><strong>sitit?</strong></span> <span class='ocrx_word' id='word_1_165' title='bbox 181 1628 274 1695; x_wconf 72' lang='lat' dir='ltr'><strong>Diui</strong></span> <span class='ocrx_word' id='word_1_166' title='bbox 311 1649 435 1695; x_wconf 90' lang='lat' dir='ltr'><strong>enim</strong></span> <span class='ocrx_word' id='word_1_167' title='bbox 473 1649 815 1712; x_wconf 87' lang='lat' dir='ltr'><strong>poenitentiam</strong></span> <span class='ocrx_word' id='word_1_168' title='bbox 855 1647 1045 1695; x_wconf 91' lang='lat' dir='ltr'><strong>domino</strong></span> <span class='ocrx_word' id='word_1_169' title='bbox 1092 1648 1381 1706; x_wconf 90' lang='lat' dir='ltr'><strong>immolarat,</strong></span> <span class='ocrx_word' id='word_1_170' title='bbox 1429 1649 1646 1713; x_wconf 89' lang='lat' dir='ltr'><strong>septenni</strong></span> 
     </span>
     <span class='ocr_line' id='line_1_24' title="bbox 0 1719 1648 1785; baseline 0 -19"><span class='ocrx_word' id='word_1_171' title='bbox 0 1719 226 1785; x_wconf 50' lang='lat' dir='ltr'><strong>iffialore</strong></span> <span class='ocrx_word' id='word_1_172' title='bbox 259 1719 617 1782; x_wconf 84' lang='lat' dir='ltr'><strong>exomologesin</strong></span> <span class='ocrx_word' id='word_1_173' title='bbox 649 1727 895 1782; x_wconf 88' lang='lat' dir='ltr'><strong>operatus,</strong></span> <span class='ocrx_word' id='word_1_174' title='bbox 941 1720 1165 1781; x_wconf 88' lang='lat' dir='ltr'><strong>unguium</strong></span> <span class='ocrx_word' id='word_1_175' title='bbox 1197 1719 1436 1767; x_wconf 89' lang='lat' dir='ltr'><strong>leoninum</strong></span> <span class='ocrx_word' id='word_1_176' title='bbox 1467 1721 1515 1766; x_wconf 91' lang='lat' dir='ltr'><strong>in</strong></span> <span class='ocrx_word' id='word_1_177' title='bbox 1545 1736 1648 1767; x_wconf 90' lang='lat' dir='ltr'><strong>mo-</strong></span> 
     </span>
     <span class='ocr_line' id='line_1_25' title="bbox 0 1781 1647 1868; baseline -0.001 -30"><span class='ocrx_word' id='word_1_178' title='bbox 0 1781 116 1868; x_wconf 48' lang='grc' dir='ltr'><strong>ἰᾷ-</strong></span> <span class='ocrx_word' id='word_1_179' title='bbox 146 1790 428 1838; x_wconf 84' lang='lat' dir='ltr'><strong>efferatione</strong></span> <span class='ocrx_word' id='word_1_180' title='bbox 460 1799 510 1837; x_wconf 88' lang='lat' dir='ltr'><strong>et</strong></span> <span class='ocrx_word' id='word_1_181' title='bbox 541 1791 700 1854; x_wconf 90' lang='lat' dir='ltr'><strong>capilli</strong></span> <span class='ocrx_word' id='word_1_182' title='bbox 731 1791 915 1836; x_wconf 88' lang='lat' dir='ltr'><strong>incuria</strong></span> <span class='ocrx_word' id='word_1_183' title='bbox 945 1789 1194 1837; x_wconf 89' lang='lat' dir='ltr'><strong>horrorem</strong></span> <span class='ocrx_word' id='word_1_184' title='bbox 1227 1791 1481 1853; x_wconf 84' lang='lat' dir='ltr'><strong>aquilinum</strong></span> <span class='ocrx_word' id='word_1_185' title='bbox 1505 1806 1647 1853; x_wconf 89' lang='lat' dir='ltr'><strong>prae—</strong></span> 
     </span>
     <span class='ocr_line' id='line_1_26' title="bbox 0 1854 1647 1924; baseline 0.001 -17"><span class='ocrx_word' id='word_1_186' title='bbox 0 1854 208 1914; x_wconf 57' lang='lat' dir='ltr'><strong>lfflnte.</strong></span> <span class='ocrx_word' id='word_1_187' title='bbox 269 1859 397 1908; x_wconf 83' lang='lat' dir='ltr'><strong>Proh</strong></span> <span class='ocrx_word' id='word_1_188' title='bbox 427 1861 578 1908; x_wconf 89' lang='lat' dir='ltr'><strong>malae</strong></span> <span class='ocrx_word' id='word_1_189' title='bbox 610 1860 934 1907; x_wconf 81' lang='lat' dir='ltr'><strong>tractationis!</strong></span> <span class='ocrx_word' id='word_1_190' title='bbox 999 1859 1145 1918; x_wconf 87' lang='lat' dir='ltr'><strong>Quem</strong></span> <span class='ocrx_word' id='word_1_191' title='bbox 1192 1859 1408 1907; x_wconf 91' lang='lat' dir='ltr'><strong>homines</strong></span> <span class='ocrx_word' id='word_1_192' title='bbox 1445 1861 1647 1924; x_wconf 87' lang='lat' dir='ltr'><strong>perhor-</strong></span> 
     </span>
     <span class='ocr_line' id='line_1_27' title="bbox 0 1928 1649 1995; baseline -0.001 -16"><span class='ocrx_word' id='word_1_193' title='bbox 0 1929 198 1990; x_wconf 45' lang='lat' dir='ltr'><strong>&gt;faianu</strong></span> <span class='ocrx_word' id='word_1_194' title='bbox 245 1930 361 1979; x_wconf 88' lang='lat' dir='ltr'><strong>deus</strong></span> <span class='ocrx_word' id='word_1_195' title='bbox 390 1931 671 1995; x_wconf 77' lang='lat' dir='ltr'><strong>recipiebat.</strong></span> <span class='ocrx_word' id='word_1_196' title='bbox 734 1930 913 1978; x_wconf 88' lang='lat' dir='ltr'><strong>Contra</strong></span> <span class='ocrx_word' id='word_1_197' title='bbox 944 1939 1100 1978; x_wconf 91' lang='lat' dir='ltr'><strong>autem</strong></span> <span class='ocrx_word' id='word_1_198' title='bbox 1129 1928 1398 1994; x_wconf 87' lang='lat' dir='ltr'><strong>Aegyptius</strong></span> <span class='ocrx_word' id='word_1_199' title='bbox 1443 1932 1649 1995; x_wconf 90' lang='lat' dir='ltr'><strong>impera-</strong></span> 
     </span>
     <span class='ocr_line' id='line_1_28' title="bbox 0 1989 1648 2084; baseline 0 -36"><span class='ocrx_word' id='word_1_200' title='bbox 0 2007 106 2060; x_wconf 55' lang='lat' dir='ltr'><strong>ufir,</strong></span> <span class='ocrx_word' id='word_1_201' title='bbox 141 2002 218 2066; x_wconf 93' lang='lat' dir='ltr'><strong>qui</strong></span> <span class='ocrx_word' id='word_1_202' title='bbox 247 2002 468 2066; x_wconf 88' lang='lat' dir='ltr'><strong>populum</strong></span> <span class='ocrx_word' id='word_1_203' title='bbox 501 2001 578 2049; x_wconf 89' lang='lat' dir='ltr'><strong>dei</strong></span> <span class='ocrx_word' id='word_1_204' title='bbox 609 2000 862 2084; x_wconf 89' lang='lat' dir='ltr'><strong>aliquando</strong></span> <span class='ocrx_word' id='word_1_205' title='bbox 901 1989 1190 2059; x_wconf 87' lang='lat' dir='ltr'><strong>afflictum,</strong></span> <span class='ocrx_word' id='word_1_206' title='bbox 1198 2000 1278 2048; x_wconf 88' lang='lat' dir='ltr'><strong>diu</strong></span> <span class='ocrx_word' id='word_1_207' title='bbox 1326 2000 1516 2051; x_wconf 84' lang='lat' dir='ltr'><strong>domino</strong></span> <span class='ocrx_word' id='word_1_208' title='bbox 1562 2017 1648 2049; x_wconf 94' lang='lat' dir='ltr'><strong>suo</strong></span> 
     </span>
     <span class='ocr_line' id='line_1_29' title="bbox 0 2068 1648 2154; baseline -0.001 -34"><span class='ocrx_word' id='word_1_209' title='bbox 0 2068 315 2138; x_wconf 59' lang='grc' dir='ltr'><strong>ιδειιθςαῑιιιιι,</strong></span> <span class='ocrx_word' id='word_1_210' title='bbox 360 2081 640 2136; x_wconf 81' lang='lat' dir='ltr'><strong>persecutus</strong></span> <span class='ocrx_word' id='word_1_211' title='bbox 685 2074 732 2120; x_wconf 91' lang='lat' dir='ltr'><strong>in</strong></span> <span class='ocrx_word' id='word_1_212' title='bbox 775 2073 1006 2154; x_wconf 77' lang='lat' dir='ltr'><strong>proelium</strong></span> <span class='ocrx_word' id='word_1_213' title='bbox 1046 2072 1208 2129; x_wconf 87' lang='lat' dir='ltr'><strong>irruit,</strong></span> <span class='ocrx_word' id='word_1_214' title='bbox 1254 2080 1364 2135; x_wconf 89' lang='lat' dir='ltr'><strong>post</strong></span> <span class='ocrx_word' id='word_1_215' title='bbox 1393 2081 1467 2119; x_wconf 88' lang='lat' dir='ltr'><strong>tot</strong></span> <span class='ocrx_word' id='word_1_216' title='bbox 1497 2071 1648 2120; x_wconf 90' lang='lat' dir='ltr'><strong>docu-</strong></span> 
     </span>
     <span class='ocr_line' id='line_1_30' title="bbox 84 2141 1648 2208; baseline 0 -18"><span class='ocrx_word' id='word_1_217' title='bbox 84 2152 163 2196; x_wconf 77' lang='lat' dir='ltr'><strong>nta</strong></span> <span class='ocrx_word' id='word_1_218' title='bbox 182 2143 460 2208; x_wconf 19' lang='lat' dir='ltr'><strong>Wplagarum</strong></span> <span class='ocrx_word' id='word_1_219' title='bbox 494 2142 696 2191; x_wconf 89' lang='lat' dir='ltr'><strong>discidio</strong></span> <span class='ocrx_word' id='word_1_220' title='bbox 728 2144 893 2200; x_wconf 89' lang='lat' dir='ltr'><strong>maris,</strong></span> <span class='ocrx_word' id='word_1_221' title='bbox 942 2141 1067 2206; x_wconf 90' lang='lat' dir='ltr'><strong>quod</strong></span> <span class='ocrx_word' id='word_1_222' title='bbox 1106 2143 1195 2190; x_wconf 92' lang='lat' dir='ltr'><strong>soli</strong></span> <span class='ocrx_word' id='word_1_223' title='bbox 1225 2143 1401 2206; x_wconf 94' lang='lat' dir='ltr'><strong>populo</strong></span> <span class='ocrx_word' id='word_1_224' title='bbox 1433 2158 1540 2207; x_wconf 74' lang='lat' dir='ltr'><strong>per:</strong></span> <span class='ocrx_word' id='word_1_225' title='bbox 1539 2144 1648 2190; x_wconf 83' lang='grc' dir='ltr'><strong>7ἰιιιιι</strong></span> 
     </span>
     <span class='ocr_line' id='line_1_31' title="bbox 74 2212 1647 2278; baseline -0.002 -15"><span class='ocrx_word' id='word_1_226' title='bbox 74 2214 206 2272; x_wconf 69' lang='lat' dir='ltr'><strong>ebat,</strong></span> <span class='ocrx_word' id='word_1_227' title='bbox 239 2214 468 2262; x_wconf 89' lang='lat' dir='ltr'><strong>revolutis</strong></span> <span class='ocrx_word' id='word_1_228' title='bbox 498 2212 718 2262; x_wconf 88' lang='lat' dir='ltr'><strong>fluctibus</strong></span> <span class='ocrx_word' id='word_1_229' title='bbox 747 2215 887 2278; x_wconf 88' lang='lat' dir='ltr'><strong>perit.</strong></span> <span class='ocrx_word' id='word_1_230' title='bbox 951 2213 1298 2261; x_wconf 81' lang='lat' dir='ltr'><strong>poenitentiam</strong></span> <span class='ocrx_word' id='word_1_231' title='bbox 1332 2215 1455 2261; x_wconf 89' lang='lat' dir='ltr'><strong>enim</strong></span> <span class='ocrx_word' id='word_1_232' title='bbox 1482 2223 1531 2262; x_wconf 87' lang='lat' dir='ltr'><strong>et</strong></span> <span class='ocrx_word' id='word_1_233' title='bbox 1560 2214 1647 2261; x_wconf 80' lang='lat' dir='ltr'><strong>mi-</strong></span> 
     </span>
     <span class='ocr_line' id='line_1_32' title="bbox 8 2279 1645 2349; baseline -0.002 -15"><span class='ocrx_word' id='word_1_234' title='bbox 8 2279 250 2341; x_wconf 55' lang='lat' dir='ltr'><strong>*terium</strong></span> <span class='ocrx_word' id='word_1_235' title='bbox 281 2286 382 2332; x_wconf 87' lang='lat' dir='ltr'><strong>eius</strong></span> <span class='ocrx_word' id='word_1_236' title='bbox 414 2286 772 2349; x_wconf 84' lang='lat' dir='ltr'><strong>exomologesin</strong></span> <span class='ocrx_word' id='word_1_237' title='bbox 803 2285 1065 2332; x_wconf 86' lang='lat' dir='ltr'><strong>abiecerat.</strong></span> <span class='ocrx_word' id='word_1_238' title='bbox 1143 2283 1266 2343; x_wconf 83' lang='lat' dir='ltr'><strong>Quid</strong></span> <span class='ocrx_word' id='word_1_239' title='bbox 1305 2300 1397 2348; x_wconf 87' lang='lat' dir='ltr'><strong>ego</strong></span> <span class='ocrx_word' id='word_1_240' title='bbox 1428 2280 1554 2332; x_wconf 86' lang='lat' dir='ltr'><strong>ultra</strong></span> <span class='ocrx_word' id='word_1_241' title='bbox 1586 2283 1645 2332; x_wconf 84' lang='lat' dir='ltr'><strong>de</strong></span> 
     </span>
     <span class='ocr_line' id='line_1_33' title="bbox 8 2352 1646 2420; baseline -0.001 -16"><span class='ocrx_word' id='word_1_242' title='bbox 8 2352 109 2416; x_wconf 55' lang='lat' dir='ltr'><strong>&amp;tis</strong></span> <span class='ocrx_word' id='word_1_243' title='bbox 139 2354 317 2404; x_wconf 91' lang='lat' dir='ltr'><strong>duabus</strong></span> <span class='ocrx_word' id='word_1_244' title='bbox 348 2356 577 2404; x_wconf 90' lang='lat' dir='ltr'><strong>humanae</strong></span> <span class='ocrx_word' id='word_1_245' title='bbox 610 2357 772 2409; x_wconf 85' lang='lat' dir='ltr'><strong>salutis</strong></span> <span class='ocrx_word' id='word_1_246' title='bbox 805 2357 936 2420; x_wconf 90' lang='lat' dir='ltr'><strong>quasi</strong></span> <span class='ocrx_word' id='word_1_247' title='bbox 967 2356 1127 2420; x_wconf 90' lang='lat' dir='ltr'><strong>pharis</strong></span> <span class='ocrx_word' id='word_1_248' title='bbox 1146 2357 1216 2415; x_wconf 88' lang='lat'><strong>1),</strong></span> <span class='ocrx_word' id='word_1_249' title='bbox 1251 2356 1347 2402; x_wconf 89' lang='lat' dir='ltr'><strong>stili</strong></span> <span class='ocrx_word' id='word_1_250' title='bbox 1372 2356 1530 2419; x_wconf 89' lang='lat' dir='ltr'><strong>potius</strong></span> <span class='ocrx_word' id='word_1_251' title='bbox 1562 2370 1646 2402; x_wconf 90' lang='lat' dir='ltr'><strong>ne-</strong></span> 
     </span>
     <span class='ocr_line' id='line_1_34' title="bbox 7 2425 1646 2493; baseline -0.002 -18"><span class='ocrx_word' id='word_1_252' title='bbox 7 2427 184 2493; x_wconf 61' lang='lat' dir='ltr'><strong>‘mium</strong></span> <span class='ocrx_word' id='word_1_253' title='bbox 217 2443 352 2491; x_wconf 90' lang='lat' dir='ltr'><strong>quam</strong></span> <span class='ocrx_word' id='word_1_254' title='bbox 385 2427 593 2474; x_wconf 82' lang='lat' dir='ltr'><strong>officium</strong></span> <span class='ocrx_word' id='word_1_255' title='bbox 626 2427 950 2475; x_wconf 89' lang='lat' dir='ltr'><strong>conscientiae</strong></span> <span class='ocrx_word' id='word_1_256' title='bbox 983 2442 1117 2475; x_wconf 89' lang='lat' dir='ltr'><strong>meae</strong></span> <span class='ocrx_word' id='word_1_257' title='bbox 1151 2442 1321 2473; x_wconf 88' lang='lat' dir='ltr'><strong>curans</strong></span> <span class='ocrx_word' id='word_1_258' title='bbox 1339 2426 1419 2484; x_wconf 74' lang='grc' dir='ltr'><strong>2)’.Ρ</strong></span> <span class='ocrx_word' id='word_1_259' title='bbox 1464 2425 1646 2472; x_wconf 89' lang='lat' dir='ltr'><strong>Pecca-</strong></span> 
     </span>
     <span class='ocr_line' id='line_1_35' title="bbox 7 2495 1646 2558; baseline -0.002 -13"><span class='ocrx_word' id='word_1_260' title='bbox 7 2495 106 2557; x_wconf 97' lang='grc' dir='ltr'><strong>ᾖε</strong></span> <span class='ocrx_word' id='word_1_261' title='bbox 107 2499 236 2545; x_wconf 88' lang='lat' dir='ltr'><strong>enim</strong></span> <span class='ocrx_word' id='word_1_262' title='bbox 268 2496 469 2552; x_wconf 85' lang='lat' dir='ltr'><strong>omnium</strong></span> <span class='ocrx_word' id='word_1_263' title='bbox 502 2506 718 2545; x_wconf 88' lang='lat' dir='ltr'><strong>notarum</strong></span> <span class='ocrx_word' id='word_1_264' title='bbox 750 2514 854 2546; x_wconf 93' lang='lat' dir='ltr'><strong>cum</strong></span> <span class='ocrx_word' id='word_1_265' title='bbox 885 2498 995 2554; x_wconf 91' lang='lat' dir='ltr'><strong>sim,</strong></span> <span class='ocrx_word' id='word_1_266' title='bbox 1043 2512 1132 2544; x_wconf 90' lang='lat' dir='ltr'><strong>nec</strong></span> <span class='ocrx_word' id='word_1_267' title='bbox 1177 2496 1260 2542; x_wconf 94' lang='lat' dir='ltr'><strong>ulli</strong></span> <span class='ocrx_word' id='word_1_268' title='bbox 1298 2496 1370 2542; x_wconf 88' lang='lat' dir='ltr'><strong>rei</strong></span> <span class='ocrx_word' id='word_1_269' title='bbox 1410 2496 1498 2542; x_wconf 91' lang='lat' dir='ltr'><strong>nisi</strong></span> <span class='ocrx_word' id='word_1_270' title='bbox 1529 2510 1646 2558; x_wconf 89' lang='lat' dir='ltr'><strong>poe-</strong></span> 
     </span>
     <span class='ocr_line' id='line_1_36' title="bbox 31 2559 1645 2631; baseline -0.003 -15"><span class='ocrx_word' id='word_1_271' title='bbox 31 2627 34 2629; x_wconf 27' lang='lat'>·</span> <span class='ocrx_word' id='word_1_272' title='bbox 106 2559 233 2616; x_wconf 77' lang='lat' dir='ltr'><strong>ntiae</strong></span> <span class='ocrx_word' id='word_1_273' title='bbox 266 2577 425 2626; x_wconf 89' lang='lat' dir='ltr'><strong>natus,</strong></span> <span class='ocrx_word' id='word_1_274' title='bbox 459 2585 552 2618; x_wconf 81' lang='lat' dir='ltr'><strong>non</strong></span> <span class='ocrx_word' id='word_1_275' title='bbox 572 2569 726 2616; x_wconf 71' lang='lat' dir='ltr'><strong>facile</strong></span> <span class='ocrx_word' id='word_1_276' title='bbox 757 2583 947 2631; x_wconf 32' lang='lat' dir='ltr'><strong>pos-sum</strong></span> <span class='ocrx_word' id='word_1_277' title='bbox 979 2582 1121 2629; x_wconf 89' lang='lat' dir='ltr'><strong>super</strong></span> <span class='ocrx_word' id='word_1_278' title='bbox 1150 2567 1233 2612; x_wconf 85' lang='lat' dir='ltr'><strong>illa</strong></span> <span class='ocrx_word' id='word_1_279' title='bbox 1269 2574 1458 2622; x_wconf 85' lang='lat' dir='ltr'><strong>tacere,</strong></span> <span class='ocrx_word' id='word_1_280' title='bbox 1508 2581 1645 2628; x_wconf 90' lang='lat' dir='ltr'><strong>quam</strong></span> 
     </span>
     <span class='ocr_line' id='line_1_37' title="bbox 63 2634 1644 2705; baseline -0.003 -19"><span class='ocrx_word' id='word_1_281' title='bbox 63 2690 69 2695; x_wconf 55' lang='grc'>,</span> <span class='ocrx_word' id='word_1_282' title='bbox 112 2680 113 2683; x_wconf 69' lang='grc'>,</span> <span class='ocrx_word' id='word_1_283' title='bbox 141 2654 325 2705; x_wconf 87' lang='lat' dir='ltr'><strong>quoque</strong></span> <span class='ocrx_word' id='word_1_284' title='bbox 357 2647 407 2691; x_wconf 86' lang='lat' dir='ltr'><strong>et</strong></span> <span class='ocrx_word' id='word_1_285' title='bbox 429 2637 587 2702; x_wconf 88' lang='lat' dir='ltr'><strong>stirpis</strong></span> <span class='ocrx_word' id='word_1_286' title='bbox 611 2639 841 2687; x_wconf 87' lang='lat' dir='ltr'><strong>humanae</strong></span> <span class='ocrx_word' id='word_1_287' title='bbox 868 2645 918 2683; x_wconf 86' lang='lat' dir='ltr'><strong>et</strong></span> <span class='ocrx_word' id='word_1_288' title='bbox 943 2636 1153 2683; x_wconf 86' lang='lat' dir='ltr'><strong>offensae</strong></span> <span class='ocrx_word' id='word_1_289' title='bbox 1179 2637 1226 2682; x_wconf 90' lang='lat' dir='ltr'><strong>in</strong></span> <span class='ocrx_word' id='word_1_290' title='bbox 1252 2634 1488 2694; x_wconf 88' lang='lat' dir='ltr'><strong>dominum</strong></span> <span class='ocrx_word' id='word_1_291' title='bbox 1512 2636 1644 2699; x_wconf 89' lang='lat' dir='ltr'><strong>prin-</strong></span> 
     </span>
     <span class='ocr_line' id='line_1_38' title="bbox 111 2705 1643 2773; baseline -0.005 -13"><span class='ocrx_word' id='word_1_292' title='bbox 111 2707 328 2770; x_wconf 47' lang='lat' dir='ltr'><strong>„Adam,</strong></span> <span class='ocrx_word' id='word_1_293' title='bbox 361 2710 688 2773; x_wconf 81' lang='lat' dir='ltr'><strong>exomologesi</strong></span> <span class='ocrx_word' id='word_1_294' title='bbox 719 2708 963 2757; x_wconf 88' lang='lat' dir='ltr'><strong>restitutus</strong></span> <span class='ocrx_word' id='word_1_295' title='bbox 994 2708 1042 2754; x_wconf 91' lang='lat' dir='ltr'><strong>in</strong></span> <span class='ocrx_word' id='word_1_296' title='bbox 1066 2705 1335 2771; x_wconf 84' lang='lat' dir='ltr'><strong>paradisum</strong></span> <span class='ocrx_word' id='word_1_297' title='bbox 1368 2722 1514 2764; x_wconf 90' lang='lat' dir='ltr'><strong>suum,</strong></span> <span class='ocrx_word' id='word_1_298' title='bbox 1548 2722 1643 2754; x_wconf 89' lang='lat' dir='ltr'><strong>non</strong></span> 
     </span>
    </p>

    <p class='ocr_par' dir='ltr' id='par_1_4' title="bbox 87 2788 151 2828">
     <span class='ocr_line' id='line_1_39' title="bbox 87 2788 151 2828; baseline 0 -1"><span class='ocrx_word' id='word_1_299' title='bbox 87 2788 151 2828; x_wconf 73' lang='lat' dir='ltr'><strong>et.</strong></span> 
     </span>
    </p>
   </div>
   <div class='ocr_carea' id='block_1_4' title="bbox 0 2887 1640 3110">
    <p class='ocr_par' dir='ltr' id='par_1_5' title="bbox 0 2887 1640 3099">
     <span class='ocr_line' id='line_1_40' title="bbox 5 2887 1640 2957; baseline -0.001 -12.999"><span class='ocrx_word' id='word_1_300' title='bbox 5 2887 33 2957; x_wconf 53' lang='grc' dir='ltr'><strong>ᾖα</strong></span> <span class='ocrx_word' id='word_1_301' title='bbox 121 2907 167 2955; x_wconf 82' lang='grc'><strong>1)</strong></span> <span class='ocrx_word' id='word_1_302' title='bbox 184 2907 342 2945; x_wconf 85' lang='lat' dir='ltr'><strong>Locum</strong></span> <span class='ocrx_word' id='word_1_303' title='bbox 359 2907 472 2946; x_wconf 85' lang='lat' dir='ltr'><strong>hunc</strong></span> <span class='ocrx_word' id='word_1_304' title='bbox 490 2909 736 2956; x_wconf 78' lang='lat' dir='ltr'><strong>corruptum</strong></span> <span class='ocrx_word' id='word_1_305' title='bbox 755 2908 1001 2946; x_wconf 82' lang='lat' dir='ltr'><strong>emendasse</strong></span> <span class='ocrx_word' id='word_1_306' title='bbox 1019 2906 1099 2945; x_wconf 84' lang='lat' dir='ltr'><strong>sibi</strong></span> <span class='ocrx_word' id='word_1_307' title='bbox 1114 2906 1230 2944; x_wconf 74' lang='lat' dir='ltr'><strong>visun</strong></span> <span class='ocrx_word' id='word_1_308' title='bbox 1248 2907 1317 2944; x_wconf 79' lang='lat' dir='ltr'><strong>est</strong></span> <span class='ocrx_word' id='word_1_309' title='bbox 1328 2901 1560 2955; x_wconf 73' lang='lat' dir='ltr'><strong>Rigastius,</strong></span> <span class='ocrx_word' id='word_1_310' title='bbox 1579 2905 1640 2943; x_wconf 82' lang='lat' dir='ltr'><strong>ita</strong></span> 
     </span>
     <span class='ocr_line' id='line_1_41' title="bbox 5 2957 1638 3031; baseline -0.001 -30"><span class='ocrx_word' id='word_1_311' title='bbox 5 2957 244 3031; x_wconf 51' lang='lat' dir='ltr'><strong>§bi-rigqps:</strong></span> <span class='ocrx_word' id='word_1_312' title='bbox 259 2963 425 3011; x_wconf 61' lang='lat' dir='ltr'><strong>quasi</strong></span> <span class='ocrx_word' id='word_1_313' title='bbox 449 2964 669 3013; x_wconf 76' lang='lat' dir='ltr'><strong>plancis.</strong></span> <span class='ocrx_word' id='word_1_314' title='bbox 730 2958 834 3003; x_wconf 85' lang='lat' dir='ltr'><strong>Edd.</strong></span> <span class='ocrx_word' id='word_1_315' title='bbox 859 2965 1050 3012; x_wconf 83' lang='lat' dir='ltr'><strong>reliquae</strong></span> <span class='ocrx_word' id='word_1_316' title='bbox 1073 2974 1240 3003; x_wconf 74' lang='lat' dir='ltr'><strong>omnen·</strong></span> <span class='ocrx_word' id='word_1_317' title='bbox 1265 2962 1418 3020; x_wconf 77' lang='lat' dir='ltr'><strong>quasi</strong></span> <span class='ocrx_word' id='word_1_318' title='bbox 1441 2962 1638 3011; x_wconf 73' lang='lat' dir='ltr'><strong>pharia.</strong></span> 
     </span>
     <span class='ocr_line' id='line_1_42' title="bbox 0 3012 1403 3110; baseline -0.004 -51"><span class='ocrx_word' id='word_1_319' title='bbox 0 3012 208 3110; x_wconf 39' lang='lat' dir='ltr'><strong>&amp;Latum</strong></span> <span class='ocrx_word' id='word_1_320' title='bbox 227 3021 427 3060; x_wconf 58' lang='lat' dir='ltr'><strong>curem?</strong></span> <span class='ocrx_word' id='word_1_321' title='bbox 1399 3040 1403 3044; x_wconf 93' lang='lat'>-</span> 
     </span>
    </p>
   </div>
   <div class='ocr_carea' id='block_1_5' title="bbox 550 3097 1093 3120">
    <p class='ocr_par' dir='ltr' id='par_1_6' title="bbox 550 3097 1093 3120">
     <span class='ocr_line' id='line_1_43' title="bbox 550 3097 1093 3120; baseline 0 -2"><span class='ocrx_word' id='word_1_322' title='bbox 550 3097 1093 3120; x_wconf 69' lang='lat'><em>-·-—·—-—-—————</em></span> 
     </span>
    </p>
   </div>
  </div>
 </body>
</html>
