1942 3554
1786 38 1789 49 ’
1863 0 1930 183 'l

295 225 426 270 196
710 225 792 262 DE
820 223 1090 261 1E1UN11s
1120 222 1263 261 Anv.
1291 222 1502 261 Psv-cn.
1896 202 1920 283 ‘¹⁶³—

293 349 341 387 tu
371 339 573 403 psallere
605 353 697 383 non
727 337 868 383 facile
901 338 1046 393 nosti,
1079 337 1167 383 nisi
1199 352 1288 399 (plo
1319 345 1532 402 tempore
1564 348 1686 386 cum-
1705 338 1921 405 complu-&⁸³

291 411 422 458 ribus
454 423 642 454 coenas.
705 405 973 454 Conventus
1003 415 1158 454 autem
1188 407 1256 454 illi
1295 406 1573 458 stationibus
1602 410 1730 473 prius
1767 419 1816 457 et
1840 406 1942 481 ite-{J

291 478 606 528 iunationibus
638 478 844 539 operati,
892 475 1054 525 dolere
1089 494 1193 525 cum
1224 477 1513 537 dolentibus,
1559 488 1608 527 et
1637 480 1703 527 ita
1732 479 1836 528 dem
1896 486 1899 534 j

293 547 593 612 congaudere
626 544 935 609 gaudentibus
967 557 1151 595 norunt.
1215 546 1266 595 Si
1305 558 1354 596 et
1381 551 1472 597 ista
1509 543 1782 609 sollemnia‚‘
1816 552 1901 615 qu''

289 621 375 668 bus
414 628 524 666 tunc
569 633 794 682 praesens
838 620 1162 682 patrocinatus
1201 627 1275 666 est
1311 635 1488 678 serino,
1520 637 1606 668 nos
1646 637 1828 685 quoque
1865 623 1882 670 i
1913 651 1921 684 ἶ

290 690 491 738 diversis
520 689 777 753 provinciis
806 689 1043 752 fungimur
1071 691 1119 737 in
1145 690 1310 754 spiritu
1332 691 1532 739 invicem
1554 685 1919 756 repraesentata}

290 762 371 809 lex
400 769 473 808 est
503 761 801 807 sacramenti.
1432 799 1434 801 .
1868 775 1869 779 ’

438 835 518 882 14.
609 830 785 877 Horum
829 831 978 894 igitur
1019 839 1236 895 tempora
1281 831 1587 881 observantes
1631 841 1681 880 et
1724 831 1826 880 dies
1866 835 1919 882 et*

293 917 478 950 meuses
511 909 560 948 et
588 917 735 948 annos
767 902 1078 964 galaticamur
1093 903 1137 962 ¹)
1170 903 1325 966 plane,
1358 904 1397 950 si
1427 902 1722 951 Iudaicarum
1753 910 1918 951 caere-¹

292 974 582 1030 moniarum,
631 973 670 1018 si
716 972 936 1034 legalium
981 973 1343 1020 sollemnitatum
1390 973 1695 1021 observantes
1739 990 1917 1034 sumusg

291 1044 397 1090 illas
429 1043 552 1089 enim
583 1042 823 1106 apostolus
855 1041 1061 1089 dedocet
1099 1059 1406 1107 compescens
1435 1046 1612 1092 veteris
1649 1047 1919 1092 testamenti

293 1115 342 1160 in
382 1112 571 1159 Christo
611 1112 1220 1175 sepultiperseverantiam
1259 1123 1308 1161 et
1343 1115 1451 1161 novi
1490 1116 1675 1162 sistens.
1743 1114 1919 1173 Quods¹

293 1199 417 1230 nova
448 1181 658 1229 conditio
690 1182 736 1228 in
769 1181 957 1229 Christo
972 1183 1043 1243 ²),
1075 1200 1196 1230 nova
1211 1185 1257 1242 ²)
1290 1192 1340 1231 et
1368 1185 1612 1232 sollemnia
1641 1201 1745 1232 esse
1777 1184 1922 1233 debe-

293 1253 432 1311 bunt3
467 1260 548 1300 aut
577 1254 617 1299 si
649 1268 832 1299 omnem
863 1254 910 1300 in
941 1262 1090 1300 totum
1122 1253 1421 1301 devotionem
1451 1248 1712 1319 temporum
1743 1264 1792 1302 et
1822 1254 1922 1303 die-

294 1340 396 1371 rum
437 1331 485 1370 et
515 1324 739 1370 mensium
778 1331 828 1370 et
865 1339 1091 1370 annorum
1130 1326 1275 1372 erasit
1312 1326 1707 1388 apostolus‚-cur
1748 1326 1935 1389 paschae

295 1394 590 1442 celebramus
637 1410 791 1440 annuo
839 1395 1018 1442 circulo
1059 1395 1106 1440 in
1145 1409 1304 1443 mense
1341 1396 1523 1459 primo?
1581 1412 1667 1443 cur
1696 1398 1921 1460 quinqua*-

253 1514 257 1523 ,
296 1466 428 1528 ginta
459 1463 629 1511 exinde
663 1463 827 1511 diebus
858 1465 905 1511 in
945 1466 1070 1512 omni
1109 1466 1421 1514 exsultatione
1461 1465 1781 1514 decurrimus?
1840 1482 1924 1516 cur

296 1535 576 1583 stationibus
617 1544 825 1598 quartam
872 1544 920 1583 et
964 1545 1143 1583 sextam
1189 1535 1370 1584 sabbati
1410 1535 1617 1585 dicamus
1654 1546 1703 1585 et
1738 1536 1923 1592 ieiuniis

295 1608 619 1670 parasceven?
663 1621 936 1670 quamquam
966 1623 1050 1654 vos
1074 1608 1222 1655 etiam
1254 1607 1510 1666 sabbatum,
1543 1610 1582 1655 si
1606 1607 1791 1673 quando
1810 1602 1923 1656 con*-

296 1678 512 1734 tinuatis‚
559 1692 790 1740 nunquam
836 1678 924 1726 nisi
961 1678 1008 1724 in
1046 1679 1222 1740 pascha
1266 1677 1563 1725 ieiunandum
1579 1679 1625 1740 4)
1671 1678 1923 1727 secundum

298 1749 531 1794 rationem
563 1748 675 1794 alibi
706 1746 955 1805 redditam,
989 1747 1123 1795 nobis
1156 1757 1288 1796 certe
1329 1750 1476 1796 omnis
1515 1748 1621 1796 dies
1654 1750 1794 1796 etiam
1823 1750 1923 1797 vul-

299 1827 410 1881 gata
450 1819 812 1866 consecratione
853 1818 1136 1866 celebratur.
1211 1819 1315 1867 Nec
1355 1835 1470 1883 ergo
1509 1818 1632 1883 apud
1663 1821 1923 1883 apostolum

299 1889 596 1936 differentiae
628 1890 767 1946 ratio,
802 1888 1164 1952 distinguentem
1195 1904 1316 1938 nova
1346 1898 1396 1937 et
1423 1899 1602 1937 vetera.
1644 1889 1740 1941 Sed
1770 1899 1819 1938 et
1847 1891 1923 1938 hic

299 1960 609 2023 inaequalitas
639 1969 799 2007 vestra
830 1959 1075 2017 ridebitur,
1110 1977 1212 2007 cum
1243 1969 1523 2008 vetustatum
1562 1962 1758 2009 formam
1789 1961 1923 2008 nobis

300 2031 614 2094 exprobratis,
648 2032 694 2077 in
727 2047 818 2094 qua
850 2047 1059 2078 caussam
1092 2033 1312 2078 novitatis
1343 2033 1591 2078 accusatis.

444 2105 524 2151 15.
558 2100 799 2164 Reprobat
829 2103 968 2148 etiam
996 2102 1119 2159 illos,
1155 2103 1230 2166 qui
1261 2102 1452 2149 iubeant
1482 2102 1598 2149 cibis
1615 2103 1922 2162 abstinere-²³),

301 2171 385 2219 sed
418 2171 476 2219 de
507 2170 806 2233 providentia
836 2173 1026 2236 spiritus
1057 2174 1224 2230 sancti,
1255 2171 1596 2235 praedamnans
1634 2174 1725 2225 iam
1754 2173 1925 2220 baere-

303 2244 423 2288 ticos
461 2250 736 2304 perpetuam
782 2241 1109 2289 abstinentiam
1153 2251 1493 2306 praecepturos
1538 2241 1925 2291 adidestruenda

302 2321 350 2359 et
382 2309 687 2375 despicienda
715 2319 866 2375 *opera
899 2314 1143 2369 creatoris,
1177 2313 1337 2375 quales
1376 2313 1607 2359 inveniam
1646 2311 1768 2375 a'pud
1798 2313 1925 2359 Mar-

304 2384 514 2439 cionem,
555 2380 677 2445 apud
707 2382 972 2437 Tatianum,
1013 2381 1136 2446 apud
1167 2382 1324 2429 Iovem
1355 2381 1630 2429 hodiernum
1662 2382 1720 2430 de
1753 2382 1924 2447 Pytha-

304 2469 423 2515 gora
452 2453 759 2510 haereticum,
792 2469 884 2500 non
915 2452 1037 2516 apud
1067 2453 1372 2516 paracletum.
1436 2452 1665 2511 Quantula
1701 2462 1774 2501 est
1804 2454 1924 2500 enim

304 2522 427 2587 apud
466 2539 552 2569 nos
590 2522 861 2571 interdictio
903 2524 1143 2570 ciborum?
1201 2522 1326 2571 Duas
1363 2524 1411 2570 in
1450 2540 1570 2570 anno
1609 2522 1925 2570 hebdomadas

304 2594 700 2658 xerophagiarum
738 2610 826 2642 nec
865 2602 1010 2653 totas,
1058 2595 1269 2658 exceptis
1300 2594 1484 2642 scilicet
1521 2593 1726 2641 sabbatis
1765 2603 1813 2642 et
1843 2593 1925 2641 doz-

421 2776 463 2824 1)
479 2778 569 2816 Gal.
588 2780 697 2829 4,10
717 2791 803 2828 sqq.
950 2777 992 2829 2)
1010 2781 1144 2818 zcor.
1173 2782 1212 2829 5,
1238 2781 1305 2819 17.
1422 2777 1468 2832 3)
1493 2778 1592 2817 Alii:
1633 2779 1687 2816 in
1717 2779 1924 2830 Christo

309 2835 510 2882 sepulti
541 2839 910 2884 perseverant,
942 2836 1040 2874 iam
1070 2849 1207 2874 nova
1239 2838 1342 2884 etc.;
1375 2836 1447 2873 sed
1480 2837 1684 2873 vocabula
1714 2835 1795 2872 ista
1827 2846 1924 2884 nep.

307 2902 439 2938 pers.
471 2891 569 2928 iam
601 2904 708 2940 quae
739 2893 868 2930 etiam
901 2893 943 2930 in
975 2893 1064 2931 cod.
1106 2892 1321 2931 Wouweri
1359 2891 1522 2942 desunt,
1561 2892 1808 2930 deleverunt
1837 2891 1924 2940 mg.

308 2950 351 2985 et
383 2947 542 2995 lunius,
574 2952 617 2986 et
648 2953 764 2987 recte
795 2949 972 2996 quidem.
1145 2950 1190 2998 4)
1224 2949 1498 2989 scribendum
1536 2960 1568 2987 ι.
1599 2947 1923 2990 ieiunumst-

310 3003 544 3051 candum‚
579 3016 611 3042 s.
644 3017 740 3052 quo
773 3017 1030 3054 nunquam
1061 3028 1118 3035 —
1148 3006 1497 3044 ieiunandum.
1631 3003 1923 3055 ⁵)-Pamelim,

311 3058 382 3097 cui
411 3070 610 3096 assensus
643 3064 706 3098 est
736 3062 905 3111 Rigalt„
940 3074 1046 3100 corr.
1079 3063 1327 3101 iubebant
1358 3062 1488 3100 cibis
1521 3063 1646 3099 abst.
1677 3082 1735 3090 —
1776 3062 1823 3097 ln
1838 3070 1923 3106 sqq.

313 3115 438 3168 vulgo
475 3115 694 3163 legebatur
732 3129 799 3165 sp.
832 3122 1070 3168 sanctus,
1118 3119 1227 3166 quod
1266 3119 1308 3156 in
1340 3130 1406 3168 ap.
1445 3118 1615 3156 sancti
1654 3117 1922 3155 immutarunt

313 3172 564 3211 Ciacconiua
595 3175 638 3211 et
664 3174 751 3221 Rig.
782 3196 838 3203 -
897 3176 919 3212 1
939 3176 1042 3213 Tim.
1060 3177 1095 3211 4⁴
1118 3177 1154 3213 3.
