1942 3554
360 188 444 226 DE
476 187 689 226 CULTU
715 185 1107 225 FEMINARUM
1162 186 1276 223 LIB.
1305 187 1358 224 11.
1581 183 1664 230 91,

77 291 79 295 ’
100 301 223 363 *vagi
253 308 304 348 et
330 300 552 347 volucres
583 299 844 356 elabantur,
877 315 970 345 non
1002 298 1128 345 bona
1165 298 1483 362 simplicitate.
1543 296 1663 346 Affi-

187 378 440 434 praeterea
491 371 654 417 nescio
694 385 808 434 quas
854 370 1160 416 enormitates
1212 370 1414 415 sutilium
1431 370 1476 429 1)
1525 378 1662 432 atque

128 442 149 474 ·'
168 441 264 488 ium
304 441 756 503 capillamentorum,
789 455 912 486 nunc
944 441 990 486 in
1021 440 1174 502 galeri
1204 438 1390 486 modum
1422 440 1554 502 quasi
1583 456 1662 487 va-

44 507 76 569 ,⁸
115 535 175 553 »ι
218 511 387 574 capitis
425 518 473 557 et
504 511 776 573 operculum
806 511 1024 567 verticis,
1072 524 1194 556 nunc
1232 511 1280 556 in
1319 511 1554 556 cervicem
1585 526 1662 557 re-

58 583 66 639 j
93 618 95 620 v
137 589 424 643 suggestum.
484 579 678 637 Mirum,
712 579 836 643 quod
866 596 960 626 non
993 588 1160 626 contra
1191 579 1367 626 domini
1403 589 1662 643 praecepta

59 654 70 664 ‘⁸
108 657 115 662 '
155 649 347 699 ·nditur.
415 648 494 697 Ad
538 665 803 698 mensuram
849 651 1080 696 neminem
1128 650 1214 696 sibi
1261 649 1472 696 adiicere
1519 664 1659 713 posse

10 747 13 750 ·
83 719 377 770 &antianum
416 729 503 768 est.
563 719 664 767 Vos
703 721 842 783 plane
874 718 1081 766 adiicitis
1119 718 1179 765 ad
1218 718 1401 782 pondus
1433 720 1660 783 collyrias

124 813 159 833 Χε
187 812 189 817 ·
218 812 237 834 ιι
299 791 375 839 vel
421 799 658 838 scutorum
710 789 1019 848 umbilicos2)
1064 790 1339 836 ,cervicibus
1385 789 1657 837 astruendo.

37 866 63 926 {J
100 877 204 911 mon
233 860 380 925 pudet
410 861 727 917 enormitatis,
768 853 944 922 pudeat
981 859 1339 922 inquinamenti,
1372 876 1431 907 ne
1464 861 1658 907 exuvias

36 931 51 983 s
72 939 89 962 '¹
117 954 137 973 ·ι
199 932 366 995 capitis
396 931 596 978 forsitan
627 928 870 986 immundi,
911 930 1110 976 forsitan
1149 931 1366 976 nocentis
1398 938 1447 976 et
1477 930 1658 993 gehen-

42 1003 110 1043 '3-
153 1000 398 1058 destinati,
445 1009 610 1048 sancto
650 1008 700 1046 et
730 999 998 1046 Christiano
1039 1000 1183 1062 capiti
1214 1001 1494 1063 supparetis.
1557 1000 1656 1047 Imo

0 1062 207 1129 >reboent
236 1071 358 1120 hanc
398 1078 596 1118 ornatus·
621 1071 894 1118 servitutem
934 1086 961 1116 a
1001 1070 1152 1116 libero
1186 1072 1342 1133 capite
1381 1071 1653 1134 propellite.

10 1139 215 1200 *nstra
243 1141 471 1193 laboratis
509 1149 706 1188 ornatae
735 1139 912 1196 videri,
959 1140 1134 1187 frustra
1171 1142 1483 1204 peritissimos
1515 1157 1656 1204 quos-

7 1208 113 1276 ffle
151 1220 414 1259 structores
453 1205 760 1274 capillaturae
799 1209 1050 1256 adhibetis.
1112 1210 1239 1256 Deus
1275 1226 1360 1257 vos
1397 1211 1546 1258 velari
1584 1212 1656 1257 iu-

7 1281 120 1343 bet,
153 1280 316 1338 credo,
348 1296 408 1328 ne
439 1279 724 1344 quarundam
759 1281 915 1343 capita
943 1279 1208 1327 videantur.
1268 1278 1425 1343 Atque
1459 1281 1655 1341 [utinam

6 1352 308 1404 miserrimus
353 1354 466 1414 ego]
505 1352 553 1397 in
590 1351 672 1397 illo
714 1349 790 1397 die
837 1350 1134 1397 Christianae
1183 1351 1511 1398 exsultationis
1558 1351 1654 1411 [vel

5 1422 146 1475 ἰδίει·
176 1422 414 1472 calcanea,
430 1422 590 1468 vestra
619 1426 761 1482 caput
791 1420 971 1468 elevem
988 1420 1083 1480 3)!]
1115 1419 1313 1478 videbo,
1346 1437 1405 1467 an
1438 1437 1542 1468 cum
1575 1436 1656 1468 ce-

0 1494 153 1543 russa
173 1500 233 1539 et
254 1491 546 1555 vpurpurissov
568 1498 618 1537 et
649 1506 795 1537 croco
829 1498 878 1536 et
906 1492 954 1536 in
985 1491 1067 1536 illo
1100 1491 1276 1537 ambitu
1309 1492 1477 1554 capitis
1494 1506 1655 1538 resur-

0 1623 1 1626 Ἴ
103 1562 116 1574 “
151 1595 186 1620 ,,
211 1561 463 1609 an·taliter
492 1561 705 1623 expictas
737 1560 895 1622 angeli
927 1561 975 1605 in
1000 1560 1172 1609 nebula
1196 1560 1443 1608 sublevent
1466 1561 1652 1608 obviam

0 1627 42 1695 ἢ,
121 1632 227 1680 ’sto.
289 1629 341 1678 Si
372 1646 494 1678 nunc
524 1630 652 1677 bona
681 1638 731 1677 et
759 1628 838 1676 dei
870 1637 990 1686 sunt,
1022 1638 1135 1677 tunc
1168 1645 1352 1693 quoque
1394 1639 1652 1679 occurrent

0 1697 373 1767 *surgentibus
411 1700 693 1763 corporibus
731 1707 781 1746 et
818 1715 902 1746 sua
939 1700 1048 1746 loca
1087 1708 1365 1763 agnoscent.
1427 1699 1525 1748 Sed
1556 1717 1651 1748 non

0 1786 18 1837 ῃ
76 1770 179 1820 'test
206 1785 489 1833 resurgere„
530 1770 630 1836 nisi·
660 1785 773 1817 caro
814 1777 863 1815 et
893 1769 1082 1831 spiritus
1121 1770 1249 1816 solus
1279 1786 1336 1817 ac
1367 1786 1534 1833 purus3
1568 1770 1652 1818 da-

0 1858 14 1889 1
64 1850 65 1853 ’
90 1868 95 1896 ;
124 1850 176 1890 ta
205 1849 312 1889 sunt
340 1841 509 1908 igitur,
550 1854 669 1902 quae
696 1840 755 1885 -in
789 1854 932 1885 carne
971 1847 1022 1885 et
1058 1840 1224 1901 spiritu
1256 1856 1349 1886 non
1379 1850 1649 1902 resurgunt,

0 1927 12 1958 1
81 1912 94 1924 ’
171 1909 250 1959 dei
293 1926 388 1957 non
432 1917 553 1956 sunt.
614 1908 856 1973 Damnatis
895 1907 1036 1955 hodie
1075 1909 1326 1956 abstinete.
1381 1908 1533 1958 Hodie
1563 1927 1650 1958 vos

0 1995 11 2027 ι
78 1998 133 2029 us
163 1981 284 2028 tales
311 1978 487 2045 rideat,
521 1978 680 2041 quales
711 1987 820 2027 tunc
850 1977 1044 2024 videbit.

19 2066 45 2105 :t
159 2055 207 2101 8.
251 2048 509 2108 Videlicet
545 2063 666 2095 nunc
698 2056 747 2101 et
774 2049 848 2094 vir
885 2057 934 2094 et
970 2063 1108 2095 sexus
1147 2050 1355 2096 aemulus
1371 2049 1416 2109 4)
1450 2050 1648 2098 feminas

0 2119 50 2181 ιζ,
75 2121 170 2168 suis
200 2118 404 2183 depello.
464 2116 541 2166 An
572 2126 621 2165 et
651 2118 785 2164 nobis
824 2117 1051 2180 quaedam
1090 2128 1312 2182 respectu
1351 2119 1648 2168 obediendae

24 2186 32 2193 '⁴
64 2240 67 2241 γ
104 2191 263 2239 vitatis
278 2190 326 2250 ⁵)
364 2196 562 2252 propter
605 2196 776 2235 metum
822 2187 1028 2236 debitum
1075 2187 1262 2236 domino
1310 2189 1650 2238 detrahuntur?

67 2259 247 2314 ,uidem
277 2267 328 2313 et
354 2259 468 2307 viris
497 2266 695 2321 propter
724 2259 944 2316 feminas,
978 2267 1029 2305 ut
1058 2259 1244 2306 feminis
1274 2269 1472 2323 propter
1499 2262 1646 2319 viros,

88 2331 132 2381 'o
170 2338 366 2383 naturae
404 2329 618 2391 ingenita
661 2337 735 2376 est
777 2328 998 2392 placendi
1041 2329 1279 2388 voluntas,
1334 2333 1645 2393 propriasque

105 2400 297 2463 estigias
327 2400 509 2446 formae
541 2407 591 2446 et
619 2399 696 2446 hic
731 2415 871 2447 sexus
903 2400 991 2446 sibi
1023 2402 1256 2461 agnoscit,
1275 2400 1470 2447 barbam
1487 2401 1646 2448 acrius

55 2531 57 2533 ι
139 2485 238 2528 ere,
250 2469 575 2527 intervellere,
595 2469 961 2526 circumradere,
981 2471 1198 2532 capillum
1217 2470 1486 2533 disponere,
1505 2471 1646 2517 etiam

13 2531 239 2605 §lutare
254 2539 302 2601 6)
322 2540 558 2596 canitiem,
576 2540 772 2602 primam
804 2554 1031 2602 quamque
1063 2538 1327 2586 subducere
1359 2540 1503 2587 totius
1537 2556 1644 2588 cor-

45 2703 73 2754 .'
131 2719 176 2768 1)
199 2721 327 2760 Seml.
356 2721 713 2770 simplicitate
746 2720 1049 2758 custoditis.
1107 2720 1398 2759 Praeterea
1425 2743 1483 2752 —
1513 2725 1642 2762 sub-

7 2806 12 2831 3
54 2773 193 2826 *lium
229 2778 310 2814 etc.
382 2778 460 2815 Vv.
504 2777 750 2814 sutilium
797 2781 954 2823 atque
984 2777 1118 2813 text.
1163 2777 1315 2815 desunt
1353 2779 1396 2815 in
1442 2779 1521 2817 ed„
1549 2780 1641 2828 Rig.

94 2831 187 2880 mg.
232 2833 469 2870 colluras
516 2833 693 2879 quasa.
733 2834 813 2870 etc.
886 2832 988 2870 Alii:
1034 2832 1333 2880 collyridas
1381 2835 1555 2881 quaed.
1587 2856 1644 2863 -·

118 2887 230 2936 igerz
262 2890 535 2935 sputorum
566 2888 850 2925 umbilicos
880 2884 1227 2939 (παμφόλυγας).
1342 2890 1387 2938 3)
1412 2892 1490 2929 Vv.
1516 2891 1642 2929 unci-

79 2941 266 2987 ‚ineluua
282 2954 308 2980 a.
322 2954 448 2981 manu
463 2942 628 2982 librarii
644 2943 755 2981 male
773 2943 920 2981 sedula
937 2945 1132 2982 videntur
1148 2944 1268 2983 illata
1284 2956 1389 2984 esse.
1478 2948 1524 2997 4)
1549 2949 1641 2997 Rig.

85 3009 156 3043 ,ne
186 2998 266 3040 vir
294 3001 348 3037 ut
378 3010 511 3038 sexu
540 2999 790 3037 aemulus.
938 3001 982 3048 5)
1005 2999 1096 3049 Rig.
1123 3012 1146 3038 e
1171 3001 1408 3052 cod.Agob.
1440 3005 1643 3042 obeun-

140 3054 474 3104 gratuitatia.
546 3055 661 3094 Lat.:
702 3056 978 3094 obeundae
1008 3056 1304 3106 gravitatis.
1477 3057 1523 3111 6)
1550 3060 1640 3108 Rig.

95 3109 417 3149 decolorare.
