1942 3554
1885 0 1935 207 3

1907 208 1927 266 ἐ

341 351 596 399 effeminati
627 350 869 398 histrionis
901 348 1069 399 modos
1101 348 1330 397 Psalmum
1361 363 1524 398 secum
1556 309 1942 421 οοιῐιιιιίιιίεεθῑιίτ

337 430 388 469 et
433 438 537 469 cum
583 421 789 469 athletae
835 431 1004 485 agent,
1058 419 1140 469 ille
1187 418 1396 467 dicturus
1443 429 1517 468 est
1554 422 1934 492 repercutiendo}

337 509 430 539 non
463 494 602 540 esse?
658 493 838 556 poterit
876 500 924 539 et
965 489 1067 553 [de]
1111 489 1440 538 misericordia
1480 493 1662 540 moveri
1701 479 1942 612 defixus}

336 579 519 610 morsus
557 578 775 610 ursorum
815 570 864 610 et
901 562 1125 627 spongias
1163 562 1496 609 retiariorum?
1551 560 1756 612 Avertat
1796 563 1884 611 deu

336 634 432 680 suis
479 642 653 681 tantam
698 633 951 697 voluptatis
1005 633 1235 679 exitiosae
1291 630 1612 696 cupiditatem.
1697 632 1843 694 Quale
1891 613 1931 702 ξε

335 706 457 751 enim
488 703 548 751 de
581 704 788 752 ecclesia
819 702 896 751 dei
928 705 974 751 in
1007 701 1182 750 diaboli
1215 702 1471 750 ecclesiam
1501 702 1723 762 tendere,
1759 703 1818 751 de
1853 707 1942 759 co}

335 774 404 832 lo,
454 774 579 839 quod
610 775 762 833 aiunt,
809 775 857 821 in
890 775 1121 823 coenum?
1164 772 1268 820 illas
1300 789 1462 820 manus
1493 789 1608 837 quas
1640 773 1700 822 ad
1732 761 1933 841 (ἰοηιίηᾲι

335 845 579 905 extuleris,
612 843 907 927 postmodum
940 842 1175 892 laudando
1200 843 1478 891 histrionem
1511 844 1746 908 fatigare⁹
1777 860 1836 892 ex
1862 857 1942 903 oga-

334 932 425 979 quo
463 914 616 963 Amen
664 917 709 963 in
757 915 979 964 Sanctum
1018 914 1297 978 protuleris,
1347 913 1602 978 gladiatori
1646 915 1931 985 testimonia»

332 984 560 1042 reddere,
593 990 654 1045 εἰς
684 989 860 1045 αἰῶνας
889 982 967 1035 ἀπ’
1004 987 1174 1043 αἰῶνος
1203 985 1284 1032 alii
1316 985 1503 1032 omnino
1537 983 1716 1044 dicere,
1750 985 1838 1032 nisi
1871 980 1931 1041 de

334 1065 383 1103 et
415 1056 638 1103 Christo?
654 1059 698 1119 1)

476 1131 560 1178 26.
609 1127 706 1175 Cur
737 1143 854 1191 ergo
887 1144 979 1174 non
1012 1125 1242 1174 eiusmodi
1275 1126 1414 1173 etiam
1447 1124 1708 1174 daemoniis
1738 1134 1942 1191 penetra

330 1196 453 1243 biles
487 1197 628 1245 fiant?
687 1197 808 1246 Nam
840 1206 889 1245 et
920 1196 1183 1261 exemplum
1214 1194 1415 1255 accidit,
1450 1194 1638 1244 domino
1671 1205 1819 1254 teste,
1861 1196 1942 1245 eiu

330 1267 542 1314 mulieris
575 1283 693 1332 quae
724 1269 958 1315 theatrum
989 1267 1105 1314 adiit
1144 1276 1192 1313 et
1223 1265 1332 1314 inde
1367 1282 1469 1314 cum
1511 1265 1762 1314 daemonio
1802 1265 1932 1316 redii:

330 1337 493 1401 Itaque
540 1339 588 1384 in
634 1339 902 1386 exorcismo
957 1354 1061 1385 cum
1116 1345 1399 1385 oneraretur
1443 1335 1703 1384 immundus
1749 1335 1924 1401 spiritu}

331 1407 456 1472 quod
487 1425 625 1457 ausus
658 1418 786 1457 esset
816 1408 1005 1457 fidelem
1036 1405 1259 1471 adgredi,
1310 1415 1585 1455 constanter
1623 1416 1672 1455 et
1710 1406 1939 1456 iustissim=

330 1478 542 1542 quidem,
593 1480 766 1543 inquit,
814 1479 933 1536 feci,
973 1481 1020 1526 in
1052 1494 1158 1526 meo
1191 1493 1293 1526 eam
1323 1478 1497 1526 inveni.
1575 1476 1772 1525 Constat
1803 1487 1852 1526 et
1882 1476 1942 1532 al⁴

328 1549 521 1597 linteum
553 1550 599 1596 in
632 1551 806 1597 somnis
839 1559 1077 1597 ostensum
1110 1549 1211 1596 eius
1242 1546 1340 1595 diei
1371 1557 1530 1606 nocte,
1563 1563 1655 1612 qua
1679 1546 1914 1612 tragoedu
1935 1566 1942 1589 ι4

328 1618 566 1678 audierat,
608 1637 711 1668 cum
743 1620 1113 1684 exprobratione
1145 1619 1384 1665 nominato
1415 1617 1676 1682 tragoedo,
1717 1633 1806 1666 nec
1838 1619 1942 1666 ulu-

328 1690 541 1754 quintum
576 1689 699 1739 diem
733 1706 835 1738 eam
867 1691 1111 1738 mulierem
1143 1690 1191 1736 in
1223 1688 1386 1736 seculo
1418 1689 1581 1736 fuisse.
1644 1688 1769 1747 Quot
1798 1690 1918 1754 utiqt

326 1769 375 1806 et
406 1761 498 1807 alia
530 1759 813 1809 documenta
846 1769 1093 1809 cesserunt
1125 1758 1184 1806 de
1216 1760 1309 1818 his,
1359 1759 1436 1823 qui
1476 1776 1579 1807 cum
1613 1757 1803 1806 diabolo
1837 1775 1918 1823 apt

324 1831 597 1893 spectacula
622 1830 1012 1880 communicando
1037 1847 1066 1878 a
1092 1829 1280 1878 domino
1306 1828 1605 1878 exciderunt.
1653 1828 1807 1877 Nemo
1834 1829 1910 1877 eni
1939 1867 1942 1872 .

323 1910 482 1965 potest
513 1901 694 1951 duobus
726 1903 925 1951 dominis
957 1902 1139 1950 servire
1156 1902 1224 1961 2).
1291 1899 1414 1961 Quid
1445 1900 1540 1948 luci
1572 1916 1676 1948 cum
1709 1899 1915 1948 tenebris

324 1971 434 2035 quid
466 1973 592 2021 vitae
625 1983 674 2021 et
704 1975 877 2021 morti?
894 1974 940 2036 ³)

465 2047 547 2093 27.
605 2042 772 2091 Odisse
804 2043 1030 2091 debemus
1068 2043 1188 2089 istos
1222 2050 1483 2089 conventus
1523 2050 1574 2088 et
1603 2049 1770 2088 coetus
1803 2039 1942 2088 ethni

323 2127 505 2169 corum,
554 2113 630 2161 vel
661 2113 786 2178 quod
818 2114 915 2160 illic
947 2127 1117 2160 nomen
1157 2110 1236 2158 dei
1273 2111 1644 2175 blasphematur,
1698 2110 1796 2157 illic
1834 2127 1942 2174 quae

322 2181 486 2229 tidiani
518 2184 564 2229 in
596 2200 681 2231 nos
714 2184 880 2232 leones
912 2181 1290 2247 expostulantur‚
1331 2180 1439 2243 inde
1471 2181 1836 2244 persecutiones
1870 2179 1942 2234 des,

323 2262 602 2312 cernuntur,
634 2252 745 2302 inde
777 2254 1065 2302 tentationes
1097 2252 1390 2300 emittuntur.
1456 2249 1577 2311 Quid
1608 2252 1758 2299 facies
1789 2252 1837 2298 in
1869 2251 1911 2298 il
1934 2259 1942 2308 ς

323 2322 649 2387 suffragiorum
694 2325 941 2389 impiorum
988 2323 1226 2370 aestuario
1269 2321 1623 2387 deprehensus?
1681 2338 1774 2368 non
1821 2338 1906 2386 qua

322 2393 499 2458 aliquid
542 2396 640 2443 illic
678 2397 773 2460 pati
812 2395 969 2459 possis
1007 2393 1064 2441 ab
1096 2392 1387 2440 hominihusz
1444 2408 1581 2440 nemo
1620 2400 1668 2440 te
1702 2407 1910 2455 cognosc

325 2464 663 2526 Christianum3
721 2464 806 2513 sed
837 2466 1078 2529 recogita,
1125 2461 1237 2528 quid
1275 2462 1333 2510 de
1365 2473 1412 2512 te
1446 2463 1527 2509 fiat
1556 2464 1602 2511 in
1637 2462 1791 2510 coelo.
1853 2460 1908 2508 D·

322 2534 443 2582 hitas
477 2538 598 2584 enim
630 2537 711 2584 illo
744 2545 1004 2593 momento,
1061 2550 1153 2599 quo
1184 2537 1230 2582 in
1271 2533 1446 2581 diaboli
1479 2533 1687 2581 ecclesia
1718 2533 1906 2580 fueris⁴

325 2621 486 2655 omnes
533 2608 729 2672 angelos
775 2608 1053 2671 prospicere
1093 2604 1150 2652 de
1191 2604 1329 2652 coelo
1369 2612 1418 2651 et
1448 2602 1660 2667 singulos
1701 2600 1905 2650 denotar‘

325 2676 426 2739 quis
460 2677 790 2742 blasphemiam
823 2677 1018 2735 dixerit,
1052 2677 1154 2740 quis
1184 2674 1411 2731 audierit,
1445 2675 1547 2738 quis
1580 2673 1806 2736 linguam,
1843 2689 1901 2737 qu

324 2762 462 2795 aures
501 2748 688 2796 diabolo
730 2748 956 2797 adversus
997 2746 1133 2795 deum
1172 2743 1600 2793 administraverit?
1671 2742 1780 2791 Non
1827 2758 1905 2806 erg

324 2817 478 2884 fugies
523 2819 689 2866 sedilia
736 2821 933 2867 hostium
982 2818 1178 2875 Christi,
1232 2815 1357 2863 illam
1406 2811 1677 2862 cathedram
1715 2813 1904 2877 pestilei

339 210 419 259 26
878 209 960 247 nE
993 197 1440 248 srucmcunts.

438 3018 482 3065 1)
515 3018 584 3055 Sic
603 3018 773 3065 scripsit
789 3018 1009 3067 Rigaltius.
1047 3018 1295 3054 Rhenanus:
1328 3008 1397 3056 εἰς
1429 3010 1623 3055 αἰωνας
1654 3011 1749 3049 alii
1778 3021 1816 3047 o.
1843 3010 1880 3047 d.

324 3075 427 3113 Deo
451 3074 678 3112 Christo.
724 3077 769 3111 ln
788 3075 879 3111 cod.
897 3074 1124 3123 agobardi:
1156 3069 1212 3116 εἰς
1229 3066 1303 3110 ἀπ’
1324 3067 1491 3114 αἰῶνος.
1591 3067 1636 3116 2)
1658 3067 1807 3104 Matth.
1820 3069 1857 3113 6,
1878 3067 1901 3102 2

326 3133 370 3181 3)
401 3131 595 3178 zontas,
616 3133 680 3168 14.
811 3131 855 3179 4)
887 3131 1095 3179 Rigaltius
1119 3132 1160 3167 et
1186 3130 1278 3168 cod
1298 3125 1537 3166 Wouweri·
1576 3135 1670 3173 quo
1702 3122 1897 3161 diabol·

327 3189 374 3225 in
407 3188 686 3227 ecclesiam
723 3187 862 3225 furit.
