1942 3554
404 164 625 214 coNTRA'
655 174 963 215 oNos‘ricos
995 174 1309 214 sconrmcss.
1557 174 1678 224 255

24 317 137 377 mis,
185 315 268 366 sed
308 316 389 364 illa
428 332 549 380 quae
589 316 635 362 in
668 316 769 380 ipso
816 313 974 363 aditur
1012 330 1072 363 ex
1110 315 1383 363 testimonio
1425 315 1676 379 religionis

23 397 98 440 :ot
136 387 322 452 proelio
370 387 686 434 confessionis
730 402 817 450 pro
863 386 1043 432 iustitia
1082 395 1130 433 et
1167 394 1492 444 sacramento,
1555 387 1679 434 sicut

39 459 221 517 Esaias,
253 456 404 515 Vide,
445 458 597 521 iuquit
612 459 676 515 1),
719 454 954 520 quomodo
988 457 1114 519 perit
1144 457 1308 514 iustus,
1342 465 1392 504 et
1421 473 1559 504 nemo
1593 471 1680 505 ex-

39 530 158 594 cipit
187 527 351 586 corde,
385 537 435 575 et
465 528 553 574 viri
584 527 694 573 iusti
725 528 1024 584 auferuntur,
1067 536 1115 574 et
1147 543 1284 574 nemo
1318 526 1677 586 animadvertit3

38 615 67 648 a
105 600 230 647 facie
278 599 402 646 enim
441 597 698 644 iniustitiae
736 598 862 660 perit
891 598 1041 644 iustus
1081 607 1130 644 et
1161 598 1253 645 erit
1283 598 1437 645 honor
1468 599 1680 662 sepultu-

24 684 125 718 2rae
156 670 276 716 eius.
339 667 496 715 Habes
528 667 605 714 hic
638 683 825 732 quoque
859 676 906 714 et
938 666 1346 730 praedicationem
1379 678 1426 716 et
1458 684 1680 717 remune-

24 741 273 788 ³rationem
311 739 661 802 martyriorum.
721 736 766 784 A
803 736 1061 801 primordio
1102 740 1225 786 enim
1264 739 1440 786 iustitia
1475 740 1565 787 vim
1595 755 1679 804 pa-

23 810 178 869 ²titur3
229 810 386 856 statim
424 816 476 855 ut
513 808 608 855 coli
650 806 766 856 deus
805 808 988 871 coepit,
1037 807 1260 856 invidiam
1302 809 1476 873 religio
1509 812 1679 857 sortita

24 873 129 930 rost.
191 879 281 939 Qui
311 877 403 927 deo
433 878 694 943 placuerat,
729 877 978 936 occiditur,
1014 888 1062 925 et
1094 879 1281 943 quidem
1313 896 1339 926 a
1370 880 1547 940 fratre3
1585 897 1678 945 quo

0 949 297 1023 kfproclivius
326 950 543 1014 impietas
574 948 777 996 alienum
818 950 1095 1012 sanguinem
1134 951 1476 1010 insectaretur,
1526 967 1555 999 a
1593 968 1678 999 suo

0 1021 281 1086 &auspicata
311 1029 403 1078 est,
439 1018 642 1083 denique
675 1037 767 1067 non
801 1018 941 1067 modo
975 1021 1219 1078 iustorum,
1259 1037 1421 1069 verum
1454 1022 1597 1070 etiam
1631 1031 1680 1070 et

22 1116 27 1153 ς
70 1092 393 1156 rophetarum.
456 1088 606 1137 David
639 1091 931 1154 exagitatur,
974 1090 1135 1139 Helias
1167 1092 1374 1156 fugatur,
1410 1092 1677 1141 Hieremias

23 1109 298 1228 zfapidatur,
339 1161 506 1209 Esaias
537 1170 750 1219 secatur,
799 1161 1058 1209 Zacharias
1090 1163 1216 1210 inter
1246 1163 1396 1211 altare
1430 1172 1479 1210 et
1509 1164 1678 1212 aedem

38 1232 319 1289 trucidatur,
352 1247 590 1295 perennes
621 1233 805 1279 cruoris
836 1232 906 1280 sui
926 1233 1130 1279 maculas
1155 1233 1368 1281 silicibus
1399 1233 1674 1298 adsignans.

41 1303 148 1368 Ipse
182 1303 393 1350 clausula
426 1303 549 1366 legis
582 1311 631 1350 et
659 1303 1011 1366 prophetarum,
1050 1320 1139 1351 nec
1172 1305 1445 1368 prophetes,
1479 1304 1563 1352 sed
1595 1322 1678 1352 an-

42 1374 178 1438 gelus
212 1372 380 1431 dictus,
416 1373 758 1420 contumeliosa
793 1373 940 1421 caede
974 1383 1218 1421 truncatur
1248 1376 1292 1421 in
1325 1375 1512 1438 puellae
1546 1376 1680 1422 salti-

42 1460 130 1493 cae
163 1444 295 1491 lucar
309 1442 374 1508 2).
435 1443 497 1491 Et
527 1445 687 1507 utique
723 1445 797 1507 qui
832 1446 998 1507 spiritu
1032 1444 1108 1491 dei
1149 1445 1436 1509 agebantur,
1483 1446 1540 1493 ab
1573 1447 1676 1509 ipso

41 1516 89 1563 in
111 1515 343 1579 martyria
379 1512 731 1577 dirigebantur,
773 1515 912 1561 etiam
944 1514 1191 1578 patiendo,
1241 1532 1359 1579 quae
1400 1525 1448 1564 et
1485 1516 1678 1580 praedi-

44 1594 247 1636 cassent.
307 1583 514 1632 Proinde
547 1593 596 1632 et
626 1585 747 1631 trina
778 1585 1074 1643 fraternitas,
1118 1602 1255 1650 quum
1290 1585 1530 1634 dedicatio
1563 1588 1679 1634 ima-

44 1657 168 1721 ginis
198 1656 364 1720 regiae
394 1654 559 1703 urbem
591 1665 787 1719 urgeret
819 1656 1004 1714 officio,
1047 1673 1141 1704 non
1173 1658 1531 1720 ignoraverunt,
1567 1657 1679 1722 quid

44 1726 185 1785 fides,
227 1742 346 1791 quae
378 1726 480 1774 sola
511 1727 556 1772 in
589 1725 682 1773 illis
715 1728 903 1790 captiva
934 1743 1027 1773 non
1061 1727 1237 1785 fuerat,
1287 1730 1532 1791 exigeret,
1579 1746 1679 1775 mo-

43 1796 259 1847 riendum
299 1797 487 1845 scilicet
531 1795 758 1844 adversus
804 1795 1147 1856 idololatriam3
1199 1799 1510 1846 meminerant
1556 1800 1679 1845 enim

47 1877 97 1918 et
126 1867 397 1916 Hieremiae
437 1866 691 1914 scribentis
735 1865 794 1913 ad
835 1883 942 1924 eos,
992 1867 1157 1931 quibus
1195 1868 1275 1914 illa
1315 1870 1563 1932 captivitas
1595 1870 1680 1916 im-

45 1939 345 1996 minebat³):
380 1937 443 1985 Et
472 1953 594 1984 nunc
627 1936 844 1985 videbitis
878 1937 994 1985 deos
1025 1937 1392 2002 Babyloniorum
1425 1955 1599 1987 aureos
1633 1947 1682 1988 et

46 2018 305 2073 argenteos
338 2017 387 2056 et
416 2009 603 2071 ligneos
634 2010 815 2072 portari
847 2024 989 2072 super
1018 2009 1239 2057 humeros
1273 2018 1564 2057 ostentantes
1598 2027 1680 2063 na÷

43 2079 258 2128 tionibus
288 2080 520 2126 timorem.
584 2078 763 2126 Cavete
803 2079 949 2142 igitur
985 2095 1044 2127 ne
1078 2089 1126 2127 et
1156 2096 1239 2127 vos
1272 2081 1542 2127 consimiles
1575 2082 1680 2129 sitis

49 2150 328 2215 allophylis,
376 2158 425 2197 et
455 2151 624 2196 timore
665 2150 937 2213 capiamini,
986 2149 1091 2197 dum
1124 2151 1336 2214 aspicitis
1368 2151 1531 2198 turbas
1563 2150 1680 2198 ado-

47 2230 210 2270 rantes
241 2229 371 2268 retro
403 2235 488 2268 eos
527 2229 575 2267 et
613 2229 746 2279 ante3
796 2219 881 2267 sed
921 2220 1065 2268 dicite
1112 2222 1155 2267 in
1197 2222 1351 2268 animo
1391 2231 1580 2268 vestro:
1632 2232 1678 2271 te

49 2289 239 2342 domine
270 2290 474 2338 adorare
507 2289 746 2338 debemus.
811 2291 969 2355 ltaque
1003 2290 1222 2340 dixerunt
1254 2309 1280 2339 a
1314 2292 1403 2340 deo
1446 2303 1682 2356 concepta

46 2361 245 2421 fiducia,
292 2360 476 2426 quando
507 2362 676 2425 vigore
708 2361 849 2409 animi
881 2361 1226 2411 conditionales
1256 2363 1404 2410 minas
1435 2364 1565 2425 regis
1598 2379 1682 2411 ex-

52 2433 322 2492 cutiunt⁴):
387 2430 496 2479 Non
550 2432 773 2479 habemus
821 2434 1156 2481 necessitatem
1203 2432 1523 2496 respondendi
1570 2433 1680 2482 huic

50 2510 134 2551 tuo
163 2503 382 2566 imperio.
441 2501 528 2549 Est
558 2503 682 2550 enim
715 2501 831 2550 deus
862 2512 1046 2561 noster,
1089 2520 1225 2567 quem
1258 2503 1470 2560 colimus,
1510 2512 1681 2566 potens

53 2587 225 2622 eruere
274 2588 358 2620 nos
404 2571 462 2620 de
505 2573 700 2621 fornace
739 2573 862 2636 ignis
903 2583 951 2620 et
989 2589 1049 2619 ex
1088 2571 1298 2619 manibus
1329 2573 1443 2630 tuis,
1492 2583 1541 2621 et
1570 2583 1681 2623 tunc

51 2643 350 2690 manifestum
382 2642 466 2690 fiet
495 2642 594 2700 tibi,
628 2642 753 2707 quod
783 2659 936 2706 neque
969 2642 1098 2689 idolo
1134 2651 1211 2690 tuo
1232 2642 1561 2691 famulabimur
1592 2662 1682 2694 nec

54 2713 306 2775 imaginem
351 2721 476 2760 tuam
522 2729 735 2770 auream,
793 2730 927 2776 quam
976 2714 1202 2771 statuisti,
1259 2711 1572 2763 adorabimus.
1643 2715 1680 2765 0

55 2783 330 2846 martyrium
374 2791 424 2830 et
467 2783 568 2830 sine
614 2784 834 2846 passione
881 2784 1169 2846 perfectum!
1218 2785 1332 2830 satis
1375 2786 1521 2847 passi,
1570 2788 1682 2835 satis

56 2853 212 2899 exusti
241 2860 369 2910 sunt,
409 2869 524 2915 quos
555 2861 811 2916 propterea
843 2853 957 2900 deus
989 2854 1129 2911 texit,
1177 2870 1236 2901 ne
1268 2862 1548 2918 petestatem
1582 2858 1683 2905 eius

57 2922 243 2970 mentiti
273 2920 562 2969 viderentur.
623 2922 741 2970 Nam
776 2932 823 2970 et
854 2923 1125 2982 Danielem,
1173 2925 1342 2973 nullius
1379 2935 1574 2989 praeter
1606 2927 1683 2977 dei

172 3089 214 3139 1)
244 3093 320 3128 len.
346 3092 410 3139 57,
443 3093 477 3127 1.
606 3089 653 3143 2)
683 3090 836 3129 matth.
870 3095 934 3139 14,
972 3095 993 3130 3
1013 3105 1102 3140 sqq,
1233 3095 1277 3140 3)
1302 3092 1478 3133 Baruch.
1508 3101 1545 3143 6,
1583 3100 1604 3135 3
1626 3110 1684 3145 sq.

57 3145 109 3192 4)
130 3147 234 3184 Dan.
263 3148 301 3196 3,
337 3149 402 3185 16.
