1942 3554
251 260 329 312 56
786 258 868 295 DE
899 255 1349 295 [DOLOLATRIA.
1843 258 1862 278 f

254 402 464 452 Sufficiat
493 399 551 447 ad
584 408 825 464 quaestum
857 397 1169 446 artificiorum
1202 397 1498 461 frequentior
1529 394 1718 463 [est],¹)
1758 389 1896 446 omni⁷³

253 471 589 537 superstitione
629 471 811 517 luxuria
853 478 901 517 et
939 467 1151 515 ambitio.
1226 466 1415 515 Lances
1449 475 1498 514 et
1527 467 1734 532 scyphos
1766 467 1859 515 faci

257 545 346 590 lius
378 541 586 598 ambitio,
623 557 758 605 quam
789 539 1062 604 superstitio
1095 536 1403 586 desiderabit.
1456 537 1671 585 Coronas
1694 554 1903 603 quoque

252 614 400 676 magis
434 612 630 669 luxuria,
665 627 798 675 quam
824 610 1115 658 sollemnitas
1147 617 1332 672 erogat.
1382 607 1500 668 Qum
1524 607 1739 672 igiturad
1763 608 1881 656 haec

253 684 560 730 artificiorum
609 697 786 745 genera
833 681 1157 737 cohortemur,
1219 694 1338 743 quae
1383 677 1558 726 idolum
1607 677 1794 743 quidem
1833 686 1903 730 ct,-

252 768 373 818 quae
420 751 548 800 idolo
597 760 868 815 competunt
906 768 998 798 non
1038 751 1290 813 attingant,
1338 749 1432 796 sint
1460 757 1615 797 autem
1654 758 1704 796 et
1733 749 1905 797 homia

252 823 389 871 nibus
429 823 692 870 communia
731 837 873 886 saepe
913 836 1031 885 quae
1065 829 1114 869 et
1143 819 1306 867 idolis:
1354 819 1447 866 hoc
1487 835 1673 884 quoque
1705 832 1903 881 cavere

253 893 494 952 debemuS,
529 910 587 941 ne
620 891 731 957 quid
764 891 1022 940 scientibus
1054 890 1190 938 nobis
1224 888 1280 937 ab
1313 889 1546 954 aliquibus
1578 888 1636 938 de
1668 887 1909 939 manibus,

252 965 429 1012 nostris
460 965 507 1011 in
539 980 638 1012 rem
671 961 905 1010 idolorum
937 962 1216 1026 postuletur.
1287 959 1465 1019 Quodsi
1498 960 1886 1009 concesserimus*

252 1044 302 1082 et
345 1052 438 1082 non
485 1032 708 1081 remediis
755 1042 845 1080 tam
893 1033 1074 1080 usitatis
1121 1031 1379 1095 egerimus,
1442 1047 1536 1078 non
1573 1040 1686 1096 puto
1726 1047 1812 1079 nos
1853 1041 1895 1080 ai

253 1106 477 1169 contagio
518 1103 822 1152 idololatriae
861 1119 1057 1161 vacare,
1113 1118 1308 1166 quorum
1340 1117 1500 1149 manus
1532 1117 1625 1149 non
1657 1103 1902 1165 ignoram-

250 1176 364 1222 tium
397 1177 445 1222 in
478 1174 632 1222 officio
665 1174 742 1222 vel
773 1175 820 1221 in
846 1174 1025 1221 honore
1052 1182 1100 1221 et
1123 1189 1208 1220 usu
1233 1171 1586 1220 daemoniorum
1613 1170 1907 1236 deprehen-r

252 1245 439 1293 duntur.

394 1318 440 1366 9.
513 1313 942 1362 Animadvertimus
996 1314 1122 1360 inter
1174 1321 1300 1360 artes
1357 1313 1498 1359 etiam
1556 1313 1905 1378 professiones
1937 1306 1939 1310 Α

251 1384 471 1450 quasdam
513 1385 740 1432 obnoxias
782 1382 1101 1431 idololatriae.
1173 1382 1246 1430 De
1285 1382 1543 1446 astrologis
1582 1399 1642 1431 ne
1683 1383 1890 1448 loquen4
1935 1402 1937 1406 ·

251 1457 358 1504 dum
390 1455 577 1521 quidem
612 1464 702 1503 cst.
776 1453 874 1502 Sed
905 1454 1123 1519 quoniam
1156 1451 1341 1517 quidam
1373 1453 1476 1501 istis
1509 1451 1675 1502 diebus
1705 1470 1903 1518 provo-‘s

250 1528 376 1574 cavit
435 1524 697 1574 defendens
759 1524 848 1571 sibi
899 1524 1306 1588 perseverantiam
1359 1524 1674 1588 professionis
1727 1525 1906 1584 istius,

248 1597 410 1661 paucis
443 1605 562 1643 utar.
624 1595 734 1643 Non
765 1595 948 1659 allego,
982 1594 1107 1659 quod
1138 1593 1266 1641 idola
1296 1593 1524 1653 honoret,
1566 1611 1761 1660 quorum
1794 1589 1933 1643 ιιο-”κ

248 1668 375 1714 mina
421 1667 560 1714 coelo
608 1666 869 1729 inscripsit,
918 1665 1086 1728 quihus
1134 1680 1315 1711 omnem
1365 1664 1441 1712 dei
1480 1674 1765 1729 potestatem
1797 1664 1891 1714 ada

249 1736 391 1797 dixit3
444 1735 567 1801 quod
598 1744 854 1800 propterea
893 1735 1106 1783 homines
1136 1751 1229 1782 non
1262 1744 1428 1799 putant
1458 1735 1594 1784 deum
1633 1735 1908 1801 requiren-?

249 1806 380 1866 dum,
427 1815 785 1871 praesumentes
826 1806 1068 1854 stellarum
1109 1822 1194 1852 nos
1233 1805 1506 1853 immutabili
1545 1807 1743 1854 arbitrio
1783 1808 1891 1870 agii
1930 1847 1931 1850 ,

249 1878 398 1926 Unum
431 1894 662 1942 propono,
696 1877 893 1940 angelos
925 1892 1033 1924 esse
1066 1876 1173 1924 illos
1206 1874 1481 1924 desertores
1513 1876 1607 1935 dei,
1641 1887 1905 1926 amatores.

248 1950 524 1996 feminarum
540 1950 612 2007 2),
645 1946 919 2011 proditores
954 1947 1091 1994 etiam
1125 1947 1260 1994 huius
1286 1948 1588 2006 curiositatis,
1621 1957 1878 2013 propterea

247 2035 435 2083 quoque
469 2018 712 2066 damnatos
744 2035 772 2065 a
803 2016 915 2065 deo.
983 2016 1019 2064 Ο
1054 2016 1210 2065 divina
1241 2019 1478 2066 sententia
1508 2035 1656 2084 usque
1689 2018 1750 2066 ad
1782 2028 1911 2070 ter-2

247 2106 343 2136 ram
377 2090 618 2152 pertinax,
668 2089 744 2135 cui
791 2089 931 2135 etiam
970 2089 1247 2150 ignorantes
1289 2089 1603 2137 testimonium
1642 2077 1919 2208 reddunt!{

245 2158 559 2223 Expelluntur
590 2158 930 2216 mathematici,
964 2159 1087 2206 sicut
1116 2159 1275 2223 angeli
1308 2175 1486 2208 eorum.
1550 2159 1672 2208 Urbs
1704 2169 1753 2209 ct
1785 2160 1918 2238 Μαι-ἓ,

246 2230 307 2276 lia
340 2228 640 2277 interdicitur
671 2229 1033 2287 mathematicis,
1089 2230 1214 2276 sicut
1252 2230 1435 2278 coelum
1475 2232 1658 2296 angelis
1689 2247 1871 2281 eorum.
1893 2226 1918 2258 s

245 2299 423 2348 Eadem
463 2317 616 2364 pocna
655 2308 728 2347 est
759 2300 888 2347 exilii
921 2298 1166 2364 discipulis
1199 2309 1249 2349 et
1277 2302 1531 2364 magistris.
1614 2301 1710 2350 Sed
1749 2303 1893 2368 magii¹

246 2380 294 2418 et
338 2371 571 2433 astrologi
615 2369 672 2417 ab
722 2371 905 2417 oriente
959 2372 1271 2429 venerunt3).
1365 2371 1549 2420 Scimus
1595 2374 1780 2436 magiae
1828 2365 1915 2422 et‘

246 2441 537 2505 astrologiae
570 2441 695 2488 inter
726 2457 779 2488 se
811 2441 1109 2489 societatem.
1174 2441 1316 2489 Primi
1348 2443 1495 2507 igitur
1530 2444 1769 2491 stellarum
1801 2445 1893 2499 in-‚

247 2520 483 2575 terpretcs
514 2520 667 2558 natum
704 2511 937 2558 Christum
969 2513 1380 2572 annuntiaverunt,
1426 2514 1565 2578 primi
1595 2529 1899 2563 muner-‘iven

245 2591 371 2629 runt.
458 2582 561 2629 Hoc
606 2581 794 2629 nomine
844 2582 1099 2640 Christum,
1148 2584 1339 2647 opinor,
1389 2585 1477 2631 sibi
1523 2584 1913 2648 obligaverunt-'5

247 2651 368 2710 Quid
400 2655 524 2699 tum?
557 2651 670 2700 Ideo
702 2668 823 2699 nunc
850 2661 897 2700 et
921 2652 1264 2700 mathematicis
1287 2654 1662 2718 patrocinabitur
1686 2655 1872 2704 illorum
1896 2641 1914 2740 ᾇ

245 2739 486 2784 magorum
519 2723 724 2786 religio?
782 2723 853 2770 De
888 2722 1076 2771 Christo
1116 2724 1302 2772 scilicet
1341 2733 1415 2773 est
1443 2725 1665 2773 mathesis
1698 2726 1868 2786 hodie3
1895 2735 1910 2786 ’,ἓ

245 2794 407 2840 stellas
424 2795 470 2852 4)
521 2793 717 2851 Christi,
773 2810 865 2840 non
906 2793 1095 2841 Saturni
1142 2803 1189 2841 et
1233 2795 1399 2843 Martis
1445 2804 1494 2842 et
1539 2796 1764 2861 cuiusque
1812 2783 1910 2855 ex}

245 2862 413 2910 eodeni
447 2862 612 2912 ordine
645 2872 956 2923 mortuorum,
998 2864 1220 2912 observat
1252 2874 1300 2913 et
1329 2865 1588 2930 praedicat.
1649 2864 1716 2915 At
1746 2868 1869 2915 enim
1896 2870 1910 2924 ξ

244 2935 444 2980 scientia
475 2936 564 2981 ista
597 2950 742 2998 usque
774 2933 832 2982 ad
866 2936 1161 2999 evangelium
1193 2936 1281 2983 fuit
1312 2952 1564 2996 concessa,
1597 2945 1649 2984 ut
1679 2935 1909 2999 Christo}

245 3003 373 3052 edito
412 3020 548 3052 nemo
590 3003 761 3052 exinde
808 3007 1095 3054 nativitatem
1135 3006 1332 3054 alicuius
1364 3005 1422 3055 de
1462 3007 1602 3056 coelo
1635 3007 1870 3072 interpre-
1898 3007 1906 3047 ,ἶ

359 3174 404 3222 1)
444 3174 520 3212 Ed.
551 3175 748 3214 Franek.:
781 3173 1071 3215 Sufficiant
1103 3197 1160 3205 —
1192 3179 1587 3225 frequentiores
1618 3177 1755 3216 omni
1787 3159 1905 3229 etc-⁴}¹

244 3226 289 3281 2)
307 3231 409 3269 Gen.
431 3234 468 3281 6,
490 3233 525 3269 2.
615 3229 656 3282 3)
673 3232 821 3270 Matth.
840 3235 878 3270 2.
970 3230 1012 3282 4>
1030 3234 1179 3283 Rigalt.
1199 3237 1240 3272 et
1258 3235 1462 3274 Wouwer
1486 3247 1509 3273 e
1524 3236 1612 3273 MS·
1641 3234 1866 3273 stellam.
1881 3237 1905 3298 j
