1942 3554
338 206 417 255 24
863 201 947 240 DE
984 199 1427 241 erc'rAcunls.

340 356 388 395 et
438 345 813 393 commutantium
859 350 1025 389 statum
1071 340 1182 386 honi
1228 348 1276 385 et
1322 338 1426 384 mali
1471 352 1558 400 per
1593 336 1942 402 inconstantiam

339 432 504 464 sensus
550 423 599 462 et
642 413 804 460 iudicii
843 411 1104 458 varietate?
1162 409 1347 456 Etenim
1388 408 1473 470 ipsi
1512 415 1732 454 auctores
1777 415 1827 454 et
1870 406 1942 470 adg

339 488 679 534 ministratores
711 481 1086 546 spectaculorum
1126 478 1474 543 quadrigarios,
1520 478 1760 534 scenicos,
1803 478 1942 540 xysti:

340 573 447 613 cos,
502 554 743 602 arenarios
782 552 888 598 illos
927 550 1287 605 amantissimOS,
1336 547 1502 611 quibus
1546 546 1665 594 viles
1709 547 1885 594 animas
1904 547 1942 607 ¹)

338 627 563 682 feminae,
610 632 689 670 aut
718 622 785 668 illi
819 623 981 676 etiam,
1038 635 1240 682 corpora
1280 634 1361 665 sua
1391 617 1712 675 substernunt,
1758 619 1942 681 propter}

339 712 456 760 quos
489 696 535 741 in
567 709 624 741 ea
657 693 962 748 committunt,
996 705 1112 754 quae
1146 688 1508 752 reprehendunt,
1541 704 1601 735 ex
1633 688 1794 755 eadem
1828 695 1942 747 arte,

339 782 428 829 qua
459 764 817 827 magnifaciunt,
868 761 1105 824 deponunt
1141 763 1216 820 [et
1247 758 1543 819 deminuunt]
1562 758 1634 822 ²),
1682 760 1773 805 imo
1806 759 1942 805 mani-

337 837 459 883 feste
507 833 723 880 damnant
767 832 1022 895 ignominia
1077 839 1124 877 et
1170 830 1334 892 capitis
1385 829 1671 886 minutione,
1732 837 1942 889 arcentes

339 906 494 962 curia,
538 904 727 959 rostris,
768 911 954 958 senatu,
995 902 1174 963 equite,
1218 900 1484 962 ceterisque
1518 898 1772 945 honoribus
1805 899 1942 945 omni-

336 976 423 1022 bus
471 974 604 1021 simul
657 982 794 1036 atque
842 972 1124 1018 ornamentis
1172 968 1457 1033 quibusdam.
1535 969 1714 1027 Quanta
1758 984 1942 1031 perver-

337 1045 472 1092 sitas!
533 1043 704 1090 Amant
735 1059 849 1106 quos
883 1041 1126 1098 mulctant,
1161 1040 1428 1103 depretiant
1460 1055 1574 1102 quos
1605 1038 1828 1101 probant3
1876 1054 1942 1085 ar-

337 1124 430 1162 tem
461 1114 783 1178 magnificant,
833 1113 1058 1158 artificem
1091 1119 1268 1157 notant.
1332 1109 1476 1168 Quale
1508 1108 1730 1156 iudicium
1762 1117 1854 1166 est,
1900 1115 1942 1155 ut

338 1185 396 1231 ob
430 1201 485 1231 ea
519 1185 619 1248 quis
659 1183 934 1238 offuscetur,
983 1197 1067 1244 per
1105 1196 1222 1243 quae
1262 1181 1586 1242 promeretur?
1645 1178 1741 1225 Imo
1781 1187 1942 1243 quanta

338 1255 579 1301 confessio
613 1261 684 1299 est
715 1253 864 1299 malae
896 1253 990 1309 rei,
1039 1252 1169 1297 cuius
1208 1258 1452 1307 auctoreS‚
1501 1265 1603 1296 cum
1636 1250 1942 1312 acceptissimi

337 1326 451 1381 sint,
485 1325 585 1370 sine
619 1332 727 1369 nota
761 1340 852 1369 non
886 1323 1012 1368 sunt!

478 1398 562 1445 23.
608 1393 754 1451 Quum
786 1393 930 1455 igitur
961 1392 1154 1438 humana
1178 1388 1451 1437 recordatio
1479 1389 1618 1436 etiam
1644 1388 1942 1452 obstrepente

335 1465 486 1528 gratia
531 1464 781 1525 voluptatis
829 1461 1112 1508 damnandos
1160 1476 1243 1507 eos
1291 1467 1507 1517 censeat,
1568 1459 1765 1507 ademtis
1813 1459 1942 1506 bonis

333 1534 607 1596 dignitatum
639 1534 684 1578 in
719 1531 944 1595 quendam
977 1531 1217 1593 scopulum
1250 1530 1549 1587 famositatis,
1597 1538 1767 1593 quanto
1799 1531 1942 1592 magis

333 1602 491 1650 divina
529 1603 704 1649 iustitia
742 1603 788 1648 in
830 1600 1056 1648 eiusmodi
1088 1600 1293 1647 artifices
1332 1599 1690 1647 animadvertit?
1748 1598 1823 1646 An
1857 1599 1942 1647 deo

330 1673 732 1737 placebit-auriga
764 1672 843 1717 ille
876 1681 947 1717 tot
977 1673 1227 1717 animarum
1260 1671 1568 1732 inquietator,
1615 1678 1686 1716 tot
1722 1670 1942 1718 furiarum

331 1744 565 1799 minister,
598 1751 669 1788 tot
699 1751 919 1798 statuum,
951 1749 1001 1787 ut
1031 1739 1254 1787 sacerdos
1287 1748 1560 1796 coronatus,
1600 1740 1675 1787 vel
1709 1740 1942 1786 coloratus

329 1822 380 1859 ut
412 1813 543 1870 lene,
591 1828 725 1875 quem
767 1828 906 1858 curru
946 1809 1215 1873 rapiendum
1256 1808 1468 1856 diabolus
1507 1808 1732 1856 adversus
1765 1809 1942 1856 Heliam

332 1884 607 1930 exornavit?
678 1882 892 1928 Placebit
924 1889 971 1927 et
1001 1881 1103 1937 ille,
1159 1880 1235 1943 qui
1267 1880 1418 1926 vultus
1450 1895 1559 1926 suos
1590 1880 1818 1926 novacula
1847 1896 1942 1926 mu-

329 1956 426 1999 tat?
483 1952 684 1999 infidelis
726 1968 840 2015 erga
878 1952 1044 1997 faciem
1086 1967 1234 2007 suam,
1283 1967 1414 2013 quam
1454 1966 1546 1996 non
1578 1958 1827 1997 contentus
1860 1948 1942 1996 Sa-

331 2032 467 2069 turno
509 2031 556 2070 et
587 2022 697 2069 Isidi
739 2031 786 2068 et
816 2021 989 2067 Libero
1029 2021 1285 2083 proximam
1324 2021 1508 2076 facere,
1556 2021 1747 2082 insuper
1778 2029 1942 2067 contu-

328 2093 480 2139 meliis
533 2093 765 2154 alaparum
812 2093 879 2138 sic
927 2091 1110 2147 obiicit,
1173 2091 1302 2153 quasi
1357 2089 1414 2136 de
1469 2098 1724 2153 praecepto
1771 2089 1942 2137 domiui

330 2161 485 2208 ludat?
550 2162 706 2208 Docet
751 2162 936 2208 scilicet
981 2170 1029 2208 et
1075 2160 1284 2206 diabolus
1331 2159 1664 2206 verberandam
1711 2161 1942 2207 maxillam

328 2233 563 2296 patienter
596 2232 784 2278 offerre.
848 2231 927 2278 Sic
961 2240 1008 2278 et
1038 2229 1294 2293 tragoedos
1329 2230 1567 2276 cothurnis
1600 2230 1786 2287 extulit,
1835 2232 1942 2293 quia

329 2318 465 2349 nemo
512 2310 668 2364 potest
720 2301 929 2348 adiicere
985 2300 1187 2348 cubitum
1241 2317 1376 2346 unum
1423 2299 1481 2345 ad
1528 2309 1748 2357 staturam
1795 2317 1939 2358 suam,

330 2370 600 2418 mendacem
647 2373 806 2418 facere
851 2371 951 2417 vult
997 2371 1242 2417 Christum.
1334 2370 1425 2415 Iam
1472 2386 1586 2416 vero
1634 2371 1778 2432 ipsum
1826 2386 1941 2433 opus

328 2458 654 2506 personarum,
703 2457 900 2505 quaero,
940 2457 997 2486 an
1030 2439 1118 2486 deo
1150 2441 1355 2502 placeat,
1397 2441 1473 2501 qui
1514 2455 1694 2486 omnem
1727 2441 1942 2486 similitu-

329 2512 483 2558 dinem
517 2520 641 2558 vetat
673 2511 798 2569 fieri,
848 2519 1017 2575 quanto
1049 2511 1196 2571 magis
1228 2511 1443 2572 imaginis
1476 2525 1604 2556 suae.
1679 2509 1786 2556 Non
1818 2518 1942 2562 amat

327 2582 493 2628 falsum
539 2591 707 2628 auctor
749 2582 984 2638 veritatis3
1038 2578 1313 2626 adulterium
1353 2587 1424 2625 est
1461 2578 1580 2641 apud
1627 2579 1754 2625 illum
1802 2595 1937 2626 omne

331 2651 455 2716 quod
486 2652 689 2715 fingitur.
751 2650 952 2697 Proinde
986 2666 1174 2706 vocem,
1211 2665 1365 2706 sexus,
1399 2657 1580 2695 aetates
1612 2649 1936 2707 mentientem,

327 2738 534 2779 amores,
582 2723 698 2779 iras,
746 2722 966 2784 gemitus,
1030 2720 1242 2766 lacrimas
1288 2718 1640 2765 adseverantem
1689 2735 1779 2764 non
1827 2735 1938 2782 pro-

442 2878 492 2925 1)
525 2876 751 2924 Rigaltinst
798 2875 1191 2921 amentissimos,
1240 2874 1421 2920 quibus
1455 2873 1549 2910 viri
1583 2874 1803 2919 animas3
1859 2874 1938 2910 fe-

324 2936 491 2973 minae
527 2936 606 2969 etc.
673 2933 755 2970 Sed
799 2931 1184 2968 amantissimos
1225 2934 1266 2967 et
1306 2930 1438 2967 viles
1483 2930 1524 2965 in
1563 2929 1626 2966 ed.
1663 2930 1854 2966 Rhenani
1896 2931 1939 2966 et

325 2990 577 3036 Franeker.,
619 2989 831 3026 u'ouwer.
864 3000 885 3024 e
909 2989 994 3026 MS.
1034 2987 1396 3024 amatissimos.
1538 2984 1591 3038 2)
1632 2985 1857 3023 Rhenanus
1896 2988 1940 3022 et

327 3049 390 3086 ed.
414 3045 639 3084 Franeker.
672 3056 728 3082 ex
763 3044 935 3081 eadem
969 3047 1132 3092 parte,
1167 3054 1311 3090 quam
1343 3042 1562 3090 magnif„
1598 3042 1857 3089 deponunt
1889 3042 1937 3077 et

327 3103 639 3141 deminuunt.
688 3100 892 3148 Rigaltius
910 3103 1045 3138 recte:
1080 3102 1211 3148 arte,
1245 3110 1341 3145 qua
1372 3120 1425 3125 —
1458 3099 1737 3146 deponunt,
1770 3097 1936 3134 omissis

326 3172 390 3198 vv.
431 3162 479 3196 et
509 3159 826 3195 deminuunt.
