1942 3554
268 161 382 213 172
712 161 800 199 AD
837 157 1215 197 NATIONES
1254 156 1382 194 LlB.
1421 157 1472 194 11.

1905 228 1925 310 ἠυντ
1894 146 1923 201 ἐν

264 302 511 359 morabor,
556 297 681 364 quod
715 308 763 347 et
795 299 972 346 ceteris
1006 294 1331 360 compendium
1362 304 1679 359 praestruam,
1726 299 1921 352 satiata}

262 370 630 439 primordiorum
675 368 1018 431 disputatione3
1070 382 1157 413 nec
1197 367 1565 429 praetermittam
1607 367 1793 431 potiora
1823 341 1927 447 tes}

266 444 486 491 stimonia
527 441 784 487 divinarum
819 439 1100 495 litterarum,
1135 436 1300 500 quibus
1339 435 1454 483 fides
1486 453 1572 500 pro
1618 430 1925 501 antiquitates

267 515 488 579 superior
519 510 733 557 debetur.
816 507 942 555 Ante
977 509 1097 555 enim
1133 506 1335 572 Sibylla,
1371 523 1504 571 quam
1537 507 1685 554 omnis
1717 490 1923 566 littera-3

265 593 396 642 tura,
437 582 613 630 extitit.
693 580 776 626 Illa
810 579 997 625 scilicet
1033 577 1235 641 Sibylla,
1269 578 1371 624 veri
1403 591 1517 625 vera
1550 587 1701 635 vateS,
1737 586 1786 626 et
1818 566 1921 635 cti-[11

267 656 342 703 ius
380 651 611 702 vocabula
651 649 1003 697 daemoniorum
1044 648 1228 695 vatibus
1275 646 1506 695 induistis.
1597 647 1666 695 Ea
1711 635 1922 722 senario}

269 740 411 773 versu
442 724 488 769 in
521 722 642 768 hunc
674 736 859 768 sensum
894 719 951 767 de
987 718 1173 766 Saturni
1200 719 1419 782 prosapia
1443 726 1493 766 et
1515 718 1658 766 rebus
1683 718 1785 766 eius
1818 719 1923 780 (ὲκ-ἑῇ

270 795 428 860 ponit:
466 792 674 849 decima,
709 792 881 855 inquit,
916 791 1136 852 genitura
1177 789 1432 845 hominum,
1474 804 1535 836 ex
1565 805 1658 852 quo
1692 782 1920 852 catacly-'z

269 881 416 913 smum
448 862 683 927 prioribus
714 860 912 918 accidit,
953 861 1169 923 regnavit
1202 858 1427 906 Saturnus
1467 868 1515 906 et
1536 859 1672 906 Titan
1706 867 1754 906 et
1785 851 1942 917 lama,

270 936 412 994 fetus,
430 935 609 983 Terrae
637 941 684 979 et
710 932 844 979 Coeli
870 931 1113 978 fortissimi
1141 930 1240 976 filii.
1279 929 1329 975 Si
1355 946 1444 993 qua
1469 945 1608 992 ergo,
1635 929 1710 976 vel
1733 923 1919 991 vestris}

326 1040 362 1054 ..
399 1004 557 1052 oribus
604 1003 773 1050 litteris
803 1002 975 1049 vestris
1014 1000 1361 1063 superioribus,
1403 999 1488 1046 sed
1532 1001 1711 1046 iccirco
1757 998 1921 1062 magis}

270 1076 501 1145 proximis
538 1107 644 1121 .....
679 1074 725 1119 in
758 1072 884 1119 illius
915 1072 1110 1128 aetatis,
1151 1070 1265 1116 fides
1298 1069 1502 1117 adiacet.
1891 1064 1912 1090 ’Ἰ

421 1149 507 1195 13.
587 1144 712 1190 Satis
758 1141 817 1189 de
866 1140 1069 1188 Saturno
1111 1149 1159 1187 et
1197 1141 1415 1202 prosapia
1454 1141 1554 1186 eius
1589 1173 1695 1187 .....
1710 1155 1783 1186 um
1818 1136 1919 1199 est,3

271 1217 490 1263 homines
521 1214 683 1261 fuisse.
759 1212 993 1262 Tenemus
1026 1208 1376 1273 compendium,
1410 1210 1455 1255 in
1488 1218 1678 1256 ceteros
1710 1210 1921 1272 originis.

273 1284 715 1352 praescriptionem,
741 1297 799 1328 ne
825 1297 910 1345 per
933 1281 1145 1344 singul‘os
1165 1295 1437 1342 evagemur.
1473 1279 1680 1338 Qualitas
1704 1280 1915 1342 posteri-3.

278 1357 388 1404 tatis
405 1372 432 1402 a
463 1353 752 1418 principibus
779 1352 971 1416 generis
990 1350 1270 1408 ostenditur,
1295 1350 1510 1397 mortalia
1535 1348 1592 1397 de
1618 1347 1916 1408 mortalibus,3

273 1436 471 1475 terrena
496 1423 554 1471 de
580 1424 809 1481 terrenis,
837 1421 1010 1487 gradus
1028 1420 1085 1469 ad
1119 1420 1292 1485 gradus
1317 1429 1667 1483 comparantur,
1700 1408 1913 1484 nuptiae,¹

277 1505 540 1559 conceptus
579 1493 757 1541 natales
796 1501 1130 1549 cucurrerunt,
1170 1492 1351 1554 patriae
1391 1489 1552 1548 sedes,
1591 1505 1763 1555 regna,
1810 1504 1913 1554 moa

275 1575 501 1616 numenta
541 1566 553 1611 l
562 1599 762 1612 .........
808 1565 884 1628 qui
924 1572 1059 1610 natos
1101 1579 1191 1609 non
1231 1570 1427 1625 possunt
1457 1577 1658 1624 negare,
1698 1549 1915 1616 mortuoss

282 1636 503 1694 credant,
545 1636 623 1699 qui
661 1644 871 1681 mortuos
910 1632 1214 1690 confitentur,
1256 1629 1373 1678 deos
1412 1647 1504 1678 non
1548 1639 1727 1695 putent.
1813 1625 1942 1693 See}-

282 1709 408 1757 enim
454 1706 715 1754 manifestis
761 1706 830 1751 vis
878 1721 961 1751 sua
1007 1702 1217 1761 adsistit3
1275 1718 1391 1766 quos
1445 1718 1471 1748 a
1512 1700 1770 1765 primordio
1817 1699 1910 1761 nou

290 1809 694 1827 ..................
734 1774 1048 1831 divinitatem,
1097 1770 1365 1820 affirmando
1411 1772 1517 1818 illos
1561 1780 1668 1835 post
1711 1774 1922 1821 mortem*

285 1848 402 1897 deos
434 1849 611 1903 factos,
652 1855 701 1893 ut
733 1845 910 1902 Varro,
953 1853 1002 1890 et
1033 1845 1109 1907 qui
1141 1859 1244 1890 cum
1285 1858 1344 1890 eo
1383 1843 1745 1889 somniaverunt.
1823 1841 1916 1895 Hie

283 1920 432 1983 igitur
463 1918 673 1966 consisto
710 1950 835 1964 ......
870 1915 1140 1962 alle........
1162 1915 1207 1960 in
1244 1913 1334 1961 hoc
1366 1927 1534 1959 nomen
1568 1920 1617 1960 et
1645 1928 1829 1970 numen,
1862 1912 1912 1960 ut

283 1992 333 2037 in
366 1987 578 2036 ordinem
612 1987 923 2044 senatorium,
975 2019 1130 2033 .......
1173 1993 1330 2032 vestra
1373 2017 1574 2031 .........
1611 1981 1791 2030 cedatis
1822 1983 1914 2043 iam

286 2074 486 2108 necesse
506 2067 599 2115 est,
620 2058 822 2121 aliquem
842 2073 1064 2104 summum
1081 2054 1419 2103 dominatorem
1574 2051 1812 2117 allegendi
1829 2069 1911 2116 poe·

287 2138 530 2185 testatem,
564 2137 613 2175 et
637 2129 769 2190 quasi
789 2127 1066 2185 Caesaremz,
1103 2142 1255 2190 neque
1288 2127 1528 2189 quisquam
1547 2123 1650 2171 aliis
1669 2131 1921 2188 praestare

287 2207 468 2265 potest,
503 2199 580 2262 qui
613 2213 703 2243 non
737 2199 837 2260 ipse
870 2196 1150 2243 dominetur.
1192 2196 1412 2243 Ceterum
1445 2196 1483 2242 si
1514 2202 1768 2258 potuerunt
1799 2193 1920 2241 deos

290 2284 397 2318 sese
429 2269 590 2315 facere
624 2275 730 2331 post
759 2275 980 2323 mortem,
1014 2282 1040 2313 a
1047 2299 1224 2314 ........
1255 2265 1507 2311 deterioris
1541 2263 1826 2311 conditionis
1856 2261 1925 2313 ab

289 2341 428 2388 initio
469 2354 574 2386 esse
613 2338 884 2394 voluerunt3
932 2345 1011 2383 aut
1051 2337 1091 2382 si
1131 2351 1266 2382 nemo
1307 2342 1403 2391 est,
1447 2334 1523 2397 qui
1563 2332 1678 2380 deos
1725 2334 1913 2392 fecerit,

293 2409 528 2475 quomodo
560 2409 674 2455 facti
709 2406 948 2461 dicentur,
1004 2406 1082 2470 qui
1122 2423 1212 2451 non
1253 2405 1342 2451 nisi
1381 2403 1438 2450 ab
1478 2404 1571 2450 alio
1604 2404 1706 2451 lieri
1739 2405 1942 2467 potuis-3

294 2483 431 2529 sent?
464 2480 532 2528 lta
566 2479 717 2526 nullus
750 2477 885 2525 datur
907 2476 1043 2524 vobis
1075 2475 1303 2523 renuendi
1331 2475 1483 2532 locus,
1517 2490 1623 2522 esse
1655 2475 1914 2538 mancipem

295 2550 525 2616 quendam
558 2549 830 2597 divinitatis,
915 2547 1258 2611 Perspiciamus
1291 2547 1445 2608 itaque
1479 2560 1669 2592 caussas
1701 2544 1912 2608 allegem-

296 2622 384 2670 dae
417 2621 717 2669 mortalitatis
747 2621 794 2667 in
827 2619 1025 2666 coelum.
1068 2617 1239 2664 Harum
1257 2614 1490 2678 duplicem
1513 2616 1744 2663 rationem
1771 2613 1912 2665 credo

296 2694 580 2757 proferetis:
621 2699 700 2738 aut
737 2691 860 2738 enim
900 2689 979 2736 illu
995 2721 1170 2736 ........
1208 2687 1311 2750 quis
1350 2685 1472 2732 idem
1505 2693 1748 2749 praestans
1780 2685 1942 2744 facit„

299 2771 350 2809 ut
379 2763 554 2810 habeat
591 2762 667 2809 vel
705 2759 999 2809 amminicula
1038 2758 1111 2805 vel
1150 2757 1432 2803 munimenta
1472 2757 1544 2804 vel
1593 2756 1732 2803 etiam
1779 2763 1909 2804 orna*-
1936 2751 1942 2763 ²

294 2841 454 2880 menta
491 2833 670 2896 fastigii
710 2832 809 2890 sui;
859 2839 939 2878 aut
977 2829 1247 2876 meritorum
1287 2826 1551 2874 necessitas
1591 2859 1686 2874 .....
1701 2842 1722 2873 5
1764 2824 1909 2889 dignis

299 2902 579 2967 quibusque.
655 2900 799 2949 Aliud
831 2900 940 2965 quid
972 2898 1199 2963 suspicari
1231 2914 1324 2943 non
1356 2895 1510 2945 datur.
1573 2895 1727 2944 Nemo
1745 2929 1871 2943 ......
1879 2928 1908 2963 '5‘

299 2972 474 3037 giendo
522 2973 688 3029 alicui,
745 2981 826 3019 aut
869 2988 962 3019 non
1007 2985 1090 3018 sua
1119 2977 1199 3016 aut
1243 2968 1366 3015 illius
1411 2983 1577 3015 caussa
1613 2967 1744 3014 facit.
1819 2962 1909 3031 Sag]

296 3058 454 3108 neque
470 3077 621 3090 .......
656 3052 821 3106 petere
854 3041 1028 3089 numini
1057 3040 1181 3087 inest
1212 3047 1340 3086 tanta
1372 3047 1420 3086 et
1450 3045 1688 3102 potestas,
1738 3045 1788 3083 ut
1825 3034 1907 3083 sci·

299 3114 414 3162 licet
450 3147 557 3161 .....
594 3113 760 3171 faciat,
807 3114 845 3160 si
884 3121 1012 3160 tanta
1050 3110 1310 3158 humanitas
1349 3109 1613 3172 irrogetur,
1662 3108 1739 3171 qui
1779 3101 1909 3169 egei*
