1942 3554
626 210 711 276 013
739 235 1085 276 Punicum.
1539 232 1673 278 1⁶9

84 406 87 407 ⁷
122 355 308 410 crum,
338 349 424 400 sed
454 351 515 400 sit
544 359 713 400 sancta·
739 359 788 400 et
817 353 918 399 sine
958 340 1258 415 opprobrio,'
1287 347 1458 399 exinde
1490 349 1675 397 scilicet

28 448 35 460 ι
178 438 298 486 ruga
324 423 570 470 vetustatis
607 431 659 469 ut
694 423 854 486 virgo,
901 423 1000 470 sine
1039 422 1221 470 macula
1252 422 1580 470 fornicationis
1624 428 1676 468 ut

98 491 232 551 ”ιιειι,
264 494 365 541 sine
395 493 573 558 probro
604 494 822 551 vilitatis,
854 502 906 540 ut
934 492 1226 541 emundata.-
1263 492 1407 553 Quid,
1448 494 1487 540 si
1509 502 1567 540 et
1595 491 1672 539 hic

375 565 637 627 concipias,
686 564 826 612 adimi
866 563 1052 628 quidem
1090 565 1425 629 peccatoribus
1461 564 1537 611 vel
1576 579 1672 609 ma-

89 638 341 684 &carne
370 636 562 699 pollutis
594 635 1082 693 communicationem,
1115 634 1199 683 sed
1230 635 1289 683 ad
1320 652 1562 700 praesens,
1596 649 1671 680 re-

134 705 322 754 endam
353 707 540 754 scilicet
569 722 630 754 ex
658 707 980 771 poenitentiae
1013 706 1210 764 ambitu,
1252 706 1503 754 seeundum
1546 706 1671 753 illam

21 751 71 831 a!
101 778 338 824 mantiam
369 776 463 835 dei,
497 792 614 842 quae
645 778 818 825 mavult
850 778 1126 841 peccatoris
1162 779 1502 841 poenitentiam
1535 792 1671 841 quam

20 826 74 916 'k
97 856 237 896 ·rtem
255 849 333 908 ¹)?
391 847 494 896 Hoc
532 849 655 896 enim
691 846 1041 896 fundamentum
1088 850 1323 911 opinionis
1366 857 1554 896 vestrae
1594 864 1671 894 us-

100 932 312 984 equaque
348 918 622 982 pulsandum
661 928 769 966 est!
811 917 1019 967 Dicimus
1058 920 1239 982 itaque,
1287 920 1567 967 clementiae
1600 917 1670 964 di-

16 963 173 1081 tsaae
217 991 257 1038 si
301 990 368 1036 ita
411 1005 517 1038 esse
563 992 870 1053 competisset
914 988 1364 1038 demonstrationem
1411 991 1481 1037 sui
1527 990 1669 1038 etiam

71 1058 74 1059 ⁷
113 1069 146 1108 t
174 1059 312 1109 fidem
343 1061 484 1125 lapsis
500 1063 564 1122 2),
597 1062 663 1108 ita
693 1060 951 1125 Apostolus
971 1059 1192 1109 diceret:
1225 1063 1371 1109 nolite
1412 1061 1669 1109 communi-

121 1148 148 1180 e
180 1131 402 1196 operibus
432 1132 733 1181 tenebrarum
750 1133 820 1192 3),
853 1133 941 1179 nisi
973 1134 1311 1196 poenitentiam
1352 1133 1562 1196 egerint3
1604 1140 1668 1190 et,

109 1226 128 1247 ι.
170 1203 341 1250 talibus
372 1219 431 1251 ne
452 1203 623 1251 'eibum
656 1202 841 1267 quidem
874 1219 1082 1261 sumere,
1122 1205 1211 1251 nisi
1250 1213 1554 1268 posteaquam
1589 1219 1668 1250 ca-

21 1319 36 1338 „
113 1290 155 1322 s
183 1275 379 1322 fratrum
409 1273 664 1322 volutando
697 1273 1006 1332 deterserint,
1041 1282 1104 1332 et,
1138 1276 1214 1339 qui
1246 1276 1467 1339 templ-um
1498 1274 1575 1322 dei
1598 1277 1668 1323 vi-

15 1373 18 1376 >
48 1346 240 1400 averit,
270 1345 456 1392 vitiabit
485 1346 611 1392 illum
644 1344 775 1402 deuS,
809 1347 896 1392 nisi
929 1347 1129 1393 omnium
1162 1347 1377 1394 focorum
1411 1347 1596 1394 cineres
1620 1349 1667 1394 in

69 1416 242 1464 clesia
286 1414 347 1463 de
385 1418 540 1480 capite
588 1432 671 1463 suo
717 1418 994 1464 excusserit.
1092 1416 1335 1464 Debuerat
1379 1419 1500 1464 enim
1549 1434 1667 1482 quae

92 1495 337 1535 mnaverat
381 1486 579 1551 proinde
626 1486 995 1545 determinasse,
1052 1504 1250 1551 quonam
1297 1505 1442 1552 usque
1489 1498 1538 1535 et
1582 1490 1666 1537 sub

10 1576 14 1624 j
154 1556 428 1607 conditione
460 1557 750 1616 damnasset,
800 1561 858 1619 [si
898 1561 1148 1622 temporali
1188 1569 1237 1607 et
1277 1559 1586 1607 conditionali
1618 1571 1667 1608 et

155 1637 386 1694 perpetua
415 1631 671 1678 severitate
689 1629 958 1678 damnasset
972 1632 1060 1691 ⁴)].
1116 1630 1274 1678 Porro
1302 1647 1404 1678 cum
1435 1632 1483 1677 in
1516 1633 1665 1679 omni-

34 1710 37 1741 :
92 1706 122 1743 κ·
148 1700 362 1764 epistolis
393 1709 442 1748 et
470 1709 580 1764 post
611 1699 748 1748 fidem
789 1703 928 1749 talem
964 1701 1214 1765 prohibeat
1243 1701 1449 1759 admitti,
1492 1711 1541 1749 et
1580 1702 1663 1750 ad-

66 1775 218 1828 ζὉε-ιιιιι
258 1787 292 1818 a
331 1773 762 1820 ‘communicatione
801 1771 1044 1831 detrudat,
1079 1774 1201 1820 ¹sine
1246 1788 1330 1836 spe
1376 1771 1662 1821 conditionis

12 1839 31 1895 s
79 1835 168 1890 s'us
197 1851 279 1890 aut
306 1844 559 1907 temporis,
604 1852 795 1891 nostrae
827 1845 974 1907 magis
1005 1845 1270 1891 sententiae
1301 1841 1510 1901 adsistit,
1556 1859 1661 1892 eam

107 1914 367 1967 nitentiam
407 1912 660 1961 ostendens
707 1913 940 1962 dominum
984 1916 1148 1972 malle,
1197 1930 1314 1978 quae
1354 1922 1464 1960 ante
1503 1914 1659 1974 fidem,

0 1980 149 2052 {’³·a·e
181 1993 289 2032 ante
317 1984 566 2048 ‘baptisma
602 1993 754 2032 morte
793 1994 1064 2049 peccatoris
1092 1987 1254 2050 potior
1285 1985 1537 2044 habeatur,
1584 2003 1660 2034 se·-

0 2055 31 2114 fs
77 2056 121 2104 el
154 2053 362 2102 diluendi
392 2055 685 2119 per²Christi
717 2058 932 2119 gratiam,
965 2057 1111 2105 semel
1143 2073 1230 2120 pro
1248 2058 1460 2120 peccatis
1485 2058 1658 2106 nostris

76 2135 180 2174 'orte
225 2126 390 2173 functi.
457 2125 579 2173 Nam
623 2127 715 2176 hoc
762 2129 901 2175 etiam
946 2127 994 2175 in
1038 2144 1123 2175 sua
1167 2143 1371 2191 persona
1417 2130 1658 2191 apostolus

11 2192 206 2273 amit·
267 2195 524 2244 Affirmans
554 2198 680 2246 enim
709 2197 947 2247 Christum
978 2198 1039 2246 ad
1070 2199 1161 2246 hoc
1198 2200 1410 2255 venisse,
1460 2208 1507 2246 ut
1543 2216 1657 2263 pec-

11 2268 30 2298 'f
121 2280 219 2316 ‘res
249 2268 404 2315 salvos
433 2268 635 2326 faceret,
665 2281 862 2334 quorum
887 2270 1067 2335 primus
1098 2271 1198 2334 ipse
1230 2270 1411 2326 fuisset,
1447 2269 1556 2333 quid
1574 2271 1657 2318 ad-

0 2332 7 2338 ”
217 2337 281 2385 Et
296 2339 686 2387 'misericordiam
716 2357 815 2388 sum
847 2350 1147 2398 consecutus,
1182 2343 1399 2404 quoniam
1431 2342 1656 2404 ignorans

22 2402 28 2449 ,⁵
153 2410 201 2456 in
230 2408 561 2458 incredulitate
579 2413 654 2476 ⁵)·,
689 2411 761 2458 Ita
792 2413 1044 2459 clementia
1073 2413 1153 2459 illa
1186 2406 1266 2459 deiv
1295 2413 1509 2458 malentis
1540 2429 1656 2475 poe-

0 2494 25 2533 ,τ
92 2481 271 2528 νιιιίειιιι
308 2482 600 2544 peccatoris,
649 2497 783 2545 quam
821 2492 1044 2540 mortem,
1091 2481 1151 2529 ad
1190 2484 1464 2545 ignorantes
1502 2482 1654 2530 adhuc

3 2545 26 2602 ,·’
64 2549 259 2599 adhuc
305 2549 575 2599 incredulos
612 2561 818 2616 spectat,
865 2569 1059 2616 quorum
1099 2569 1265 2600 caussa
1304 2550 1653 2600 liberandorum

84 2623 214 2670 erit
243 2620 472 2679 Christus,
503 2638 610 2677 non
629 2625 705 2686 qui
737 2625 828 2670 iam
861 2622 995 2670 deum
1027 2625 1186 2676 norint
1225 2632 1274 2670 et
1311 2633 1652 2671 sacramentum

2 2687 21 2744 ³.
128 2693 285 2741 corint
314 2691 439 2740 fidei.
502 2691 636 2751 Quod
675 2694 713 2740 si
746 2694 995 2741 clementia
1028 2693 1104 2740 dei
1145 2695 1468 2756 ignorantibus
1500 2694 1652 2742 adhuc

8 2770 21 2821 f
84 2763 371 2811 fidelibus
403 2764 649 2827 competit,
682 2765 840 2828 utique
873 2773 922 2811 et
951 2766 1241 2828 poenitentia
1273 2764 1332 2812 ad
1363 2782 1413 2812 se
1447 2766 1654 2813 clemen-

14 2835 16 2837 ’
95 2857 127 2875 ω·
156 2835 357 2892 invitat,
388 2834 517 2881 salva
547 2828 628 2881 illa
657 2836 975 2898 poenitentiae
1009 2837 1168 2901 specie
1199 2845 1306 2899 post
1336 2835 1498 2895 fidem,
1532 2853 1652 2901 quae

100 2911 126 2945 κ
153 2928 157 2934 ·
246 2915 259 2924 ·

96 303 98 305 ,
82 102 99 170 ι’““

61 703 63 706 Α
23 603 71 680 *w
26 466 62 584 rw

37 1113 43 1128 ι
65 1113 68 1119 .

14 1129 53 1156 ’ἲ

141 3031 188 3087 1)
205 3032 360 3072 Ezech.
379 3035 531 3081 33,11.
648 3035 693 3084 2)
715 3035 907 3074 Latinius
931 3036 1090 3077 emend.
1123 3037 1166 3074 si
1198 3038 1270 3075 ita
1303 3038 1651 3087 competisset

11 3100 16 3111 ‘
88 3089 157 3141 ſsi-
202 3090 604 3128 restitutionem
664 3093 794 3130 suis
827 3094 982 3132 etiam
1044 3105 1068 3141 p
1087 3105 1111 3130 o
1131 3098 1185 3132 nt
1246 3095 1402 3132 fidem
1460 3095 1646 3144 lapsis.

7 3152 10 3186 ξ
105 3145 240 3196 pltea.
259 3149 299 3194 5,
317 3148 385 3184 11.
419 3148 443 3184 1
461 3147 556 3187 Cor.
575 3150 614 3195 5,
637 3149 702 3186 11.
735 3151 758 3186 1
777 3151 870 3187 Cor.
890 3153 927 3197 3,
949 3152 1015 3188 17.
1156 3148 1205 3204 4)
1224 3153 1324 3190 Voc.
1344 3152 1463 3190 uncis
1481 3153 1649 3190 inclusa

146 3206 182 3242 t
197 3203 240 3242 in
255 3203 318 3242 ed.
335 3203 515 3254 Gelenii,
534 3204 607 3243 ned
624 3216 649 3244 a
664 3206 850 3246 Pamelio
867 3219 890 3245 e
907 3219 982 3247 ms.
1000 3211 1184 3258 recepta.
1297 3206 1340 3259 5)
1360 3211 1381 3246 1
1401 3210 1507 3247 Tim.
1526 3211 1564 3260 1,
1583 3210 1647 3245 16.
