1942 3554
595 212 680 251 DE
715 212 1177 252 POENITENTIA.
1618 213 1702 258 51

0 385 1 391 ἵ
39 321 209 393 &origo
241 330 346 377 est?
400 324 623 374 Viderint
653 327 798 384 enim,
845 326 884 373 si
916 342 1006 390 qua
1036 327 1166 374 casui
1204 336 1286 376 aut
1314 327 1589 376 necessitati
1620 336 1702 374 aut

0 395 2 423 ÷
39 378 370 464 §ignorantiae
401 398 709 461 imputantur,
743 397 907 460 quibus
933 398 1146 461 exeeptis
1172 398 1263 447 iam
1290 416 1384 446 non
1416 398 1504 446 nisi
1533 398 1698 445 volun-

38 451 166 532 }tate
198 468 499 532 delinquitur.
563 466 677 514 Cum
710 483 827 530 ergo
859 468 975 514 facti
1009 468 1146 530 origo
1178 479 1273 528 est,
1321 487 1414 518 non
1447 477 1580 515 tanto
1612 485 1698 532 po-

46 541 163 588 'tior
191 538 252 587 ad
281 554 484 603 poenam
515 546 611 595 est,
644 546 818 601 quanto
850 538 1124 602 principalis
1156 539 1215 587 ad
1248 541 1453 603 culpam,
1488 555 1605 602 quae
1637 555 1696 586 nc

52 617 178 658 ⁵tunc
210 608 395 673 quidem
419 608 671 665 liberatur,
706 624 808 654 cum
834 609 990 671 aliqua
1015 607 1269 657 difficultas
1292 610 1695 674 perpetrationem

36 681 180 734 'eius
195 679 451 743 intercipit.
514 678 622 742 Ipsa
653 678 775 725 enim
806 678 895 725 sibi
926 679 1203 741 imputatur,
1231 697 1325 727 nec
1358 680 1576 727 excusari
1606 696 1694 743 po-

50 751 178 798 ¹terit
206 765 294 814 per
322 749 449 796 illam
479 747 769 812 perficiendi.
789 747 1141 806 inl'elicitatem,
1176 745 1389 814 operata'
1407 750 1531 813 quod
1562 766 1693 796 suum

60 820 231 868 fuerat.
320 819 534 882 Denique
581 816 1229 882 dominus-quemadmodum
1274 835 1325 867 se
1373 819 1691 867 adiectionem

58 890 158 954 legi
186 897 512 954 superstruere
544 887 857 945 demonstrat,
890 888 979 935 nisi
1005 897 1054 935 et
1078 890 1333 937 voluntatis
1360 888 1688 937 interdicendo

38 959 267 1008 delicta?
325 974 430 1006 cum
461 957 723 1005 adulterum
755 975 848 1005 non
881 974 985 1006 eum
1017 960 1164 1007 solum
1198 959 1384 1018 definit,
1434 961 1511 1024 qui
1543 960 1689 1006 comi-

56 1046 143 1078 nus
172 1031 222 1077 in
253 1030 454 1077 alienum
482 1029 829 1096 matrimonium
862 1028 1138 1088 cecidisset,
1177 1047 1339 1079 verum
1371 1032 1511 1078 etiam
1543 1031 1687 1087 illum,

41 1101 135 1166 qui
165 1088 387 1165 aspectus
410 1100 799 1164 concupiscentia
825 1101 1208 1149 contaminasset.
1261 1100 1399 1148 Adeo
1428 1100 1551 1166 quod
1574 1118 1687 1165 pro-

52 1171 245 1220 hibetur
273 1167 624 1227 administrare,
658 1171 772 1217 satis
795 1171 1063 1234 periculose
1089 1172 1268 1218 animus
1292 1172 1381 1219 sibi
1405 1187 1688 1236 repraesen-

38 1239 127 1290 &tat
156 1250 206 1290 et
234 1249 414 1289 temere
445 1257 533 1304 per
560 1241 851 1288 voluntatem
883 1242 1111 1304 expungit
1134 1242 1371 1289 effectum.
1435 1242 1577 1288 Cuius
1601 1258 1686 1288 vo-

54 1312 247 1360 luntatis
279 1327 383 1360 cum
412 1312 483 1360 vis
513 1319 646 1358 tanta
677 1312 760 1368 sit,
792 1319 845 1357 ut
875 1327 968 1361 non
1000 1313 1218 1358 solatium
1250 1313 1320 1359 sui
1352 1321 1567 1359 saturans
1597 1328 1684 1375 pro

52 1383 185 1430 facto
218 1380 384 1439 cedat,
415 1397 503 1446 pro
534 1382 663 1428 facto
696 1397 813 1444 ergo
845 1382 1097 1445 plectetur.
1158 1382 1470 1429 Vanissimum
1511 1391 1585 1430 est
1615 1382 1686 1429 di-

53 1469 190 1501 cere:
221 1453 373 1510 volui,
406 1467 495 1499 nec
526 1459 683 1498 tamen
713 1452 824 1498 feci.
884 1450 1061 1514 Atquin
1099 1453 1332 1515 perficere
1366 1452 1535 1510 debes,
1577 1454 1685 1516 quia

50 1523 144 1587 vis,
177 1531 258 1570 aut
287 1538 377 1569 nec
402 1521 553 1579 velle,
587 1521 695 1584 quia
725 1537 813 1568 nec
839 1521 1046 1585 perficis.
1110 1521 1206 1569 Sed
1230 1524 1331 1586 ipse
1358 1523 1683 1571 conscientiae

53 1601 162 1641 tuae
195 1592 494 1646 confessione
524 1592 816 1655 pronuntias.
876 1591 999 1639 Nam
1030 1592 1069 1639 si
1098 1592 1271 1640 bonum
1299 1595 1680 1657 concupisceres,

44 1662 283 1729 perlicere
328 1663 578 1726 gestisse83
625 1679 769 1726 porro
817 1662 938 1709 sicut
982 1663 1150 1710 malum
1195 1680 1289 1710 non
1328 1665 1543 1728 perficis,
1592 1681 1680 1711 nec

37 1735 392 1799 ‘concupiscere
439 1732 687 1780 debueras.
772 1732 967 1796 Quaqua
997 1742 1058 1797 rte
1107 1735 1435 1792 constitueris,
1485 1736 1679 1782 crimine

33 1801 351 1868 ⁴astringeris,
385 1804 492 1868 quia
523 1812 603 1850 aut
632 1804 800 1850 malum
831 1804 1060 1861 volueris,
1095 1812 1176 1850 aut
1204 1804 1377 1851 bonum
1408 1822 1501 1852 non
1533 1805 1680 1852 adim-

49 1876 269 1941 pleveris.

189 1951 240 1996 4.
302 1944 523 1992 Omnibus
569 1959 685 2006 ergo
733 1942 920 1990 delictis
965 1959 1047 1991 seu
1095 1960 1241 1991 carne
1284 1960 1367 1992 scu
1398 1945 1563 2008 spiritu
1595 1961 1677 1992 seu

47 2017 178 2064 facto
218 2030 301 2062 seu
330 2015 571 2062 voluntate
603 2014 861 2061 commissis
893 2014 969 2078 qui
999 2031 1199 2078 poenam
1230 2031 1318 2078 per
1339 2014 1561 2062 iudicium
1593 2015 1676 2063 de-

47 2086 258 2142 stinavit,
290 2084 415 2146 idem
445 2092 495 2132 et
521 2084 705 2131 veniam
729 2100 816 2147 per
840 2085 1178 2147 poenitentiam
1204 2085 1674 2148 spopondit,.dicens

46 2155 108 2205 ad
131 2150 395 2221 populum?³
409 2215 415 2222 .
445 2155 657 2202 oenitere
677 2155 746 2215 1),
781 2163 830 2202 et
854 2155 1029 2202 salvum
1059 2155 1230 2202 faciam
1260 2163 1324 2202 te.
1385 2156 1449 2202 Et
1478 2157 1670 2203 iterum:

45 2227 191 2285 Vivo,
238 2224 691 2290 inqui-{dominum
739 2234 788 2272 et
831 2226 1170 2290 poenitentiam
1215 2226 1339 2272 malo
1381 2242 1514 2289 quam
1547 2243 1672 2274 mor-

36 2305 140 2346 >tem
155 2299 220 2358 2).
275 2295 410 2360 >Ergo
442 2296 736 2360 poenitentia
763 2296 861 2343 vita
891 2304 985 2354 est,
1034 2311 1137 2343 cum
1167 2298 1478 2360 praeponitur
1513 2299 1668 2344 morti.

36 2367 169 2416 Eam
194 2376 242 2415 tu
272 2375 523 2431 peccator,
556 2366 648 2413 mei
678 2366 863 2423 similis,
913 2367 1024 2426 (imo
1064 2383 1138 2414 me
1184 2367 1359 2424 minor,
1407 2383 1499 2430 ego
1548 2369 1669 2414 enim

45 2438 382 2505 praestantiam
427 2438 475 2484 in
520 2435 706 2484 delictis
745 2453 895 2484 meam
941 2440 1204 2500 agnosco,)
1251 2438 1320 2483 ita
1365 2435 1556 2493 invade,
1584 2438 1671 2485 ¹ita

39 2510 337 2573 amplexare,
383 2516 434 2554 ut
477 2507 732 2569 naufragus
763 2507 960 2554 alicuius
991 2507 1180 2554 tabulae
1214 2506 1367 2553 fidem.
1446 2506 1581 2553 Haec
1621 2512 1676 2554 te‘

40 2587 351 2644 peccatorum
385 2578 601 2625 fluctibus
631 2593 855 2635 mersum,
902 2577 1170 2641 prolevabit
1213 2585 1262 2623 et
1298 2578 1345 2622 in
1382 2585 1567 2639 portum
1599 2576 1669 2623 di-

39 2649 181 2696 vinae
215 2648 494 2697 clementiae
524 2647 797 2711 protelabit.
871 2647 1001 2710 Rape
1050 2647 1348 2694 occasionem
1397 2647 1666 2709 inopinatae

39 2719 308 2776 felicitatis,
340 2727 392 2765 ut
420 2718 580 2766 illetu
609 2717 723 2765 nihil
756 2716 987 2780 quondam
1017 2732 1164 2780 penes
1202 2715 1361 2772 deum,
1409 2716 1498 2762 nisi
1542 2717 1667 2764 stilla

40 2789 295 2836 situlae-et
323 2803 466 2835 areae
496 2788 645 2851 pulvis
677 2795 726 2834 et
760 2788 997 2834 vasculum
1043 2786 1260 2848 figuli3),
1307 2785 1451 2832 arbor
1494 2786 1665 2834 exinde

46 2858 131 2906 fias
161 2858 264 2914 illa,
306 2873 424 2921 quae
454 2873 600 2921 penes
631 2872 775 2919 aquas
806 2858 978 2903 seritur
1017 2864 1066 2903 ct
1103 2856 1150 2901 in
1194 2855 1320 2902 foliis
1357 2865 1587 2919 perennat
1617 2866 1668 2903 et

31 3107 34 3111 ·
159 3095 204 3144 1)
235 3094 403 3133 Wouw.
437 3107 460 3133 e
491 3106 567 3132 ms.
598 3094 875 3133 Poeniteat
903 3096 966 3133 te.
1118 3091 1162 3142 2)
1201 3094 1355 3133 Ezech.
1389 3097 1464 3141 18,
1499 3097 1564 3132 21.
1597 3097 1663 3134 23.

44 3143 287 3200 ⁸3‚11sqq.
407 3151 450 3201 3)
483 3153 646 3200 1es.40,
669 3154 733 3188 15.
767 3153 830 3199 64,
852 3154 889 3188 8.
950 3151 1198 3200 ler.19,11.
1257 3152 1374 3190 Rom.
1393 3155 1432 3200 9,
1453 3153 1519 3189 20.
1538 3154 1609 3191 21..

1243 3210 1313 3256 4.
