1942 3554
1717 25 1728 46 ς
1838 0 1901 150 ε
1919 23 1921 25 ·

1881 150 1897 186 tx,
1931 134 1936 178 ἶ,

350 263 477 308 154
930 263 1012 300 DE
1043 262 1379 322 Punrcrrm.

351 384 514 423 sancto
558 382 606 421 et
648 374 805 430 nobis,
867 374 1035 419 nullum
1081 374 1272 435 amplius
1314 373 1446 420 vobis
1497 372 1708 422 adiicere
1754 370 1922 438 pond'p,

352 460 483 507 quam
516 459 698 499 eorum,
745 460 773 489 a
818 443 979 505 quibus
1017 458 1211 489 necesse
1250 451 1322 490 est
1358 443 1605 501 abstineri,
1645 459 1673 490 a
1709 446 1925 496 sacrificii*

352 523 399 560 et
442 529 470 559 a
513 512 900 559 fornicationibus
944 520 992 559 et
1035 514 1307 574 sanguine.-
1359 511 1405 559 A
1449 513 1609 575 quibus
1660 514 1942 576 observanffii

351 591 482 631 recte
515 583 652 644 agitis
669 583 713 641 1)
745 590 962 628 vectante
991 599 1075 629 vos
1106 583 1268 645 spiritu
1300 590 1461 630 sancto
1478 584 1541 642 2).
1591 581 1775 631 Sufficit
1806 593 1854 631 et
1874 577 1942 646 hid

352 660 582 700 servatum
614 668 715 699 esse
748 652 989 699 moechiae
1022 661 1070 699 et
1112 652 1411 699 fornicationi
1457 653 1607 699 locum
1651 654 1840 701 honoris
1876 648 1942 716 M

352 725 477 769 inter
506 721 819 768 idololatriam
851 731 899 768 et
927 721 1240 768 homicidium.
1288 721 1589 769 Interdictum
1618 724 1741 770 enim
1771 718 1942 791 sang‘nl

354 794 425 840 nis
456 792 597 838 multo
630 793 775 854 magis
806 791 991 839 humani
1028 792 1354 854 intelligemus
1428 791 1576 838 Porro
1616 794 1774 859 qualia
1809 793 1942 844 vide-1

353 862 515 910 volunt
543 863 743 925 apostoli
774 863 987 917 crimina,
1037 877 1153 924 quae
1199 863 1340 908 sola
1327 878 1374 907 m
1406 862 1732 910 observatione
1764 861 1822 911 de
1853 864 1942 928 legi}

354 933 551 996 pristina
582 940 862 994 excerpunt,
912 947 1028 994 quae
1068 932 1169 978 sola
1206 932 1473 978 necessario
1513 931 1787 979 abstinenda
1823 941 1942 996 pram

356 1002 595 1049 scribunt?
651 1001 761 1048 Non
793 1000 916 1069 quod
947 1002 1040 1050 alia
1068 1003 1360 1064 permittant,
1407 1000 1491 1048 sed
1536 1001 1659 1064 quod
1703 1002 1821 1050 haec
1861 1003 1942 1050 sol

355 1079 648 1135 praeponant
676 1073 833 1133 utique
872 1087 964 1117 non
1002 1071 1318 1127 remissibilia,
1358 1073 1433 1133 qui
1471 1071 1760 1119 ethnicorum
1799 1079 1942 1120 caus4

358 1150 520 1188 cetera
552 1141 669 1201 legis
701 1156 846 1186 onera
876 1141 1171 1187 remissibilia
1194 1142 1423 1187 fecerunt.
1472 1140 1566 1187 Cur
1591 1156 1704 1203 ergo
1731 1144 1915 1190 cervice

357 1219 563 1256 nostram
595 1226 622 1255 a
651 1218 782 1255 tanto
815 1211 926 1271 iugo
959 1218 1205 1267 excusant,
1246 1210 1334 1255 nisi
1370 1218 1422 1255 ut
1450 1210 1540 1256 illis
1571 1210 1847 1274 compendia
1876 1213 1942 1260 ist

359 1278 633 1341 disciplinae
673 1294 857 1341 semper
893 1280 1160 1342 imponant?
1233 1278 1327 1326 Cur
1369 1287 1440 1325 tot
1483 1280 1666 1327 vincula
1708 1280 1942 1343 indulgen

360 1350 448 1396 nisi
485 1357 536 1395 ut
573 1358 800 1412 perpetuo
841 1347 899 1395 ad
938 1350 1265 1396 necessariora
1302 1350 1654 1411 constringant?
1720 1349 1942 1399 Solverat-1

361 1436 389 1478 a
418 1418 646 1482 pluribus,
678 1428 729 1469 ut
758 1419 1111 1466 nocentioribus
1142 1418 1443 1466 observandis
1469 1419 1796 1482 obligaremur.
1831 1421 1942 1468 Com

361 1490 635 1553 pensatione
667 1505 743 1536 res
774 1498 882 1536 acta
905 1497 998 1546 est,
1031 1490 1199 1536 lucrati
1222 1506 1374 1536 sumus
1398 1489 1553 1547 multa,
1584 1498 1635 1536 ut
1657 1490 1810 1553 aliqua
1833 1504 1942 1554 pra*

365 1568 550 1606 stemus.
614 1559 943 1621 Compensatio
977 1568 1130 1606 autem
1161 1552 1442 1606 revocabilis
1471 1576 1563 1606 non
1588 1569 1682 1618 est,
1715 1559 1942 1624 iisdemqu.

364 1629 687 1685 revocabitur,
720 1631 970 1676 iteratione
1003 1629 1245 1676 moechiae
1276 1630 1435 1692 utique
1460 1638 1509 1677 et
1533 1631 1768 1692 sanguinis
1793 1640 1840 1678 et
1870 1629 1942 1678 id<-

365 1700 597 1746 lolatriae.
656 1699 777 1745 Tota
808 1701 929 1746 enim
960 1700 1049 1747 iam
1082 1700 1159 1746 lex
1202 1708 1427 1757 sumetur,
1474 1700 1513 1749 si
1555 1701 1719 1747 veniae
1766 1699 1918 1748 condit

367 1770 587 1817 solvetur.
650 1767 745 1815 Sed
776 1786 868 1815 non
900 1770 1067 1817 leviter
1095 1769 1336 1816 nobiscum
1366 1777 1530 1833 pactus
1561 1779 1633 1817 est
1656 1771 1843 1833 spiritus
1869 1786 1942 1818 sa:

369 1848 492 1896 ctus,
526 1840 665 1886 etiam
696 1839 818 1889 ultro
851 1849 1037 1902 pactus,
1072 1856 1161 1902 quo
1193 1839 1339 1902 magis
1369 1839 1682 1887 honorandus.
1751 1838 1942 1904 Sponsi=

368 1926 472 1956 nem
504 1910 603 1957 eius
634 1925 769 1957 nemo
803 1908 1048 1967 dissolvet,
1089 1910 1177 1956 nisi
1208 1911 1432 1972 ingratus.
1506 1910 1599 1957 Iam
1645 1912 1732 1957 nec
1777 1911 1934 1975 recipiv

370 1996 487 2043 quae
519 1979 714 2036 dimisit,
746 1995 834 2027 nec
867 1979 1068 2027 dimittet
1098 1995 1215 2043 quae
1260 1981 1467 2027 retinuit.
1539 1979 1790 2028 Novissimi
1834 1988 1934 2028 test<

370 2051 513 2096 menti
545 2066 730 2113 semper
759 2048 1103 2097 indemutabilis
1134 2059 1280 2097 status
1326 2058 1419 2107 est,
1468 2058 1526 2096 et'
1557 2051 1714 2114 utique
1759 2052 1935 2099 recitat

371 2119 553 2167 decreti
586 2120 923 2182 consiliumque
950 2118 1064 2166 illud
1096 2136 1196 2166 cum
1229 2120 1389 2166 seculo
1423 2118 1618 2167 desinet.
1680 2118 1805 2168 Satis
1835 2119 1933 2168 den

372 2190 498 2252 gavit
533 2191 714 2236 veniam
754 2205 937 2246 eorum,
984 2205 1176 2252 quorum
1216 2187 1471 2236 custodiam
1517 2190 1684 2252 elegit,
1728 2188 1937 2238 vindica*

374 2274 490 2321 quae
522 2275 615 2304 non
644 2257 841 2320 proinde
874 2260 1123 2305 concessit.
1186 2258 1303 2305 Hinc
1335 2267 1427 2315 est,
1475 2258 1613 2322 quod.
1642 2275 1790 2322 neque
1828 2259 1922 2306 idol

374 2329 538 2374 latriae
570 2342 720 2390 neque
751 2329 963 2390 sanguini
1005 2344 1097 2390 pax
1141 2327 1198 2374 ab
1245 2328 1460 2374 ecclesiis
1503 2327 1729 2375 redditur.
1789 2327 1859 2375 De
1891 2345 1918 2392 q

375 2397 582 2444 finitione
614 2413 697 2444 sua
727 2398 968 2460 apostolos
999 2396 1252 2455 excidisse,
1299 2406 1438 2460 puto,
1481 2414 1572 2444 non
1610 2398 1724 2445 licet
1752 2397 1923 2447 credet·

376 2476 455 2514 aut
486 2467 525 2514 si
557 2466 755 2515 credere
788 2466 972 2530 quidam
1002 2476 1216 2530 possunt,
1249 2465 1732 2532 debebuntprohare.

519 2541 597 2587 13.
658 2536 882 2584 Novimus
911 2538 1048 2600 plane
1080 2546 1129 2584 et
1158 2538 1231 2585 hic
1264 2538 1551 2601 suspiciones
1582 2540 1757 2584 eorum.
1799 2537 1926 2586 Reve

378 2609 499 2654 enim
530 2607 822 2669 suspicantur
851 2607 1110 2670 apostolum
1140 2606 1327 2657 Paulum
1373 2608 1419 2653 in
1463 2606 1671 2654 secunda·
1713 2606 1772 2654 ad
1816 2607 1935 2656 Con'·

380 2678 501 2724 thios
532 2675 685 2736 eidem
709 2677 987 2724 fornicatori
1007 2678 1188 2724 veniam
1214 2676 1414 2734 dedisse,
1442 2692 1575 2740 quem
1598 2679 1644 2724 in
1667 2678 1868 2742 prima3)
1896 2675 1939 2727 θ’

381 2745 580 2795 dendum
620 2745 823 2793 Satanae
862 2748 908 2793 in
945 2747 1179 2797 interitum
1226 2748 1378 2794 carnis
1421 2748 1752 2810 pronuntiarit,
1798 2746 1942 2810 impin

380 2818 527 2879 patris
573 2815 630 2863 de
676 2817 969 2864 matrimonio
999 2815 1272 2874 haeredem,
1316 2818 1447 2880 quasi
1476 2818 1549 2864 vel
1563 2819 1610 2877 4)
1643 2818 1788 2880 ipsum
1818 2824 1932 2880 post}

383 2887 537 2934 stilum
567 2887 763 2936 verterit
791 2886 1023 2934 scribens:
1057 2884 1108 2933 Si
1139 2888 1238 2950 quis
1268 2895 1420 2934 autem
1451 2888 1757 2944 contristavit,
1789 2902 1881 2933 non
1900 2901 1935 2934 ‘mv

496 3011 540 3059 1)
556 3012 646 3049 Act.
663 3014 805 3059 Apost.
823 3014 889 3061 15,
909 3015 961 3050 28
979 3024 1039 3060 sq.
1156 3011 1202 3066 2)
1228 3014 1391 3050 Wouw.
1414 3024 1489 3050 ms.
1520 3014 1664 3050 recte
1693 3012 1865 3061 agetis
1894 3022 1919 3048 v

383 3067 529 3104 tante
560 3066 639 3113 (sic
670 3069 793 3105 etiam
819 3070 862 3106 in
886 3070 978 3106 cod.
1002 3069 1168 3118 Ursini)
1201 3080 1287 3106 vos
1317 3081 1382 3116 sp.
1415 3080 1446 3106 ι.
1490 3069 1634 3106 lunius
1649 3067 1807 3106 emend.
1837 3077 1922 3104 rec

386 3123 569 3171 agetis.
628 3124 882 3161 vectante
914 3136 1003 3162 nos
1034 3136 1100 3173 sp.
1132 3137 1163 3165 s.
1195 3125 1406 3163 sufficit
1434 3127 1514 3162 etc.
1628 3121 1928 3177 :Diem-..232

385 3178 607 3227 4)Wouw.
623 3189 701 3216 ms.
719 3182 760 3216 et
777 3180 864 3227 Rig.
888 3181 1160 3229 quasique,
1192 3181 1265 3219 atii
1293 3180 1520 3228 quasive-
