1942 3554
289 225 413 274 228
885 224 973 262 DE
1017 223 1297 260 PALL10.

289 351 379 399 ret,
412 337 626 403 cymbalo
658 338 865 384 incessit.
930 335 1063 395 Quod
1094 338 1132 383 si
1163 338 1253 383 iam
1284 345 1393 384 tunc
1425 336 1634 385 locorum
1666 326 1906 402 Diogenes

291 412 349 460 de
382 410 508 458 dolio
542 410 751 465 latraret,
785 424 877 454 non
910 407 1202 454 coenulentis
1231 407 1444 471 pedibus,
1479 417 1527 455 ut
1556 410 1650 457 tori
1673 408 1907 462 Platonici

287 482 460 538 sciunt,
494 478 577 527 sed
610 480 795 525 omnino
827 487 974 529 totum
1004 477 1369 541 Empedoclem
1356 496 1403 525 111
1420 478 1563 543 adyta
1579 479 1923 534 Cloacinarnffl'

291 551 552 607 detulisset,
584 558 650 606 ut,
685 550 761 613 qui
792 565 842 596 se
876 549 1093 596 coelitem
1125 548 1373 607 delirarat,
1406 565 1597 599 sorores
1626 551 1754 614 prius
1785 554 1929 635 suasj}

291 622 464 670 dehinc
498 621 710 668 homines
743 619 857 667 deus
875 621 919 680 1)
960 620 1202 667 salutaret.
1262 620 1401 668 Tales
1431 621 1575 684 igitur
1610 619 1796 669 habitus
1834 621 1930 686 quii

292 692 352 741 de
384 700 550 739 natura
581 700 630 738 et
661 689 892 738 modestia
922 691 1231 748 transferunt,
1280 700 1331 739 et
1362 692 1465 740 acie
1498 692 1645 754 figere
1684 700 1733 740 et
1762 678 1934 756 digito*

294 762 531 811 destinare
571 770 620 809 et
658 770 771 809 nutu
813 759 1003 809 tradere
1042 763 1210 808 merito
1249 763 1323 809 sit.
1383 761 1581 810 Prorsus
1612 763 1651 810 si
1681 763 1782 826 quis
1809 762 1913 811 Mea

295 833 522 882 nandrico
554 834 679 880 fluxu
711 832 959 880 deIIcatam
989 841 1165 880 vestem
1196 832 1322 879 humi
1350 833 1611 897 protrahat,
1644 832 1804 881 audiat
1830 850 1930 899 [ιο-ν

295 920 379 952 nes
409 920 459 952 se
491 911 541 954 et
573 905 795 961 comicus,
830 903 1022 961 Qualem
1054 902 1244 950 demens
1283 904 1371 952 iste
1404 903 1695 986 chlamydem
1734 903 1935 988 disper-

297 974 395 1023 dit?
452 974 703 1021 Enimvero
735 975 826 1021 iam
865 972 1034 1020 dudum
1075 974 1320 1021 censoriae
1359 975 1634 1024 intentionis
1661 975 1931 1040 episcynio

297 1045 535 1109 disperso,
578 1048 794 1108 quantum
834 1043 1076 1091 denotatui
1113 1046 1359 1108 passivitas
1404 1045 1545 1092 offert
1589 1045 1845 1094 libertinos
1869 1048 1918 1094 in

300 1115 608 1180 equestribuS,
641 1114 974 1162 subverbustos
1011 1115 1059 1160 in
1090 1115 1384 1195 liberalibuS,
1417 1101 1660 1164 de'dititios
1697 1117 1746 1165 in
1783 1117 1918 1180 inge·-

297 1188 417 1242 nuis‚
451 1185 638 1248 rupices
669 1187 716 1232 in
746 1185 960 1242 urbanis,
1007 1200 1194 1232 scurras
1225 1185 1272 1231 in
1302 1186 1590 1243 forensibus,
1627 1202 1842 1250 paganos
1869 1189 1918 1235 in

298 1256 598 1304 militaribus:
630 1256 852 1320 vespillo,
894 1256 1024 1311 leno,
1072 1256 1240 1302 lanista
1270 1264 1424 1303 tecum
1460 1257 1735 1312 yestiuntur.
1797 1256 1920 1304 Con÷

297 1335 431 1375 verte
465 1335 513 1373 et
542 1324 601 1372 ad
632 1327 843 1375 feminas.
907 1326 1063 1373 Habes
1094 1335 1334 1389 spectare,
1376 1326 1499 1390 quod
1531 1326 1737 1375 Caecina
1775 1326 1921 1390 Seve-

303 1415 379 1445 rus
418 1398 626 1460 graviter
663 1398 844 1445 senatui
882 1397 1140 1460 impressit,
1189 1405 1426 1444 matronas
1463 1398 1564 1445 sine
1594 1398 1716 1445 stola
1753 1400 1800 1446 in
1837 1415 1942 1463 pu-lr

294 1466 427 1516 blico
445 1470 516 1527 2),
565 1466 764 1532 denique
811 1466 999 1515 Lentuli
1030 1468 1218 1529 auguris
1258 1468 1506 1526 consultis,
1554 1483 1673 1532 quae
1711 1469 1779 1516 ita
1816 1484 1921 1517 sese

304 1546 675 1596 exauctorasset,
709 1555 794 1603 pro
826 1547 987 1603 stupro
1020 1547 1123 1585 erat
1152 1554 1331 1602 poena:
1392 1537 1824 1603 quoniamquidem
1854 1541 1925 1586 in·

301 1609 436 1656 dices
468 1608 779 1674 custodesque
812 1608 1052 1672 dignitatis
1083 1608 1291 1667 habitus,
1338 1617 1389 1656 ut
1426 1610 1648 1658 lenocinii
1678 1608 1926 1658 factitandi

299 1678 657 1744 impedimenta,
704 1677 867 1727 sedulo
908 1678 1134 1744 quaedam
1181 1678 1556 1727 desuefecerant.
1616 1678 1682 1727 At
1717 1697 1838 1728 nunc
1878 1681 1925 1728 in

306 1750 582 1813 semetipsas
613 1749 943 1808 lenocinando,
978 1766 1067 1814 quo
1099 1750 1281 1814 planius
1311 1749 1562 1808 adeantur,
1603 1759 1652 1798 ct
1680 1751 1847 1798 stolam
1877 1759 1926 1799 et

306 1837 552 1885 supparum
593 1829 641 1869 et
678 1820 966 1886 crepidulum
1005 1821 1053 1868 et
1084 1820 1394 1879 caliendrum,
1441 1823 1565 1885 ipsas
1610 1837 1792 1886 quoque
1837 1822 1927 1869 iam

300 1891 504 1940 lecticas
535 1898 584 1938 et
614 1893 753 1940 sellas
786 1894 915 1957 queis
946 1893 992 1938 in
1023 1891 1211 1955 publico
1251 1908 1432 1956 quoque
1472 1891 1729 1941 domestice
1768 1909 1824 1940 ac
1855 1907 1930 1939 se-

307 1971 439 2010 crete
471 1962 786 2022 habebantur,
827 1964 1088 2011 eieravere.
1153 1961 1250 2010 Sed
1289 1963 1406 2010 alius
1444 1963 1701 2026 exstinguit
1737 1979 1821 2011 sua
1859 1963 1928 2010 lu-

303 2034 454 2090 mina,
501 2033 619 2081 alius
665 2051 758 2081 non
797 2051 879 2082 sua
917 2033 1151 2081 accendit.
1211 2032 1421 2097 Adspice
1453 2034 1607 2097 lupas,
1638 2034 1930 2097 popularium

301 2102 550 2152 libidinum
582 2104 827 2163 nundinas,
860 2106 983 2169 ipsas
1016 2120 1199 2168 quoque
1231 2105 1483 2152 frictrices.
1544 2103 1620 2162 Et,
1653 2105 1692 2151 si
1722 2112 1932 2168 praestat

310 2174 475 2221 oculos
513 2174 750 2223 abducere
789 2176 847 2223 ab
887 2174 1115 2222 eiusmodi
1152 2174 1393 2238 propudiis
1433 2175 1620 2222 occisae
1658 2176 1705 2222 in
1741 2175 1930 2239 publico

313 2245 564 2302 castitatis,
611 2246 802 2309 adspice
841 2255 995 2292 tamen
1032 2246 1108 2292 vel
1140 2246 1369 2303 sublimis,
1415 2246 1506 2292 iam
1536 2254 1772 2292 matronas
1801 2244 1932 2292 vide-

307 2314 398 2362 bis.
459 2313 521 2360 Et
558 2330 661 2362 cum
700 2317 970 2363 latrinarum
1015 2317 1209 2362 antistes
1254 2316 1455 2362 sericum
1498 2315 1714 2372 ventilat,
1761 2324 1810 2363 et
1846 2316 1932 2361 im-

310 2383 602 2433 mundiorem
634 2386 741 2433 loco
774 2387 1006 2434 cervicem
1037 2385 1284 2432 monilibus
1316 2384 1601 2443 consolatur,
1634 2393 1683 2432 et
1711 2386 1930 2444 armillas,

315 2472 426 2521 quas
465 2471 526 2502 ex
560 2457 764 2504 virorum
802 2458 990 2504 fortium
1029 2454 1163 2502 donis
1201 2457 1330 2519 ipsae
1370 2471 1551 2519 quoque
1590 2464 1831 2504 matronae
1864 2465 1934 2504 te-

312 2542 442 2574 mere
474 2537 797 2592 usurpassent,
831 2528 1030 2574 omnium
1061 2524 1382 2590 pudendorum
1422 2526 1637 2574 conscias
1673 2543 1834 2574 manus
1863 2528 1934 2574 in-

314 2598 454 2656 serit,
486 2599 666 2663 impuro
708 2599 832 2646 cruri
869 2614 1032 2662 purum
1071 2606 1151 2644 aut
1187 2596 1452 2644 mulleolum
1490 2595 1670 2643 inducit
1707 2597 1932 2645 calceum.

317 2668 414 2715 Cur
444 2670 558 2716 istos
590 2686 683 2716 non
714 2678 923 2734 spectas,
969 2668 1044 2715 vel
1075 2668 1182 2715 illos
1219 2668 1330 2715 item
1369 2666 1578 2725 habituS,
1625 2667 1701 2730 qui
1739 2668 1935 2715 novitati

317 2755 429 2787 suae
469 2749 593 2787 stare
632 2741 909 2803 religionem
949 2740 1261 2786 mentiuntur?
1320 2754 1422 2784 cum
1468 2737 1526 2784 ob
1574 2737 1743 2784 cultum
1782 2739 1936 2786 omnia

320 2808 617 2860 candidatum
649 2820 697 2858 et
728 2812 786 2862 ob
819 2819 975 2857 notam
1005 2811 1148 2856 vittae
1182 2817 1230 2856 et
1259 2809 1550 2872 privilegium
1588 2809 1738 2870 galeri
1770 2808 1935 2856 Cereri

317 2881 585 2941 initiantur3
635 2897 736 2929 cum
783 2881 842 2928 ob
882 2880 1112 2928 diversam
1152 2879 1449 2926 affectionem
1486 2878 1760 2926 tenebricae
1790 2878 1935 2930 vestis

323 2962 372 3002 et
401 2954 560 3003 tetrici
590 2969 731 3017 super
761 2952 1119 3034 capuffelleris
1156 2951 1202 2996 in
1233 2949 1458 2997 Bellonae
1490 2957 1668 2996 mentes
1684 2951 1729 3009 ³)
1769 2949 1936 3011 fugan-

438 3109 483 3158 1)
511 3108 594 3147 AL:
625 3109 757 3145 deas.
895 3109 939 3158 3)
971 3109 1032 3148 Cf.
1064 3106 1203 3146 Taciti
1232 3102 1381 3144 Annal.
1413 3106 1481 3154 111,
1515 3107 1580 3144 33.
1727 3098 1933 3155 3)‚Salm·:

327 3165 536 3215 mentis,
569 3164 623 3203 al.
652 3167 866 3203 montes.
