1942 3554
308 153 392 193 DE
419 122 939 193 EXHORTATIONE
975 149 1372 189 cAS‘HTATls.
1529 144 1644 190 111

56 276 58 279 ’
105 268 153 316 ἰιι
182 266 454 332 quibusdam
484 268 784 315 sollemnibus
807 275 857 314 et
886 266 1055 314 officiis
1085 265 1217 329 prior
1247 266 1308 312 sit
1337 265 1544 313 univirae
1576 264 1645 312 lo·
1714 265 1717 268 ⁴

214 337 356 386 Certe
394 338 627 386 flaminica
664 355 756 386 non
788 338 876 384 nisi
911 338 1092 385 univira
1123 346 1216 394 est,
1265 352 1382 400 quae
1423 346 1472 385 et
1499 338 1644 385 flami-

58 403 72 424 *
127 409 206 458 lex
235 418 322 469 est.
383 409 504 457 Nam
543 404 666 474 q'uod
703 411 791 473 ipsi
835 409 1054 456 Pontifici
1089 407 1294 455 Maximo
1334 409 1508 457 iterare
1548 426 1645 456 ma-

71 481 85 493 '
135 481 292 528 onium
329 496 423 527 non
460 481 596 538 licet,
643 482 802 544 utique
835 481 1158 543 monogamiae
1198 481 1350 542 gloria
1381 489 1467 527 est.
1530 479 1644 528 Cum

22 602 27 603 γ
85 559 179 599 tem
211 549 288 599 dei
318 561 614 600 sacramenta
659 562 844 600 satanas
883 552 1098 609 affectat,
1139 552 1416 614 provocatio
1456 559 1528 599 est
1557 568 1643 598 no-

93 639 145 682 a,
176 624 270 671 imo
302 623 517 681 suffusio,
558 626 596 671 si
626 625 750 688 pigri
781 639 933 670 sumus
964 621 1023 669 ad
1056 623 1390 669 continentiam
1430 621 1519 670 deo
1560 638 1645 670 ex-

105 693 288 753 endam,
321 711 456 758 quam
487 694 676 742 diabolo
710 693 893 759 quidam
931 701 1174 758 praestant
1210 709 1331 740 nunc
1368 693 1641 756 virginitate

117 781 142 813 c
171 764 397 814 viduitate
435 775 679 830 perpetua.
740 765 963 812 Novimus
1001 765 1208 826 virgines
1237 762 1440 822 Vestae,
1480 773 1529 811 et
1565 764 1643 812 Iu-

10 836 155 887 nonis
185 835 308 901 apud
337 834 549 884 Achaiae
582 836 815 902 oppidum,
848 844 897 882 et
923 833 1159 898 Apollinis
1190 832 1312 897 apud
1329 834 1559 898 Ephesos,
1592 845 1642 884 et

8 899 259 962 Minervae
292 906 564 972 quibusdam
595 909 713 955 locis
730 909 792 967 1).
832 905 1057 953 Novimus
1090 910 1139 952 et
1167 906 1465 953 continentes
1494 907 1638 965 viros,

6 986 70 1028 *nt
98 977 282 1042 quidem
312 980 434 1026 tauri
465 979 588 1026 illius
617 976 844 1042 Aegyptii
875 977 1130 1036 antistites3
1169 976 1365 1024 feminas
1400 993 1515 1024 vero
1549 978 1642 1026 Ce-

4 1050 139 1115 npris
167 1047 444 1108 Africanae,
478 1051 553 1098 cui
584 1050 724 1114 etiam
763 1057 928 1113 sponte
960 1046 1181 1095 abdicato
1221 1049 1515 1095 matrimonio
1556 1048 1639 1096 ad-

4 1129 284 1179 senescunt,
316 1129 590 1169 aversantes
621 1119 790 1168 exinde
832 1127 1099 1167 contactum
1139 1119 1451 1166 masculorum
1491 1136 1638 1184 usque

3 1189 273 1241 nd‘oscula
302 1191 518 1256 filiorum.
580 1187 979 1248 Invenit‘scilicet
1016 1188 1229 1237 diabolus
1267 1199 1375 1254 post
1412 1191 1638 1239 luxuriam

1 1263 160 1310 ‹etiam
191 1264 456 1310 castitatem
494 1262 824 1327 perditricem,
872 1277 961 1325 quo
993 1261 1142 1324 magis
1179 1277 1288 1310 reus
1319 1262 1380 1308 sit
1411 1260 1639 1310 Christia-

1 1349 116 1390 mus,
150 1334 227 1397 qui
259 1335 523 1382 castitatem
554 1334 848 1381 recusaverit
879 1335 1294 1380 conservatricem.
1363 1332 1516 1380 Erunt
1553 1350 1640 1380 no—

0 1403 86 1458 lhis
123 1405 172 1451 in
198 1406 525 1456 'testimonium
564 1413 613 1452 et
649 1405 852 1451 feminae
892 1402 1120 1467 quaedam
1158 1403 1398 1450 seculares
1438 1404 1497 1451 oh
1537 1405 1639 1451 uni-

0 1475 185 1544 ·fflatus
231 1475 593 1522 obstinationem
630 1475 799 1522 famam
830 1482 1172 1538 consequutae:
1219 1482 1270 1520 ut
1300 1473 1421 1521 Dido
1438 1476 1486 1535 2)
1519 1491 1638 1540 quae

0 1562 7 1599 ι
42 1546 221 1609 ιοῐιιςα
241 1547 287 1593 in
318 1546 474 1593 alieno
506 1546 631 1603 solo,
670 1546 756 1592 rubi
787 1544 972 1610 nuptias
1009 1545 1138 1607 regis
1169 1545 1292 1592 ultro
1334 1554 1520 1609 optasse
1554 1546 1641 1594 de-

0 1560 201 1675 tzuerat,
247 1633 306 1665 ne
338 1625 493 1664 tamen
524 1615 753 1664 secundas
784 1615 1103 1680 experiretur,
1143 1616 1305 1663 maluit
1334 1632 1360 1663 e
1394 1619 1637 1665 contrario

0 1689 84 1754 *pri
114 1704 248 1752 quam
286 1688 487 1747 nubere,
526 1688 602 1736 vel
639 1688 720 1735 illa
757 1686 1004 1746 Lucretia,
1051 1702 1169 1751 quae
1214 1687 1326 1748 ut3)
1367 1689 1512 1736 semel
1550 1705 1637 1753 per

9 1759 102 1808 vim
131 1767 181 1808 et
208 1759 352 1807 invita
391 1760 531 1808 alium
566 1759 715 1806 virum
746 1774 884 1822 passa
914 1767 1009 1815 est,
1049 1759 1275 1820 sanguine
1314 1775 1397 1805 suo
1429 1760 1637 1806 macula-

9 1823 104 1879 tam
135 1845 324 1879 earnem
355 1829 516 1887 abluit,
549 1845 606 1877 ne
636 1831 820 1876 viveret
848 1829 939 1877 iam
971 1845 1064 1875 non
1103 1829 1191 1875 sibi
1229 1830 1424 1876 univira.
1493 1830 1634 1877 Plura

3 1901 226 1965 exempla
256 1909 389 1949 certa
419 1899 478 1947 de
509 1901 680 1947 nostris
711 1898 957 1957 inveniam,
992 1908 1041 1946 et
1071 1898 1255 1963 quidem
1281 1908 1409 1946 tanto
1426 1902 1631 1964 potiora,

6 1980 184 2036 :quanto
215 1972 362 2019 maius
400 1979 473 2018 est
486 1972 532 2031 4)
565 1972 723 2019 vivere
755 1971 803 2017 in
841 1972 1081 2028 castitate,
1123 1987 1257 2034 quam
1287 1987 1374 2034 pro
1407 1987 1464 2019 ea
1494 1973 1630 2034 mori,

9 2041 102 2091 hoc
134 2050 208 2091 est
236 2043 417 2089 animae
441 2040 497 2089 -id
526 2041 697 2089 bonum
728 2042 932 2099 misceri,
966 2057 1101 2105 quam
1132 2058 1224 2087 non
1262 2040 1473 2089 vivendo
1495 2058 1633 2106 sepa-

10 2114 122 2161 rari.
191 2112 359 2172 Quanti
398 2113 542 2176 igitur
578 2121 627 2160 et
665 2121 863 2176 quantae
909 2113 956 2159 in
1002 2113 1342 2160 ecclesiasticis
1389 2112 1633 2162 ordinibus

11 2182 70 2232 de
115 2184 405 2232 continentia
449 2191 722 2241 censentur,
771 2184 846 2246 qui
892 2182 981 2230 deo
1014 2183 1191 2230 nubere
1231 2183 1512 2242 maluerunt,
1554 2186 1631 2249 qui

0 2255 166 2319 marnis
196 2270 307 2303 suae
339 2253 566 2302 honorem
596 2255 910 2311 instituerunt,
945 2254 1112 2317 quique
1144 2269 1194 2301 se
1226 2254 1316 2301 iam
1333 2255 1455 2302 illius
1479 2254 1630 2319 pudo-

0 2327 76 2388 φὶς
108 2325 226 2375 filios
257 2324 546 2383 dicaverunt,
580 2324 854 2372 occidentes
886 2325 932 2372 in
971 2341 1020 2372 se
1054 2326 1483 2389 concupiscentiam
1523 2326 1629 2374 libi-

0 2394 152 2463 fflinis,
185 2405 235 2444 et
270 2404 417 2445 totum
453 2394 589 2454 illud,
629 2394 753 2460 quod
783 2397 906 2443 intra
935 2394 1201 2460 paradisum
1240 2413 1333 2442 non
1363 2397 1515 2460 potuit
1544 2395 1630 2445 ad-

0 2467 144 2518 mitti.
206 2465 338 2515 Unde
375 2465 761 2532 praesumendum
807 2475 879 2516 est
923 2466 1033 2525 hos,
1080 2468 1158 2531 qui
1192 2467 1318 2513 intra
1361 2466 1629 2532 paradisum

0 2702 5 2713 '
123 2707 168 2756 1)
185 2708 284 2746 eod.
315 2709 550 2747 VVouweri:
583 2709 748 2752 Quum
783 2710 954 2747 autem
985 2707 1066 2747 dei
1097 2708 1167 2745 sit
1199 2707 1379 2746 simius
1417 2709 1624 2747 tantum

0 2761 230 2804 'funtanas
261 2765 322 2803 ad
352 2765 736 2814 perficiendum
775 2765 1086 2813 provocatio
1119 2770 1197 2802 est
1233 2764 1481 2803 nostri—
1505 2765 1624 2814 quia

0 2819 223 2872 idiabolo
267 2844 305 2850 --
337 2822 639 2859 noverimus
672 2821 906 2869 virgines
936 2823 1128 2859 Vestae
1157 2822 1289 2869 apud
1318 2823 1544 2871 Romam,
1571 2825 1624 2860 e't

0 2876 227 2933 ginnonis
250 2877 662 2926 apudAchaiam,
683 2878 1011 2926 etApollinis
1036 2878 1439 2930 apudDelphos,
1458 2883 1507 2918 et
1529 2879 1623 2917 Mi-

0 2929 202 2977 ffiervae
229 2931 279 2972 e't
306 2933 506 2972 Dianae
536 2934 772 2972 omnibns
798 2935 944 2973 locis.
996 2935 1308 2973 Noverimun
1339 2936 1621 2974 continen-

0 2977 92 3042 tte.
125 2990 267 3029 viros
291 2992 372 3029 etc.
459 2988 821 3039 2)Rig.⁴Aliqua
851 2992 995 3029 nido.
1086 2992 1239 3041 afflig.
1267 2992 1379 3033 etsi.
1466 2994 1511 3043 4)
1527 2993 1620 3042 mg.

0 3043 148 3141 ῗόοᾱ.
170 3047 299 3096 Agob.
335 3047 412 3086 Pl.
439 3058 501 3086 ex
532 3046 800 3086 curiosius
832 3048 890 3086 de
915 3061 957 3087 n.
994 3048 1256 3100 inveniat,
1285 3070 1342 3079 —
1377 3061 1453 3099 qu.
1482 3049 1620 3089 faci-

3 3111 5 3113 ’
34 3101 114 3143 ius
143 3107 223 3142 ent
252 3106 333 3144 etc.
