1942 3554
210 163 291 207 1ss
771 163 855 200 DE
889 162 1247 201 PATIENTIA.

211 277 413 326 excubat
445 292 530 339 pro
555 274 939 338 persequentibus
964 273 1207 336 supplicat.
1267 272 1451 330 Mirum,
1481 273 1522 320 si
1544 288 1684 336 aquas
1709 291 1820 322 coe-

210 350 351 396 lestes
389 354 670 407 extorquere
708 345 860 400 novit,
909 359 1026 406 quae
1071 343 1223 406 potuit
1267 351 1316 390 et
1359 343 1492 404 ignes
1537 344 1821 407 impetrare?
1864 352 1871 366 ⁹

212 418 325 465 Sola
355 424 427 462 cst
457 415 636 470 oratio,
671 428 787 476 quae
821 412 955 460 deum
983 413 1144 459 vincit.
1221 411 1317 464 Sed
1348 412 1560 460 Christus
1584 413 1684 460 ea'm
1708 414 1821 462 nihil

139 510 141 512 ·
210 488 317 534 mali
347 485 475 531 novit
506 485 707 547 operari.
785 482 974 529 Omnem
1005 483 1073 529 illi
1101 483 1319 530 virtutem
1359 481 1417 530 de
1447 482 1574 530 bono
1607 484 1821 530 eontulit.

210 557 371 619 ltaque
403 554 516 600 nihil
547 554 696 610 novit,
744 554 832 599 nisi
877 552 1203 599 defunctorum
1234 554 1417 617 animas·
1441 551 1499 600 de
1529 554 1630 616 ipso
1661 555 1824 600 mortis

210 629 378 675 itinere
408 639 605 681 vocare,
653 623 831 670 debiles
862 624 1145 679 reformare,
1185 638 1356 685 aegros
1386 622 1672 680 remediare,
1713 622 1825 671 dae-

211 697 450 745 moniacos
481 696 697 757 expiare,
746 694 949 741 claustra
981 694 1188 740 carceris
1220 694 1431 756 aperire,
1476 691 1663 741 vincula
1691 694 1826 740 inno-

213 768 416 816 centium
448 765 646 811 solvere.
707 763 885 810 Eadem
917 762 1052 810 diluit
1082 762 1277 822 delicta,
1309 764 1592 811 tentationes
1622 764 1825 827 repellit,

210 836 597 904 persequutiones
629 835 880 896 extinguit,
912 834 1229 897 pusillanimos
1262 833 1556 893 consolatur,
1584 835 1825 896 magnani-

211 924 312 955 mos
344 906 574 962 oblectat,
608 906 964 968 peregrinantes
996 903 1206 961 deducit,
1240 905 1406 951 fluctus
1437 905 1642 966 mitigat,
1682 904 1827 951 latro-

212 994 296 1025 nes
327 976 661 1039 obstupefacit,
696 976 779 1020 alit
807 990 1059 1037 pauperes,
1092 975 1217 1036 regit
1247 973 1436 1031 divites,
1477 975 1632 1038 lapsos
1671 975 1827 1036 erigit,

215 1047 436 1096 cadentes
468 1045 937 1108 suspendit,*stantes
963 1045 1185 1090 continet.
1242 1043 1401 1091 Oratio
1429 1060 1583 1091 murus
1608 1052 1679 1092 est
1702 1043 1827 1101 fidei,

216 1134 345 1165 arma
375 1125 424 1164 et
453 1116 549 1161 tela
579 1124 739 1160 nostra
770 1113 990 1160 adversus
1022 1114 1268 1170 hominem,
1303 1115 1380 1176 qui
1405 1130 1490 1160 nos
1515 1113 1718 1176 undiquc
1745 1114 1829 1160 ob-

215 1195 384 1235 servat.
461 1185 620 1247 Itaque
654 1197 881 1246 nunquam
914 1185 1114 1229 inermes
1139 1182 1422 1230 incedamus.
1483 1181 1571 1231 Die
1600 1185 1828 1241 stationis,

215 1266 356 1304 nocte
386 1255 576 1317 vigiliae
609 1255 966 1300 meminerimus.
1052 1251 1147 1299 Sub
1193 1254 1333 1299 armis
1381 1247 1606 1301 orationis
1650 1255 1831 1317 signum

215 1327 364 1375 nostri
395 1325 690 1389 imperatoris
722 1322 1058 1380 custodiamus,
1105 1323 1260 1370 tubam
1306 1324 1462 1386 angeli
1507 1333 1832 1388 exspectemus

218 1406 421 1446 orantes.
499 1394 644 1441 Orant
673 1395 812 1441 ctiam
844 1394 1000 1456 angeli
1032 1409 1205 1440 omnes.
1276 1392 1389 1440 Orat
1419 1395 1566 1441 omnis
1598 1403 1829 1442 creatura.

218 1468 365 1516 Orant
393 1464 600 1530 pecudes
631 1473 679 1512 et
708 1466 839 1511 ferae
872 1473 920 1510 ct
950 1480 1102 1526 genua
1133 1463 1391 1522 declinant,
1438 1473 1487 1512 et
1532 1463 1833 1528 egredientes

219 1538 277 1587 de
310 1537 502 1586 stabulis
533 1552 588 1582 ac
621 1535 874 1598 spelunciS,
915 1533 974 1580 ad
1007 1535 1188 1581 coelum
1220 1550 1313 1580 non
1336 1535 1548 1596 otiosi1)-
1571 1551 1654 1582 ore
1685 1536 1831 1599 suspi-

220 1611 372 1666 ciunt,
398 1607 638 1654 vibrantes
669 1606 833 1668 spiritu
863 1621 946 1651 suo
978 1621 1182 1652 movere.
1253 1602 1349 1651 Sed
1380 1613 1428 1652 et
1457 1620 1566 1652 aves
1597 1622 1718 1653 nunc
1751 1622 1834 1654 ex-

219 1686 465 1742 surgentes
498 1678 740 1738 eriguntur
769 1674 828 1722 ad
861 1675 1064 1732 coelum,
1113 1684 1161 1722 et
1197 1675 1373 1722 alarum
1404 1691 1590 1725 crucem
1620 1692 1706 1740 pro
1736 1692 1834 1724 ma-

218 1750 355 1798 nibus
386 1745 665 1803 extendunt,
714 1755 762 1792 ct
805 1744 966 1792 dicunt
1009 1743 1204 1808 aliquid,
1252 1743 1376 1808 quod
1421 1747 1572 1792 oratio
1601 1744 1831 1809 videatur.

221 1819 342 1880 Quid
374 1834 488 1881 ergo
521 1817 714 1881 amplius
747 1815 804 1863 de
835 1816 993 1862 officio
1021 1816 1278 1863 orationis?
1320 1813 1473 1863 Etiam
1498 1816 1598 1880 ipse
1624 1815 1834 1879 dominus

148 1941 157 1952 ,
223 1891 396 1949 oravit,
430 1889 504 1937 cui
535 1889 596 1935 sit
625 1887 777 1934 honor
806 1895 855 1934 et
882 1887 1027 1934 virtus
1058 1887 1106 1934 in
1143 1886 1303 1934 secula
1332 1886 1610 1935 seculorum
1656 1924 1663 1930 .
1889 1881 1897 1888 ”

984 2252 1085 2304 DE-

533 2335 1527 2451 PATIENTIA.

370 2635 415 2688 1.
478 2635 721 2683 Confiteor
749 2632 809 2681 ad
839 2631 1071 2681 dominum
1103 2631 1261 2691 deum,
1307 2633 1419 2680 satis
1449 2642 1626 2682 temere
1655 2649 1752 2693 me,
1798 2636 1839 2683 si

229 2724 322 2755 non
352 2708 493 2755 etiam
523 2704 838 2770 impudenter,
871 2703 928 2751 de
958 2704 1184 2768 patientia
1214 2720 1496 2768 componere
1534 2721 1716 2764 ausum,
1763 2706 1839 2752 cui

228 2775 537 2843 praestandae
585 2776 780 2824 idoneus
833 2775 1017 2823 omnino
1070 2790 1162 2821 non
1215 2775 1320 2832 sim,
1380 2782 1431 2822 ut
1479 2774 1618 2823 homo
1670 2775 1838 2824 nullius
1870 2803 1880 2818 0

231 2849 356 2906 boni,
390 2845 572 2912 quando
605 2855 823 2911 oporteat
845 2844 1286 2893 demonstrationem
1309 2853 1358 2892 et
1389 2844 1836 2894 commendationem

344 3031 389 3081 1)
419 3030 678 3068 Muratorius
695 3028 851 3069 mutari
874 3029 1008 3068 iubet:
1040 3028 1212 3068 otioso
1242 3032 1318 3067 aut
1347 3029 1566 3069 otiosae.
1625 3029 1744 3074 Quae
1767 3041 1836 3068 se·
1896 3027 1898 3030 ’

233 3092 439 3137 quantur:
468 3086 732 3126 vibrantes
747 3108 804 3133 -,-
819 3097 1044 3136 movere,
1076 3086 1300 3135 depravata
1316 3089 1428 3128 sunt.

1855 0 1872 27 vi}

1873 27 1878 51 —s
1873 0 1882 23 0-
