1942 3554
575 229 659 268 nn
689 227 1135 269 srnc‘rncums.
1606 228 1675 279 15

41 373 42 376 ’
77 363 91 432 ⁷,
157 389 231 434 ea,
264 381 365 420 tam.
387 371 624 435 voluptate
657 386 791 434 quam
814 370 1160 436 superstitione
1180 365 1425 433 provecta,
1457 385 1669 418 russeum

76 504 81 506 ῃ
113 445 125 456 “
155 443 320 503 Marti,
372 442 458 491 alii
489 440 644 489 aihum
679 440 912 505 Zephyris
952 449 1385 499 consecraverunt,
1431 441 1669 504 prasinum

46 512 166 571 roro
193 515 376 563 Terrae
409 512 549 560 matri
583 510 657 559 vel
694 527 868 568 verno,
915 520 1132 559 venetum
1165 510 1314 561 Coelo
1355 520 1404 559 et
1431 510 1554 559 Mari
1592 512 1668 558 vel

46 595 292 634 ummo..
358 582 476 631 Cum
507 589 662 629 autem
705 582 854 629 omnis
891 582 1080 645 species
1120 580 1420 629 idololatriae
1454 580 1668 631 damnata

46 658 110 704 iit
135 673 164 704 a
183 654 310 716 >3003
339 653 502 717 ntique
533 652 673 700 etiam
703 652 783 700 illa
815 651 1075 710 damnatur,
1106 667 1225 715 quae
1258 652 1503 699 elementis
1536 670 1666 700 mun-

45 724 244 775 &atibus
273 725 561 788 proranatur.

129 823 131 826 -
187 797 270 848 §0-
310 793 624 842 Transeamus
649 791 709 840 ad
739 793 956 841 scenicas
988 808 1089 851 res,
1128 809 1236 857 quai
1250 809 1321 840 um
1355 802 1403 841 et
1434 794 1666 855 originem

43 880 336 917 “omnem
380 873 430 912 at
473 863 634 911 titulos
672 879 815 927 pares
854 862 1110 913 secundum
1149 864 1295 926 ipsam
1334 862 1391 910 ab
1430 864 1563 910 initio
1597 865 1668 911 lu-

39 926 207 987 fnum
251 935 612 1000 appehhtionem
653 943 701 982 et
739 932 1191 984 administrationem
1231 935 1527 981 coniunctam
1561 950 1665 981 cum

44 1008 118 1073 ’ἐς
122 1006 336 1072 nquemi
366 1007 458 1054 iam
489 1003 795 1053 ostendimus.
876 1002 1144 1069 Apparatus
1181 1005 1321 1052 etiam
1354 1020 1414 1054 ex
1445 1020 1501 1053 ea
1531 1013 1664 1069 parte

45 1082 315 1138 demones,
354 1092 471 1141 quae
504 1074 563 1123 ad
594 1091 784 1124 scenam
816 1085 1023 1139 spectat:
1063 1091 1166 1124 nam
1198 1092 1224 1122 a
1257 1075 1443 1140 templis
1476 1084 1524 1122 et
1552 1076 1664 1133 aiis,

39 1143 96 1202 ἃ
128 1147 210 1196 ina
245 1147 524 1195 infelicitate
562 1145 712 1194 thuris
753 1155 802 1194 et
839 1147 1077 1209 sanguinis
1117 1147 1244 1194 inter
1279 1145 1419 1194 tibias
1450 1155 1499 1194 et
1529 1146 1665 1194 tubas

43 1219 161 1278 itur,
204 1217 389 1268 duobus
415 1217 798 1282 inquinatissimis
830 1215 1042 1275 arbitris,
1089 1217 1306 1264 funerum
1343 1225 1392 1264 et
1421 1232 1664 1264 sacrorum

43 1288 348 1353 &signatore
387 1296 435 1335 et
471 1288 741 1351 haruspice.
817 1287 886 1334 lta
925 1303 1028 1335 cum
1061 1286 1119 1335 de
1153 1287 1415 1351 originibus
1447 1286 1663 1334 ludorum

42 1358 108 1408 ιὰ
133 1360 374 1408 circenses
405 1358 674 1415 transimus,
723 1357 831 1405 inde
877 1374 998 1406 nune
1037 1357 1096 1405 ad
1133 1359 1351 1405 scenicos
1383 1356 1518 1405 ludos
1549 1357 1637 1405 dn
1625 1375 1665 1405 ι-

195 1464 209 1476 .
267 1427 313 1476 Α
343 1430 438 1477 loci
468 1429 602 1476 initio
621 1429 663 1491 1)
697 1428 930 1476 theatrum
960 1429 1153 1493 proprie
1185 1429 1440 1476 sacrarium
1455 1427 1662 1476 Veneris

42 1509 128 1550 nt.
190 1499 294 1548 Hoc
333 1498 536 1563 denique
574 1497 713 1546 modo
753 1498 801 1546 id
839 1515 988 1563 genus
1028 1499 1184 1562 operis
1216 1499 1262 1545 in
1293 1499 1455 1546 seculo
1489 1500 1656 1549 evasit.

39 1568 159 1621 Nam
196 1585 342 1636 saepe
381 1585 606 1619 censores
645 1571 946 1618 renascentia
987 1586 1090 1618 cum
1129 1570 1329 1617 maxime
1362 1570 1546 1617 theatra
1578 1568 1663 1617 de-

41 1641 304 1714 struebant,
343 1640 553 1689 moribus
584 1640 905 1699 consulentes,
954 1657 1149 1704 quorum
1181 1640 1369 1688 scilieet
1397 1640 1662 1704 periculum

39 1713 207 1778 iugem
250 1711 310 1760 de
355 1711 549 1760 lascivia
591 1709 925 1774 providebant,
980 1720 1032 1758 ut
1075 1712 1164 1758 iam
1210 1711 1317 1758 hinc
1365 1711 1567 1759 ethnicis
1611 1711 1660 1758 in

40 1780 378 1832 testimonium
392 1780 531 1830 cedat
567 1782 801 1831 sententia
836 1783 1042 1845 ipsorum
1081 1781 1323 1829 nobiscum
1354 1782 1557 1840 faciens,
1612 1791 1661 1828 et

38 1852 173 1904 nobis
211 1854 257 1900 in
297 1853 717 1917 exaggerationem
757 1851 1034 1914 disciplinae
1076 1853 1217 1898 etiam
1255 1853 1481 1899 humanae
1520 1868 1660 1914 prae-

38 1925 269 1989 rogativa.
330 1922 492 1986 Itaque
517 1921 764 1983 Pompeius
786 1921 988 1985 Magnus
1019 1922 1122 1969 solo
1154 1921 1340 1969 theatro
1373 1938 1458 1969 suo
1489 1923 1656 1980 minor,

39 1993 299 2042 camillam
329 2007 485 2040 arcem
520 1992 719 2038 omnium
753 1990 1087 2055 turpitudinum
1121 1993 1445 2050 exstruxisset,
1478 1994 1657 2039 veritus

39 2063 317 2129 quandoque
375 2062 629 2110 memoriae
690 2077 802 2109 suae
863 2064 1126 2109 censoriam
1179 2061 1651 2121 animadversionem,

35 2133 243 2186 Veneris
269 2132 437 2181 aedem
466 2132 785 2196 superposuit,
834 2141 882 2178 et
912 2131 972 2180 ad
1002 2131 1348 2180 dedicationem
1381 2131 1538 2180 edicto
1569 2150 1656 2196 po-

35 2203 192 2271 pulum
223 2219 420 2262 vocans,
460 2219 552 2250 non
585 2202 837 2260 theatrum,
877 2202 962 2251 sed
991 2202 1194 2251 Veneris
1225 2204 1446 2267 templum
1478 2220 1655 2251 nuncu-

143 2280 184 2334 t,
233 2290 308 2323 eui
339 2273 642 2331 subiecimus,
691 2274 864 2337 inquit,
907 2273 1080 2337 gradus
1113 2275 1508 2337 spectaculorum.
1587 2274 1656 2321 Ita

20 2272 306 2537 {uatum
332 2354 380 2393 et
411 2343 716 2392 damnandum
749 2360 863 2407 opus
894 2344 1056 2408 templi
1088 2345 1223 2391 titulo
1261 2346 1550 2408 praetexuit,
1608 2354 1657 2393 et

141 2415 332 2480 ῃίἰιιιιιιι
358 2415 691 2480 superstitione
718 2412 902 2462 delusit.
953 2413 1050 2463 Sed
1066 2414 1246 2463 Veneri
1274 2425 1321 2462 et
1336 2414 1513 2463 Libero
1543 2431 1656 2461 con-

129 2486 183 2534 it.
246 2485 350 2533 Duo
388 2487 478 2533 ista
517 2485 760 2533 daemonia
793 2486 1062 2549 conspirata
1093 2495 1141 2532 et
1173 2487 1416 2533 coniurata
1448 2487 1572 2532 inter
1603 2501 1654 2533 se

31 2554 144 2605 “nt
173 2555 415 2605 ebrietatis
447 2565 495 2603 et
526 2554 746 2603 libidinis.
810 2556 972 2619 Itaque
1004 2557 1236 2603 theatrum
1259 2556 1461 2602 Veneris
1493 2555 1655 2603 Liberi

39 2619 225 2693 Quique
256 2625 420 2674 domus
452 2635 538 2674 est.
614 2624 734 2672 Nam
768 2634 815 2673 et
846 2627 963 2672 alios
995 2625 1129 2672 ludos
1167 2627 1383 2672 scenicos
1416 2625 1655 2673 Liberalia

37 2698 230 2762 nuptie
259 2697 513 2754 vocabant,
553 2704 882 2761 praeterquam
914 2695 1090 2743 Libero
1124 2695 1345 2754 devotos,
1395 2695 1518 2760 quod
1550 2707 1655 2744 sunt

38 2764 270 2831 Dionysia
295 2783 443 2831 penes
477 2766 709 2824 GraecOS‚
742 2768 881 2813 etiam
913 2784 939 2813 a
969 2765 1144 2813 Libero
1177 2767 1428 2814 institutos.
1492 2768 1553 2814 Et
1583 2777 1655 2814 est

23 2830 175 2919 ,plane
213 2836 260 2884 in
297 2834 472 2886 artibus
514 2852 696 2903 quoque
737 2837 941 2884 scenicis
973 2835 1134 2884 Liberi
1175 2846 1222 2884 et
1251 2837 1455 2886 Veneris
1494 2847 1655 2901 patro-

20 2895 227 2976 sisium.
303 2904 431 2967 Quae
479 2910 598 2956 enim
644 2907 827 2971 privata
874 2916 920 2953 et
963 2907 1154 2971 proprii
1198 2916 1305 2955 sunt
1349 2924 1544 2966 scenae,
1595 2908 1653 2954 de

153 3087 194 3138 1)
223 3090 367 3130 Suasit
382 3091 488 3129 hanc
511 3092 847 3129 emendationem
862 3091 928 3127 Fr.
945 3091 1102 3129 Iunius.
1150 3093 1377 3130 Rhenanus
1401 3096 1442 3129 et
1468 3090 1651 3132 Semter:

60 3145 329 3196 ¹igimus,
377 3158 401 3185 a
439 3147 545 3184 loci
582 3148 721 3185 vitio.
758 3147 1036 3185 Theatrum
1072 3150 1153 3186 ete.
1215 3149 1442 3198 Rigaltius:
1490 3159 1514 3184 a
1545 3148 1655 3184 loci

123 3203 209 3246 tio.
255 3203 531 3241 Theatrum
562 3207 640 3241 etc.
