1942 3554
291 220 375 271 (34
812 214 1394 256 APOLOGETICUS.

292 362 540 423 attigerat,
575 360 760 420 impune
791 373 818 403 a
847 356 1069 403 Mecenio
1102 355 1268 402 marito
1301 351 1535 402 trucidata
1566 360 1681 400 est.
1729 351 1933 420 Iccireo,

294 440 344 479 et
383 429 545 477 oscula
580 427 854 491 propinquis
887 426 1059 472 offerre
1091 425 1350 472 necessitas
1383 431 1508 482 erat,
1562 430 1613 469 ut
1650 422 1816 487 spiritu
1848 422 1927 472 iu-„³

293 500 580 547 dicarentur.
630 496 719 544 Ubi
751 505 824 544 est
854 496 933 543 illa
965 495 1169 543 felicitas
1201 493 1600 542 matrimoniorum
1625 491 1684 540 de
1710 482 1929 541 moribus?

295 571 454 632 utiquc
487 575 787 632 prosperata,
827 583 916 630 qua
946 581 1032 630 per
1062 581 1207 612 annos
1239 565 1388 612 ferme
1427 571 1682 611 sexcentos
1713 562 1770 609 ab
1802 548 1932 609 urbe

296 639 487 687 condita
519 639 642 686 nulla
674 635 918 700 repudium
950 636 1112 683 domus
1144 635 1363 698 scripsit?
1404 632 1471 682 At
1501 649 1621 681 nunc
1653 633 1700 680 in
1731 632 1930 680 femini

294 726 408 773 prae
455 725 570 756 auro
617 708 789 756 nullum
835 707 940 755 leve
989 715 1059 754 est
1105 704 1385 764 membrum3
1441 720 1556 768 prae
1593 704 1703 751 vino
1749 702 1930 763 nullum,

294 779 493 826 liberum
525 788 598 827 est
630 778 862 838 osculum3
894 776 1135 857 repudium
1160 791 1276 823 vero
1302 775 1392 821 iam
1417 782 1466 823 et
1487 782 1645 822 votum
1671 781 1757 831 est,
1791 769 1925 838 quasi

295 851 575 897 matrimonii
607 850 802 896 fructus.
878 847 1030 894 Etiam
1077 847 1206 894 circa
1251 846 1379 908 ipsos
1420 843 1535 892 deos
1573 852 1768 892 vestros
1800 851 1927 910 quao'

294 928 548 983 peispecte
567 921 609 981 1)
657 918 972 966 decreverant
1018 926 1176 980 patres
1221 915 1391 974 vestri,
1458 913 1602 962 iidem
1645 929 1730 960 vos
1783 911 1924 965 obseq-

297 990 589 1053 quentissimi
622 987 903 1036 rescidistis.
959 987 1181 1034 Liberum
1212 994 1392 1049 patrem
1426 1001 1529 1032 cum
1561 983 1797 1049 mysteriis
1829 982 1927 1031 suis

297 1059 517 1106 consules
549 1068 739 1106 senatus
772 1059 1055 1105 auctoritate
1096 1073 1188 1103 non
1230 1055 1368 1102 modo
1401 1054 1541 1112 urbe,
1589 1051 1675 1101 sed
1705 1053 1927 1101 universa

297 1129 432 1176 Italia
464 1130 839 1176 eliminaverunt.
905 1125 1181 1191 Serapidem
1215 1134 1262 1174 et
1294 1124 1467 1173 Isidem
1501 1133 1549 1172 et
1580 1123 1926 1187 Harpocratem

297 1215 401 1245 cum
449 1216 533 1245 suo
583 1199 930 1263 cynocephalo,
988 1197 1223 1260 Capitolio
1264 1195 1528 1259 prohibitos
1569 1191 1823 1261 [inferri],
1878 1189 1927 1240 id

298 1278 372 1316 est
405 1269 535 1315 curia
574 1267 767 1316 deorum
809 1269 990 1331 pulsos,
1039 1266 1148 1314 Piso
1189 1275 1236 1313 et
1269 1264 1494 1313 Gabinius
1533 1263 1778 1321 consules,
1833 1276 1938 1314 non·

298 1339 457 1402 utique
500 1339 777 1396 Ch1istiani,
827 1339 1009 1386 eversis
1048 1338 1187 1384 etiam
1225 1336 1321 1382 aris
1362 1351 1524 1382 eorum
1571 1332 1937 1392 abdicaverunt-,⁴

299 1410 496 1471 turpium
539 1417 586 1456 et
625 1411 880 1456 otiosarum
921 1408 1302 1471 superstitionum
1342 1406 1456 1452 vitia
1488 1403 1782 1453 cohibentes.
1844 1402 1927 1453 His

299 1495 382 1526 vos
414 1480 642 1526 restitutis
674 1495 894 1526 summam
925 1480 1219 1525 maiestatem
1253 1475 1532 1523 contulistis.
1610 1473 1699 1522 Ubi
1731 1472 1924 1542 religio,

299 1549 378 1594 ubi
412 1549 655 1596 veneratio
690 1548 944 1595 maioribus
985 1547 1144 1595 debita
1174 1563 1200 1594 a
1232 1546 1396 1593 vobis?
1455 1544 1648 1627 Habitu,
1681 1545 1824 1602 victu,
1857 1544 1928 1597 in-

298 1627 499 1675 structu,
537 1635 677 1665 sensu
695 1620 755 1680 2),
788 1619 889 1682 ipso
917 1617 1119 1681 denique
1147 1631 1364 1664 sermone
1388 1616 1576 1680 ploavis
1602 1614 1926 1662 renuntiasti&

301 1687 523 1735 Laudatis
556 1704 744 1752 semper
774 1690 1124 1752 antiquitatem,
1168 1695 1217 1734 et
1247 1701 1369 1733 nove
1402 1684 1460 1733 de
1495 1683 1571 1733 die
1603 1685 1773 1734 vivitis.
1836 1683 1930 1732 Per

299 1756 426 1821 quod
459 1757 742 1816 ostenditur,
792 1757 898 1805 dum
929 1775 956 1805 a
985 1757 1123 1805 bonis
1162 1757 1390 1804 maiorum
1422 1756 1647 1802 institutis
1679 1753 1930 1822 deceditis,

299 1845 358 1875 ea
389 1845 473 1874 vos
506 1829 715 1876 retinere
750 1838 798 1876 et
824 1827 1080 1886 custodire,
1115 1842 1233 1892 quae
1267 1843 1359 1873 non
1391 1825 1639 1883 debuistis,
1673 1841 1775 1872 cum
1809 1831 1929 1889 quah

300 1897 529 1945 debuistis
568 1915 661 1945 non
702 1898 989 1945 custodistis.
1067 1898 1221 1962 Ipsum
1261 1895 1412 1944 adhuc
1452 1893 1578 1960 quod
1615 1893 1839 1943 videmini
1877 1893 1927 1957 fig·

301 1968 541 2015 delissime
588 1970 711 2016 tueri
758 1986 784 2016 a
829 1969 1038 2032 patribus
1087 1967 1326 2024 traditum,
1380 1968 1426 2013 in
1472 1982 1563 2030 quo
1603 1955 1928 2030 principaliter

300 2054 411 2085 reos
458 2039 848 2101 transgressionis
897 2039 1191 2086 Christianos
1241 2037 1509 2094 destinatis,
1572 2035 1774 2084 studium
1821 2034 1927 2083 dico

301 2107 495 2154 deorum
524 2107 853 2166 colendorum,
880 2108 937 2156 de
964 2126 1055 2172 quo
1087 2109 1285 2155 maxime
1313 2107 1489 2154 erravit
1511 2107 1797 2170 antiquitas,
1815 2105 1934 2153 licet·

303 2176 551 2240 Serapidi
540 2195 628 2224 iam
647 2177 855 2225 Romano
875 2195 981 2226 aras
999 2187 1123 2226 rest1
1126 2179 1345 2234 uxerltis,
1380 2177 1494 2224 licet
1511 2175 1741 2224 Baccho
1728 2192 1818 2224 iam
1836 2175 1927 2224 Ita.-

302 2248 396 2294 lico
422 2249 567 2294 furias
591 2257 773 2296 vestras
798 2249 1014 2296 immolav
1005 2249 1176 2305 eritis,
1210 2264 1294 2294 suo
1322 2248 1428 2294 loco
1455 2245 1696 2294 ostendam
1727 2239 1926 2319 proinde

302 2317 483 2381 despici
511 2327 558 2364 ct
581 2319 760 2382 negligi
787 2328 835 2366 et
860 2318 1038 2367 destrui
1063 2335 1089 2366 a
1114 2317 1246 2365 vobis
1270 2317 1497 2364 adversus
1521 2317 1746 2364 maiorum
1765 2324 1923 2364 aucto.-

301 2389 503 2436 ritatem.
550 2388 688 2436 Nune
714 2390 834 2437 enim
861 2389 921 2437 ad
946 2389 1068 2436 illam
1095 2389 1388 2435 occultorum
1414 2387 1675 2435 facinorum
1693 2374 1928 2442 infamiam

302 2458 626 2521 respondebo,
667 2468 717 2506 ut
747 2461 867 2507 viam
899 2459 1009 2507 mihi
1039 2458 1099 2506 ad
1131 2459 1452 2506 manifestiora
1483 2473 1681 2522 purgem
1695 2457 1761 2518 ⁸).

444 2529 490 2576 7.
546 2529 756 2576 Dicimur
794 2531 1146 2578 sceleratissimi
1187 2528 1244 2576 de
1284 2537 1579 2576 sacramento
1626 2526 1892 2576 infanticid'

303 2608 352 2644 et
382 2599 550 2661 pabulo
584 2599 693 2647 inde
712 2602 779 2662 4),
834 2610 883 2648 et
919 2610 1026 2665 post
1065 2600 1328 2648 convivium
1368 2600 1575 2657 incesto,
1632 2597 1758 2662 quod
1790 2614 1877 2647 eve

302 2683 436 2715 sores
468 2671 685 2717 luminum
719 2687 883 2730 canes,
926 2672 1121 2719 lenones
1153 2671 1361 2728 scilicet,
1401 2668 1705 2718 tenebrarum
1745 2677 1794 2717 et
1823 2667 1911 2715 lib⁷

302 2736 457 2784 dinum
490 2741 729 2803 impiarum
762 2741 1100 2790 inverecundia
1129 2739 1464 2805 procurent5).
1527 2739 1741 2787 Dicimur
1771 2744 1887 2785 tam'
1920 2753 1923 2756 ⁴

416 2891 459 2944 1)
496 2895 646 2931 Rhen.:
682 2901 982 2945 perspecte,
1015 2896 1124 2944 Rig.,
1158 2897 1287 2943 Han,
1320 2896 1466 2933 Seml..
1458 2906 1466 2915 ·
1499 2897 1800 2944 prospecte,
1835 2892 1917 2934 col

302 2948 418 2986 Fuld
452 2952 643 2996 specte.
759 2951 802 2999 2)
838 2952 1132 2990 Siclibrimss.
1150 2963 1316 2999 οιιιιιεε,
1352 2952 1460 3000 Rig:
1494 2962 1668 2989 censu.
1787 2951 1831 3000 3)
1862 2943 1916 2994 [ὃ

300 3005 459 3043 ecodd.
478 3006 617 3043 locum
637 3008 1114 3057 restitueruntHerald„
1138 3008 1715 3057 Rig.,1{av.a11.Edd.vett.·
1750 3010 1804 3044 ut
1828 3006 1916 3070 ἰδ’]

302 3062 420 3098 inde
445 3062 502 3098 ad
528 3063 897 3102 manifestiora
928 3077 1150 3115 pergam.
1239 3066 1283 3114 4)
1315 3064 1467 3103 Rhen..
1498 3063 1687 3112 pabulo
1720 3063 1915 3133 cruda&

303 3115 344 3166 5)
375 3117 529 3167 Rigalt.
559 3129 582 3156 e
605 3119 692 3156 MS.
722 3121 978 3161 emendavit·
1009 3123 1276 3168 tenebras,
1311 3124 1414 3158 tum
1444 3123 1493 3159 et
1522 3119 1800 3159 libidinum
1829 3119 1914 3174 itq-

300 3173 499 3222 piarum
533 3175 963 3216 inverecundiam
995 3180 1290 3227 procurent
1884 3199 1905 3236 L?
