1942 3554
572 157 657 196 DE
683 157 1085 197 ΜοΝοοΑΜιΑ.
1186 146 1194 154 '
1526 152 1644 198 122

147 273 261 331 ὀίε,
293 288 355 321 ex
383 273 548 336 quibus
578 273 811 320 ecclesiae
838 270 955 318 ordo
979 270 1182 335 proficit,
1218 267 1448 333 quomodo
1473 269 1522 315 in
1543 285 1642 316 ma-

48 376 53 382 2
111 348 113 351 ’
146 344 244 391 nio
288 342 440 392 adhuc
478 345 657 408 positos
687 360 716 390 a
745 341 899 390 fructu
929 341 1210 389 matrimonii
1241 348 1431 397 avocat,
1478 338 1641 388 dicens

75 415 308 466 emuncto
339 429 443 462 esse
475 423 678 477 tempus,
717 415 755 461 si
786 429 873 477 per
901 421 1098 459 mortem
1129 412 1421 458 matrimonio
1454 411 1640 474 elapsos

84 477 91 485 ’
128 508 179 528 ‚u
235 485 285 532 in
329 486 669 532 matrimonium
713 487 939 546 revocat?
1006 483 1134 530 Haec
1173 484 1212 530 si
1244 481 1430 530 diversa
1459 490 1565 529 sunt
1595 483 1641 529 ei

35 605 43 609 ,
112 556 252 614 italo,
284 554 342 602 de
375 571 465 619 quo
497 557 675 618 agitur,
710 555 965 612 constabit,
996 563 1047 601 ut
1076 553 1296 611 diximus,
1335 569 1430 600 non
1460 553 1550 600 hoc
1581 553 1638 600 il-

142 642 284 675 sensu
312 627 580 689 scripsisse,
614 642 703 689 quo
735 621 919 690 physici
950 634 1161 683 utuntur3
1195 625 1310 688 quia.
1330 623 1516 671 >facilius
1548 632 1636 683 est,

33 710 36 711 ’
111 721 113 726 ’
145 698 298 763 iquam
319 698 559 744 *rationem
589 697 762 744 habeat
784 713 922 744 unum
943 695 1059 743 illud
1084 696 1356 759 capitulum,
1390 710 1508 758 quae
1534 710 1637 741 cum

98 786 105 815 ·'.
129 769 195 816 ris
223 768 397 832 sapiat,
445 783 578 831 quam
616 777 668 814 ut
695 768 935 831 apostolus
954 765 1153 814 diversa
1182 766 1306 812 inter
1335 781 1386 812 se
1418 764 1636 813 docuisse

29 847 247 898 fatur.
308 837 423 886 Eam
461 840 691 885 rationem
730 839 776 885 in
814 839 916 902 ipsa
957 839 1153 885 materia
1197 837 1452 900 poterimus
1495 852 1636 884 reco-

31 942 37 956 ;
73 933 129 974 2'*
167 925 265 957 ere.
342 908 470 967 Quae
501 910 592 956 ista
622 910 819 956 materia
847 908 1062 972 apostolo
1102 909 1189 955 fuit
1225 906 1463 954 scribendi
1493 908 1638 955 talia?

88 981 484 1028 ¹-ciniumnovae
516 988 566 1027 et
610 996 712 1027 cum
756 981 954 1026 maxime
987 979 1634 1042 orientis-ecclesiae,'quam

24 1100 26 1102 ,
62 1100 76 1111 ,,
126 1073 129 1079 ·
171 1051 357 1099 scilicet
386 1050 643 1107 educabat,
690 1049 892 1096 nondum
931 1049 1083 1096 solido
1123 1049 1230 1096 cibo
1267 1047 1510 1096 validioris
1548 1048 1634 1096 do-

28 1150 32 1155 ·
65 1123 198 1179 vsnae
216 1116 286 1181 1)'‚
320 1119 440 1168 adeo
471 1130 522 1168 ut
550 1136 664 1185 prae
696 1120 775 1167 illa
806 1121 1003 1168 infantia
1033 1119 1143 1167 fidei
1166 1122 1441 1183 ignorarent
1463 1118 1633 1185 adhuc,

27 1215 31 1227 v
61 1191 122 1240 d
154 1190 505 1255 sibi-agendum
536 1201 663 1239 esset
693 1192 823 1238 circa
854 1193 1008 1239 carnis
1039 1200 1088 1238 et
1117 1206 1254 1238 sexus
1278 1192 1632 1249 necessitatem3

38 1264 148 1311 nius
179 1264 320 1311 etiam
351 1264 475 1327 ipsas
505 1263 691 1326 species
722 1278 783 1309 ex
811 1263 1055 1326 rescriptis
1085 1261 1402 1324 intelligimus,
1435 1278 1539 1308 cum
1563 1261 1635 1309 di-

28 1335 106 1414 iit.
137 1333 208 1382 De
238 1334 311 1381 his
342 1342 496 1381 autem
528 1349 646 1397 quae
676 1333 906 1380 scribitis:
932 1333 1124 1380 bonum
1162 1341 1238 1382 est
1265 1329 1440 1379 homini
1470 1333 1635 1380 mulie-

53 1460 58 1469 ..
80 1427 99 1446 ι
142 1420 242 1467 nou)
273 1405 531 1467 attingere3
563 1412 759 1468 propter
781 1404 1120 1450 fornicationes
1144 1411 1298 1450 autem
1321 1405 1635 1467 unusquisque

52 1474 59 1482 ”
88 1490 207 1522 rem
236 1490 366 1521 suam
396 1474 569 1521 habca't
584 1475 648 1534 2).
711 1473 928 1521 Ostendit
957 1474 1124 1531 fuisse,
1158 1475 1234 1536 qui
1265 1474 1311 1520 in
1337 1475 1633 1522 matrimonio

40 1566 73 1599 ι
84 1542 161 1593 lde
192 1543 474 1608 deprehensi
502 1543 801 1602 verebantur,
834 1560 892 1592 ne
925 1560 1018 1591 non
1047 1544 1219 1592 liceret
1243 1544 1312 1590 eis
1336 1546 1632 1594 matrimo'nio

98 1613 297 1664 exinde
327 1616 419 1673 uti,
453 1616 559 1679 quia
589 1616 636 1662 iu
661 1631 850 1662 carnem
875 1624 1083 1662 sanctam
1102 1602 1277 1662 Christi
1302 1614 1631 1664 credidissent.

32 1694 48 1720 ³²
81 1674 257 1739 flamen
287 1685 541 1734 secundum
568 1686 752 1734 veniam
785 1685 1028 1740 concedit,
1075 1702 1168 1732 non
1199 1684 1498 1737 secundum
1485 1703 1634 1750 impe-

10 1792 18 1799 ,-
51 1777 151 1815 5⁴11,
182 1755 231 1804 id
262 1765 356 1815 est,
387 1755 660 1820 indulgens,
693 1773 787 1803 non
817 1758 1115 1820 praecipiens
1146 1758 1213 1803 ita
1244 1757 1362 1803 fieri.
1410 1756 1632 1805 Ceterum

27 1851 30 1867 ι
67 1827 214 1875 ebat
242 1843 403 1874 omnes
433 1827 482 1875 id
513 1843 642 1884 esse,
676 1826 800 1890 quod
832 1836 880 1874 et
910 1828 1010 1890 ipse
1027 1827 1092 1886 3).
1153 1825 1358 1873 Proinde
1391 1842 1440 1874 et
1470 1826 1529 1875 de
1551 1845 1632 1876 re-

84 1898 151 1946 io
181 1898 473 1955 rescribens,
521 1896 811 1946 demonstrat
855 1897 1078 1961 quosdam
1116 1896 1174 1944 de
1206 1898 1297 1943 isto
1330 1913 1514 1961 quoque
1547 1915 1630 1946 co-

89 1984 208 2026 sse,
252 1968 329 2015 vel
373 1969 570 2015 maxime
618 1968 725 2031 quia
771 1977 820 2021 et
861 1969 907 2014 in
954 1968 1153 2015 ethnicis
1198 1969 1505 2016 matrimoniis
1536 1986 1630 2016 non

24 2039 234 2105 „tabant
262 2047 370 2102 post
399 2037 536 2088 fidem
567 2039 655 2086 sibi
681 2038 1097 2120 perseverandum.
1160 2038 1461 2097 Quaerebant
1492 2049 1540 2086 et
1570 2039 1629 2088 de

8 2153 10 2155 ,
82 2110 267 2173 ginibus
297 2110 559 2157 consilium.
626 2109 936 2173 Praeceptum
981 2111 1104 2157 enim
1150 2108 1324 2156 domini
1368 2127 1462 2157 non
1508 2120 1627 2170 erat,

6 2172 313 2243 ''Unumfesse
345 2180 543 2238 homini,
590 2181 630 2227 si
675 2182 741 2228 sic
788 2189 1083 2244 permaneat,
1130 2181 1288 2244 utique
1336 2181 1572 2244 quomodo
1601 2199 1630 2230 a
1666 2183 1669 2192 ⁴

39 2247 43 2250 ’
72 2266 100 2299 e
129 2251 274 2310 fuerit
302 2251 531 2312 inventus.
605 2250 804 2300 Vinctus
835 2267 886 2299 es
918 2253 1040 2299 enim
1071 2252 1231 2309 uxori,
1278 2268 1336 2299 ne
1369 2253 1628 2315 quaesieris

44 2324 67 2374 Ϊῒ
81 2317 302 2370 ut'io'nem.
377 2320 568 2383 Solutus
614 2338 665 2370 es
709 2323 768 2373 ab
806 2339 977 2380 uxore,
1025 2338 1083 2370 ne
1120 2320 1382 2386 'quaesieris
1415 2340 1624 2371 uxorem.

11 2456 13 2462 y
47 2391 245 2453 stantem
275 2394 520 2456 acceperis
543 2409 760 2452 uxorem,
794 2410 885 2440 non
919 2393 1176 2459 deliquisti,
1211 2394 1317 2456 quia
1348 2402 1455 2441 ante
1489 2393 1627 2442 fidem

2 2460 11 2475 ⁴
94 2472 166 2511 to·
193 2463 252 2510 ab
281 2467 431 2511 uxore
463 2481 556 2512 non
587 2464 908 2530 numerabitur
944 2473 1053 2528 post
1083 2464 1218 2511 fidem
1253 2463 1460 2511 secunda
1490 2481 1625 2523 uxor,

10 2536 11 2539 ’
48 2540 127 2590 ᾗθ
157 2542 266 2598 post
294 2532 434 2581 fidem‘
461 2537 610 2598 prima
641 2542 736 2593 est3
777 2551 805 2581 a
835 2534 926 2582 fide
958 2536 1081 2582 enim
1113 2536 1254 2581 etiam
1285 2535 1386 2597 ipsa
1414 2536 1511 2581 vita
1541 2551 1627 2583 no-

3 2607 6 2614 '
135 2612 369 2653 censetur.
410 2602 527 2657 ZSed
557 2606 634 2652 hic
659 2621 864 2673 parcere
896 2620 946 2652 se
979 2604 1095 2652 dicit
1118 2605 1231 2662 illisg
1265 2605 1470 2668 alioquin
1494 2621 1627 2669 pres-

2 2686 6 2721 .“
89 2691 161 2724 m
192 2676 348 2723 carnis
377 2675 760 2740 subsequuturam
791 2692 905 2739 prae
938 2676 1164 2738 angustiis
1189 2684 1449 2738 temporum
1479 2677 1626 2740 impe-

3 2750 213 2813 guenta
256 2746 537 2793 matrimonii
582 2746 929 2803 recusantibus,
978 2748 1085 2810 quin
1131 2747 1285 2809 potius
1332 2745 1390 2793 de
1437 2746 1624 2794 domino

52 2814 371 2868 '2'citudinem
401 2816 662 2864 habendam
694 2816 1030 2880 promerendo,
1066 2833 1199 2880 quam
1231 2815 1288 2864 de
1321 2819 1503 2864 marito.
1565 2817 1627 2864 Et

49 2895 320 2955 revocat,
352 2886 477 2950 quod
508 2888 734 2951 permisit.
810 2885 890 2935 Sic
930 2904 1046 2950 ergo
1086 2889 1132 2934 in
1164 2886 1332 2934 eodem
1363 2889 1464 2952 ipso
1497 2890 1625 2952 capi-

42 2971 129 3032 *3³
162 2972 251 3028 quo
284 2956 448 3005 definit
477 2969 868 3022 unumquemque,
901 2959 948 3004 in
974 2975 1062 3022 qua
1083 2960 1336 3007 vocatione
1360 2959 1622 3017 vocabitur,

87 3084 91 3097 ⁴
121 3086 165 3162 i)
183 3115 205 3150 1
226 3089 376 3163 corsa,
396 3115 434 3152 2.
552 3113 596 3164 2)
616 3115 638 3151 1
657 3117 750 3154 Cor·
770 3118 809 3165 ⁷,
829 3118 851 3153 1
870 3127 930 3163 δίι-
1016 3150 1018 3153 >
1046 3115 1091 3164 3)
1110 3116 1132 3154 1
1153 3117 1246 3155 ⁰⁰¹²
1264 3117 1303 3164 ἰ’
1323 3117 1362 3154 ⁷·
