1942 3554
318 233 445 278 162
799 259 808 263 -
891 231 973 269 DE
1001 230 1341 268 rumcrrm.

318 356 390 394 tes
422 342 737 391 castimoniam
766 342 814 388 in
845 339 981 401 dei1)
1014 343 1180 390 timore
1196 343 1259 402 2).
1321 341 1415 390 oro
1452 350 1523 401 te,
1569 343 1645 407 qui
1679 344 1791 391 talia
1818 345 1921 394 inii·-

319 417 388 478 git
429 413 657 460 mentibus
702 412 894 469 nostris,
941 421 1249 460 revocaverat
1277 413 1475 477 aliquem
1513 413 1846 462 fornicatorem
1873 417 1933 465 in:

319 484 597 531 ecclesiam?
626 498 685 529 an
715 481 823 528 ideo
862 482 1039 540 scribit,
1072 497 1129 529 ne
1161 483 1245 529 tibi
1269 497 1388 531 nunc
1411 498 1660 531 revocasse
1682 483 1939 535 videatur?

319 553 449 601 Haec
488 553 624 599 sicuti
662 560 711 599 et
746 553 1013 615 praeteritis
1049 553 1398 616 praescribere,
1444 555 1509 601 ita
1546 562 1595 601 et
1630 553 1938 618 sequentibus*

318 622 645 688 praeiudicare
676 621 927 669 debebunt.
974 623 1026 670 In
1057 623 1194 671 finem
1225 625 1346 670 enim
1378 624 1605 688 epistolae
1637 623 1821 673 dicens.
1853 625 1939 676 Ne·

320 709 477 742 rursus
524 709 626 740 cum
669 708 868 750 venero,
916 693 1125 741 humiliet
1167 709 1240 741 me
1271 693 1406 752 deus,
1452 702 1501 741 et
1542 695 1725 758 lugeam
1762 695 1942 745 multtis-

321 780 503 821 eorum,
552 763 628 826 qui
672 772 778 811 ante
818 762 1113 826 deliquerunt
1149 772 1198 811 et
1233 766 1566 828 poenitentiam
1603 781 1696 812 non
1733 755 1942 833 egerunt!

321 849 463 898 super
493 832 794 890 immunditia,
829 850 961 897 quam
992 833 1292 892 admiserunt,
1317 834 1632 883 fornicatione
1657 843 1706 883 et
1725 836 1924 885 vilitate.

322 921 416 953 non
444 905 604 967 utique
635 903 932 967 recipiendos
971 906 1233 963 constituit,
1273 905 1312 952 si
1347 906 1684 969 poenitentiam
1721 907 1942 955 inissent.

325 990 440 1038 quos
469 975 517 1021 in
548 974 753 1021 ecclesia
789 974 1056 1021 inventurus
1088 983 1212 1033 erat,
1259 973 1342 1022 sed
1374 975 1601 1039 lugendos
1639 983 1688 1023 et
1716 978 1816 1024 sine
1848 974 1926 1024 du·

322 1045 402 1092 bio
434 1043 708 1101 eiiciendos,
740 1053 791 1091 ut
819 1045 1153 1108 poenitentiam
1184 1045 1454 1108 perderent.
1492 1046 1575 1099 ,Et
1605 1053 1812 1094 ceterum
1842 1063 1934 1094 non·

325 1115 572 1177 competit,
619 1129 722 1160 eum
761 1113 818 1161 de
866 1116 1283 1162 communicatione
1328 1115 1502 1179 aliqui-d
1543 1116 1621 1164 hic
1660 1115 1926 1166 ostendisse.

326 1185 403 1248 qui
434 1200 535 1231 eam
566 1199 706 1246 supra
736 1184 828 1230 luci
860 1192 908 1230 et
937 1184 1167 1242 tenebris,
1213 1186 1417 1232 iustitiae
1456 1194 1505 1233 et
1533 1187 1764 1249 iniquitati
1793 1203 1927 1250 nega·

324 1262 413 1302 rat.
476 1252 572 1300 Sed
602 1254 821 1316 ignorant
857 1255 1117 1317 apostolum
1150 1271 1309 1303 omnes
1339 1256 1431 1313 isti,
1465 1257 1540 1320 qui
1571 1255 1743 1320 aliquid
1775 1265 1928 1304 contra

325 1333 537 1371 naturam
569 1332 706 1387 atque
737 1325 1027 1387 propositum
1058 1325 1256 1372 hominis
1287 1326 1445 1389 ipsius,
1480 1334 1644 1373 contra
1673 1327 1867 1380 formam
1893 1336 1942 1375 et

325 1395 536 1457 regulam
577 1392 893 1441 doctrinarum
938 1395 1037 1442 eius
1075 1396 1364 1458 intelligunt,
1410 1404 1461 1442 ut
1497 1397 1756 1461 sanctitatis
1795 1397 1942 1447 omnis¹

327 1466 467 1513 etiam
486 1481 545 1512 ex
561 1466 809 1528 semetipso
829 1466 1113 1527 magistrum,
1133 1467 1414 1530 impuritatis
1429 1467 1576 1513 omnis
1593 1475 1942 1515 exsecratorem

328 1545 378 1583 et
409 1536 699 1599 expiatorem
738 1543 786 1581 et
821 1535 991 1598 ubique
1022 1536 1186 1593 talem,
1214 1537 1355 1583 citius
1386 1538 1592 1595 incesto,
1639 1553 1772 1602 quam
1802 1538 1935 1586 aliem

327 1606 590 1654 humaniori
621 1622 703 1652 reo
737 1605 986 1652 ecclesiam
1017 1605 1277 1653 reddidisse
1308 1615 1619 1670 praesumant,

473 1680 552 1727 16.
612 1674 823 1722 Necesse
856 1684 927 1722 est
957 1677 1100 1738 igitur
1136 1692 1279 1739 usque
1311 1677 1402 1723 illis
1440 1677 1700 1740 apostolum
1738 1675 1930 1725 ostendi,

331 1762 466 1810 quem
498 1761 588 1808 ego
621 1746 733 1792 etin
764 1744 969 1792 secunda
987 1746 1504 1794 Corinthiorum-talem
1536 1743 1799 1806 defendam,
1832 1764 1931 1812 qua-

330 1817 421 1864 lem
451 1817 498 1862 in
531 1815 739 1862 omnibus
772 1816 919 1862 literis
950 1817 1080 1875 novi3
1115 1818 1190 1880 qui
1222 1824 1271 1863 et
1300 1817 1346 1863 in
1376 1818 1525 1880 prima
1547 1818 1720 1881 primus
1746 1819 1932 1865 omniun

330 1886 551 1949 templum
590 1885 667 1933 dei
707 1884 964 1933 dedicavit:
998 1903 1091 1933 non
1122 1888 1266 1949 scitis,
1297 1903 1381 1935 vos
1412 1887 1630 1951 templum
1658 1886 1734 1935 dei
1765 1904 1867 1936 esse
1899 1895 1932 1936 e

330 1957 379 2004 in
407 1957 540 2003 vobis
586 1955 817 2003 dominum
849 1956 1083 2015 habitare3
1133 1958 1209 2021 qui
1248 1965 1296 2004 et
1325 1957 1497 2021 templo
1538 1949 1790 2006 sanciendo
1821 1958 1934 2023 puri·

333 2025 610 2090 ficandoque
643 2025 924 2074 aeditualem
955 2028 1107 2090 legem
1139 2028 1347 2091 scripsit.
1408 2029 1447 2075 si
1479 2029 1578 2110 quis
1617 2029 1834 2104 templum
1871 2026 1928 2076 de

331 2099 592 2155 vitiaverit,
636 2097 821 2143 vitiabit
851 2098 977 2144 illum
1017 2097 1154 2157 deus,
1202 2099 1419 2161 templum
1465 2099 1586 2145 enim
1625 2097 1701 2146 dei
1739 2106 1942 2161 sanctum

334 2176 421 2225 est,
455 2166 578 2230 quod
610 2168 722 2214 estis
758 2184 842 2214 vos
857 2169 921 2227 3)
980 2165 1086 2229 Age
1118 2169 1223 2225 iam,
1257 2169 1356 2231 quis
1396 2169 1581 2215 omnino
1610 2170 1819 2216 vitiatum
1857 2167 1942 2216 de(-

332 2236 696 2299 redintegravit,
743 2235 791 2283 id
830 2246 901 2284 est
944 2237 1163 2284 traditum
1202 2246 1391 2284 satanae
1425 2238 1470 2284 in
1507 2238 1743 2286 interitum
1777 2240 1929 2286 carnis

336 2323 439 2355 cum
469 2305 650 2354 idcirco
682 2307 1014 2353 substruxerit:
1075 2323 1209 2354 nemo
1243 2307 1437 2354 seducat
1474 2310 1767 2371 semetipsum
1781 2309 1853 2368 4),
1898 2307 1935 2355 ic'

335 2386 423 2434 est,
456 2393 591 2424 nemo
622 2386 888 2440 praesumat
923 2377 1132 2424 vitiatum
1164 2376 1253 2424 dco
1271 2376 1586 2439 redintegrari
1619 2376 1771 2425 denuo
1788 2393 1934 2441 posse.

337 2446 473 2495 Sicut
501 2462 659 2495 rursus
690 2448 814 2494 inter
845 2455 1028 2504 cetera,
1075 2449 1166 2493 imo
1199 2456 1247 2494 et
1276 2456 1384 2495 ante
1418 2455 1601 2505 cetera,
1647 2448 1870 2495 moechos
1900 2459 1936 2497 eff

335 2519 653 2566 fornicatores
685 2526 733 2564 et
769 2518 932 2564 molles
971 2525 1020 2564 et
1056 2518 1362 2564 masculorum
1401 2517 1732 2566 concubitores
1771 2534 1937 2581 negans

337 2604 532 2652 regnum
571 2587 648 2635 dei
687 2595 1039 2644 consecuturos,
1072 2587 1334 2651 praemisit:
1380 2604 1467 2635 nec
1500 2589 1790 2645 erraveritis,
1822 2588 1936 2648 seili-

340 2668 420 2707 cet
449 2660 488 2706 si
518 2659 793 2723 putaveritis
825 2674 907 2705 eos
939 2667 1299 2716 consecuturos3
1349 2658 1531 2722 (quibus
1570 2666 1723 2705 autem
1753 2659 1942 2721 regnum

340 2729 580 2786 adimitur,
627 2730 783 2792 utique
823 2745 911 2776 nec
947 2730 1044 2775 vita
1087 2729 1373 2791 permittitur
1417 2744 1534 2792 quae
1579 2729 1702 2775 inest
1751 2732 1938 2791 regn03)

340 2800 482 2846 etiam
512 2801 755 2862 ingerens:
795 2798 879 2846 sed
909 2799 1026 2846 haec
1066 2798 1249 2862 quidem
1287 2799 1459 2856 fuistis,
1505 2796 1588 2845 sed
1632 2798 1776 2845 abluti
1821 2798 1942 2847 estis,

341 2868 426 2916 sed
463 2870 741 2917 sanctificati
787 2871 897 2916 estis
941 2870 988 2916 in
1033 2870 1216 2917 nomine
1263 2867 1435 2916 domini
1473 2867 1577 2916 Iesu
1608 2867 1780 2916 Christi
1817 2876 1866 2916 et
1901 2868 1941 2916 in

342 2940 506 3003 spiritu
537 2938 613 2987 dci
643 2941 812 2998 nostri3
859 2947 1029 3003 quanto
1069 2937 1241 2987 delicta
1271 2940 1360 2987 ista
1395 2947 1502 2987 ante
1540 2939 1772 2987 lavacrum
1809 2951 1939 2985 acce·

456 3104 501 3159 1)
519 3104 739 3145 Gelenius:
761 3107 812 3144 in
843 3107 971 3146 fidei
999 3108 1196 3147 timore.
1325 3106 1573 3158 2)2cor.3,
1590 3109 1630 3145 1.
1745 3102 1829 3156 3)1
1848 3105 1940 3145 Cor.

347 3166 384 3213 3,
405 3166 454 3201 16
472 3174 531 3212 sq.
643 3163 688 3213 4)
707 3164 730 3201 1
748 3165 841 3203 eor.
859 3166 897 3214 3,
916 3166 981 3202 18.
