1942 3554
59 0 121 77 Ξῖ
199 18 231 47 ³
372 70 378 76 .
1464 57 1490 65 Ξ
1541 44 1544 47 -

59 95 122 119 ἦ,

59 162 79 196 '²
627 197 710 238 oz
745 195 1191 236 srsscmcums.
1670 201 1732 249 ss

68 332 212 393 *zanua
243 357 430 407 quoque
460 337 706 403 religionis
739 338 925 387 nomine
958 339 1222 393 instituunt.
1286 337 1401 387 Inde
1427 339 1624 389 Romani
1654 357 1734 390 ac-

101 413 312 464 cersitos
356 409 562 460 artifices
607 416 895 467 mutuantur,
965 418 1168 474 tempus,
1237 411 1631 471 enuntiationem,
1683 422 1734 461 ut

86 483 202 549 ..indi
232 500 263 532 a
288 481 437 548 Lydis
465 488 768 531 vocarentur.
839 478 936 528 Sed
969 481 1058 531 etsi
1088 480 1243 532 Varro
1277 480 1412 530 ludos
1443 499 1471 530 a
1502 480 1635 542 ludo,
1685 482 1729 530 id

97 564 181 604 -est
215 571 244 602 a
281 553 384 603 lusu
418 553 784 615 interpretatur,
829 551 953 599 sicut
989 559 1038 600 et
1068 551 1315 616 Lupercos
1354 552 1490 601 ludos
1522 554 1731 618 appella-

100 618 240 685 hut,
278 621 407 689 quod
433 620 638 671 ludendo
671 620 960 672 discurrant:
1000 631 1156 675 tanuen
1188 639 1293 675 eum
1324 623 1473 673 lusum
1511 625 1731 675 iuvenum

94 693 354 758 muliebus
390 693 527 743 festis
566 702 614 741 et
653 693 836 756 templis
876 701 925 740 et
962 692 1275 757 religionibus
1320 703 1522 759 reputat.
1598 695 1749 750 Nihil,

95 767 191 815 iam
215 763 275 814 de
299 781 466 814 caussa
486 763 721 822 vocabuli,
756 780 857 811 cum
890 765 961 812 rei
994 780 1158 812 caussa
1189 763 1460 812 idololatria
1491 767 1566 813 sit.
1606 765 1727 814 Nam

95 845 151 887 ot
179 850 284 884 cnm
313 835 582 900 promiscue
621 833 718 883 ludi
749 833 989 885 Liberalia
1027 844 1337 894 vocarentur,
1385 835 1614 884 honorem
1649 837 1729 885 Li-

63 906 203 956 ·heri
247 907 396 972 patris
438 905 688 955 manifeste
741 905 988 954 sonabant.
1067 905 1246 955 Libero
1293 908 1417 954 enim
1461 924 1488 956 a
1534 909 1726 956 rusticis

80 978 248 1044 ,primo
278 976 455 1026 fiebant
485 976 544 1024 ob
575 975 860 1026 beneficium
894 976 1020 1042 quod
1046 977 1090 1025 ei
1117 975 1395 1026 adscribunt
1415 994 1504 1042 pro
1532 977 1727 1027 demon-

89 1058 244 1099 strata
273 1047 428 1113 gratia
454 1046 569 1095 v³ni.
648 1045 833 1096 Exinde
873 1047 969 1095 ludi
1001 1047 1254 1096 Consualia
1293 1048 1430 1107 dicti,
1479 1050 1557 1114 qui
1589 1050 1725 1097 initio

94 1119 365 1185 Neptunum
395 1117 708 1167 honorabant.
764 1117 978 1166 Eundem
1011 1120 1132 1167 enim
1166 1128 1214 1167 et
1239 1119 1444 1167 Consum
1474 1120 1723 1169 vocabant.

94 1189 284 1240 Dehinc
327 1189 522 1254 Equiria
551 1188 694 1239 Marti
724 1189 947 1238 Romulus
987 1189 1129 1248 dixit3
1188 1207 1464 1255 quamquam
1511 1201 1560 1239 et
1600 1190 1726 1239 Con-

92 1262 244 1311 sualia
274 1259 471 1308 Romulo
506 1259 784 1318 defenduut,
826 1258 952 1324 quod
983 1277 1041 1308 ea
1074 1260 1230 1309 Conso
1265 1260 1497 1309 dicaverit
1528 1261 1642 1321 deo,
1675 1271 1725 1310 ut

97 1332 275 1391 volunt,
308 1331 511 1394 consilii,
545 1332 645 1379 eius
677 1331 878 1389 seilicet,
914 1348 1004 1395 quo
1037 1341 1146 1379 tunc
1181 1331 1460 1380 Sabinarum
1490 1334 1723 1397 virginum

91 1395 304 1468 rapinam
335 1401 557 1450 militibus
596 1402 692 1450 suis
730 1402 778 1450 iu
808 1403 1106 1450 matrimonia
1144 1404 1452 1466 excogitavit,
1520 1403 1723 1452 Probum

91 1474 231 1539 plane
264 1473 511 1521 consilium
543 1481 592 1520 et
622 1488 746 1520 nunc
777 1488 963 1537 quoque
995 1473 1117 1537 apud
1141 1474 1268 1537 ipsos
1287 1473 1522 1522 Romanos
1554 1475 1722 1522 iustum

79 1553 153 1594 α’
173 1545 372 1601 licitum,
414 1558 472 1590 ne
507 1542 728 1600 dixerim,
760 1558 908 1607 penes
942 1542 1095 1591 deum.
1165 1544 1298 1591 Facit
1328 1545 1501 1595 etenim
1535 1544 1595 1592 ad
1628 1546 1724 1592 ori-

89 1615 215 1680 ginis
245 1614 496 1672 maculam,
550 1630 609 1662 ne
640 1613 811 1661 bonum
852 1615 1116 1673 existimes,
1165 1613 1291 1678 quod
1322 1616 1501 1662 initium
1541 1633 1567 1662 a
1599 1617 1720 1663 malo

57 1687 300 1751 accepit,
353 1684 411 1733 ab
444 1683 724 1748 impudenti,
779 1701 806 1732 a
837 1685 1054 1743 violenti,
1109 1685 1167 1734 ab
1207 1686 1301 1733 alio
1335 1684 1514 1744 de01),
1570 1703 1597 1733 a
1627 1687 1724 1734 fra-

86 1755 262 1805 tricida
291 1757 583 1814 institutore,
617 1772 644 1802 a
675 1755 773 1804 filio
804 1754 993 1803 Martis:
1030 1765 1078 1803 et
1110 1772 1232 1803 nunc
1265 1772 1349 1803 ara
1385 1756 1542 1804 Conso
1576 1757 1644 1804 illi
1675 1758 1722 1804 in

42 1831 47 1836 ’
85 1827 221 1876 circo
275 1825 468 1875 defossa
520 1834 594 1873 est
636 1824 695 1872 ad
740 1827 911 1890 primas
957 1835 1108 1874 metas
1156 1826 1239 1874 sub
1285 1835 1439 1885 terra,
1502 1843 1606 1875 cum
1652 1829 1722 1875 in-

0 1895 1 1918 *
56 1898 351 1962 >scriptione
396 1894 692 1943 huiusmodi:
746 1912 915 1943 conisus
955 1913 1164 1943 comsmo
1198 1913 1317 1943 MARS
1356 1913 1542 1944 numano
1573 1914 1720 1945 LARES

84 1983 279 2024 couri-10
295 1966 341 2025 2)
395 1982 642 2014 roa-nurus.
749 1965 1030 2014 Sacrificant
1082 1965 1205 2031 apud
1252 1983 1351 2014 eam
1398 1968 1535 2014 nouis
1590 1968 1721 2016 Iuliis

86 2037 370 2086 sacerdotes
427 2037 625 2100 publici,
692 2037 802 2084 Xll.
853 2036 1057 2084 Kalend.
1119 2036 1426 2100 Septembres
1442 2039 1488 2096 3)
1553 2039 1720 2085 flamen

62 2106 343 2168 'Quirinalis
374 2116 423 2155 et
451 2107 677 2171 virgines.
739 2106 922 2154 Dehinc
955 2106 1079 2154 idem
1112 2106 1335 2154 Romulus
1369 2106 1468 2155 Iovi
1502 2107 1718 2156 Feretrio

75 2177 223 2229 hdos
254 2179 455 2225 instituit
484 2179 530 2225 in
562 2178 791 2241 Tarpeio,
840 2195 956 2241 quos
987 2178 1218 2241 Tarpeios
1259 2177 1412 2225 dictos
1446 2187 1493 2226 et
1527 2178 1717 2242 Capito-

55 2248 209 2299 Ainos
246 2248 355 2296 Piso
402 2247 618 2307 tradidit3
677 2258 786 2312 post
830 2249 952 2296 hunc
991 2249 1144 2296 Numa
1182 2248 1437 2312 Pompilius
1483 2249 1625 2296 Marti
1673 2259 1721 2296 et

55 2317 309 2384 ‘'*Robigini
345 2320 500 2382 [fecit]
541 2325 663 2379 (nam
696 2328 745 2367 et
775 2319 1023 2384 Robiginis
1040 2320 1088 2383 4)
1128 2319 1262 2367 deam
1294 2319 1584 2379 finxerunt),
1637 2320 1719 2367 de-

59 2389 196 2450 ,AEinc
225 2389 386 2438 Tullus
417 2390 666 2446 Hostilius,
715 2389 886 2438 dehinc
917 2390 1080 2438 Ancus
1111 2390 1309 2438 Martius
1343 2398 1392 2438 et
1422 2390 1598 2448 ceteri,
1641 2393 1718 2454 qui

49 2459 294 2526 Qquotque
332 2477 420 2524 per
457 2459 670 2508 ordinem
686 2462 731 2519 ⁵)
776 2470 824 2507 et
864 2462 1031 2525 quibus
1062 2460 1203 2508 idolis
1235 2459 1371 2508 ludos
1411 2461 1715 2518 instituerint,

50 2524 288 2594 *positum
334 2541 408 2578 est
453 2530 578 2594 apud
624 2530 899 2580 Suetonium
944 2532 1286 2595 Tranquillum,
1356 2530 1432 2578 vel
1478 2547 1504 2577 a
1551 2531 1715 2595 quibus

203 2782 246 2834 1)
276 2786 502 2834 Antiquam
525 2786 722 2824 codicum
744 2785 1001 2833 scripturam
1033 2786 1209 2823 retinuit
1232 2785 1479 2825 Rhenanus:
1526 2798 1550 2823 a
1582 2786 1715 2825 malo

50 2843 388 2892 &accepinab
411 2843 736 2891 impudentia
761 2840 1054 2880 violentiae
1079 2842 1185 2881 alio
1213 2842 1716 2880 de0.—-Ed.Franeker‚

27 2898 281 2950 'sset‘Malo
313 2900 538 2948 aceepit,
593 2901 650 2938 ab
688 2897 1008 2947 impudentis
1046 2899 1338 2937 violentiae
1377 2899 1483 2937 alio
1516 2900 1621 2936 deo.
1660 2920 1715 2925 —

178 2955 299 2993 Itius
323 2959 366 2992 et
383 2956 564 2994 semler:
597 2967 622 2993 a
651 2956 787 2994 Malo
816 2954 1042 3001 accepit,
1077 2958 1134 2993 ab
1166 2956 1512 3004 impudentia,
1547 2967 1572 2992 a
1602 2956 1715 2993 vio-

112 3025 113 3028 ¹
145 3013 278 3061 ntia,
318 3013 376 3050 ab
405 3013 535 3051 odio.
652 3014 703 3060 2)
735 3020 926 3057 CO1LLO,
961 3012 1183 3060 Rigaltius.
1300 3010 1353 3062 3)
1391 3013 1471 3050 XV
1501 3013 1715 3050 Kalend.

32 3063 412 3120 'fl-{eptembris
442 3069 511 3106 Fr.
545 3070 702 3108 lunius.
806 3067 852 3120 4)
888 3068 1209 3117 Robiginem,
1252 3071 1469 3107 VVouwer.
1501 3081 1522 3106 e
1554 3070 1641 3106 MS.
1674 3075 1716 3105 et

30 3120 314 3178 ''s-sigaltius.
433 3122 474 3173 5)
505 3129 554 3163 et
585 3127 754 3164 ceteri
787 3137 984 3172 quoque
1017 3137 1105 3172 per
1135 3126 1383 3163 ordinem.
1436 3126 1499 3162 Et
1530 3125 1718 3172 quibus

117 3179 273 3230 dolis,
307 3182 533 3219 Rhenanus
558 3185 600 3219 et
624 3183 685 3220 ed.
711 3182 940 3220 Francker.
