<?xml version="1.0" encoding="UTF-8"?>
<!DOCTYPE html PUBLIC "-//W3C//DTD XHTML 1.0 Transitional//EN"
    "http://www.w3.org/TR/xhtml1/DTD/xhtml1-transitional.dtd">
<html xmlns="http://www.w3.org/1999/xhtml" xml:lang="en" lang="en">
 <head>
  <title>
</title>
<meta http-equiv="Content-Type" content="text/html;charset=utf-8" />
  <meta name='ocr-system' content='tesseract 3.04.00' />
  <meta name='ocr-capabilities' content='ocr_page ocr_carea ocr_par ocr_line ocrx_word'/>
</head>
<body>
  <div class='ocr_page' id='page_1' title='image "./operatert12tertuoft_0167.png"; bbox 0 0 1942 3554; ppageno 0'>
   <div class='ocr_carea' id='block_1_1' title="bbox 1626 95 1700 170">
    <p class='ocr_par' dir='ltr' id='par_1_1' title="bbox 1626 95 1700 170">
     <span class='ocr_line' id='line_1_1' title="bbox 1626 95 1700 170; textangle 90"><span class='ocrx_word' id='word_1_1' title='bbox 1626 95 1700 170; x_wconf 53' lang='grc' dir='ltr'><strong>ἓξ</strong></span> 
     </span>
    </p>
   </div>
   <div class='ocr_carea' id='block_1_2' title="bbox 495 119 1621 168">
    <p class='ocr_par' dir='ltr' id='par_1_2' title="bbox 495 119 1621 168">
     <span class='ocr_line' id='line_1_2' title="bbox 495 119 1621 168; baseline 0.002 -11"><span class='ocrx_word' id='word_1_2' title='bbox 495 120 586 157; x_wconf 74' lang='grc' dir='ltr'><strong>ΑΙ),</strong></span> <span class='ocrx_word' id='word_1_3' title='bbox 621 119 997 159; x_wconf 72' lang='lat' dir='ltr'><strong>NATIONES</strong></span> <span class='ocrx_word' id='word_1_4' title='bbox 1040 120 1161 157; x_wconf 69' lang='grc' dir='ltr'><strong><em>[ΑΒ.</em></strong></span> <span class='ocrx_word' id='word_1_5' title='bbox 1203 120 1253 158; x_wconf 82' lang='lat'><strong>11.</strong></span> <span class='ocrx_word' id='word_1_6' title='bbox 1591 121 1621 168; x_wconf 66' lang='grc' dir='ltr'>Ι</span> 
     </span>
    </p>
   </div>
   <div class='ocr_carea' id='block_1_3' title="bbox 346 569 1400 645">
    <p class='ocr_par' dir='ltr' id='par_1_3' title="bbox 346 569 1400 645">
     <span class='ocr_line' id='line_1_3' title="bbox 346 569 1400 645; baseline -0.005 0"><span class='ocrx_word' id='word_1_7' title='bbox 346 570 526 645; x_wconf 85' lang='lat' dir='ltr'><strong>AD</strong></span> <span class='ocrx_word' id='word_1_8' title='bbox 604 569 1400 641; x_wconf 72' lang='lat' dir='ltr'><strong>NATIONES</strong></span> 
     </span>
    </p>
   </div>
   <div class='ocr_carea' id='block_1_4' title="bbox 457 721 1289 763">
    <p class='ocr_par' dir='ltr' id='par_1_4' title="bbox 457 721 1289 763">
     <span class='ocr_line' id='line_1_4' title="bbox 457 721 1289 763; baseline 0.004 -5"><span class='ocrx_word' id='word_1_9' title='bbox 457 721 730 759; x_wconf 78' lang='lat' dir='ltr'>LIBER</span> <span class='ocrx_word' id='word_1_10' title='bbox 788 722 1289 763; x_wconf 84' lang='lat' dir='ltr'>SECUNDUS.</span> 
     </span>
    </p>
   </div>
   <div class='ocr_carea' id='block_1_5' title="bbox 32 942 1752 3108">
    <p class='ocr_par' dir='ltr' id='par_1_5' title="bbox 32 942 1752 3108">
     <span class='ocr_line' id='line_1_5' title="bbox 52 942 1682 1004; baseline 0.002 -13"><span class='ocrx_word' id='word_1_11' title='bbox 52 999 58 1003; x_wconf 42' lang='lat'>‚</span> <span class='ocrx_word' id='word_1_12' title='bbox 205 949 249 1001; x_wconf 80' lang='lat'><strong>1.</strong></span> <span class='ocrx_word' id='word_1_13' title='bbox 322 942 460 992; x_wconf 87' lang='lat' dir='ltr'><strong>Nunc</strong></span> <span class='ocrx_word' id='word_1_14' title='bbox 493 942 551 991; x_wconf 92' lang='lat' dir='ltr'><strong>de</strong></span> <span class='ocrx_word' id='word_1_15' title='bbox 585 942 687 992; x_wconf 88' lang='lat' dir='ltr'><strong>deis</strong></span> <span class='ocrx_word' id='word_1_16' title='bbox 726 945 918 1003; x_wconf 80' lang='lat' dir='ltr'><strong>vestris,</strong></span> <span class='ocrx_word' id='word_1_17' title='bbox 958 943 1255 992; x_wconf 85' lang='lat' dir='ltr'><strong>miserandae</strong></span> <span class='ocrx_word' id='word_1_18' title='bbox 1288 947 1526 1004; x_wconf 89' lang='lat' dir='ltr'><strong>nationes,</strong></span> <span class='ocrx_word' id='word_1_19' title='bbox 1568 962 1682 994; x_wconf 89' lang='lat' dir='ltr'><strong>con-</strong></span> 
     </span>
     <span class='ocr_line' id='line_1_6' title="bbox 56 1012 1682 1081; baseline 0.002 -20"><span class='ocrx_word' id='word_1_20' title='bbox 56 1013 197 1079; x_wconf 72' lang='lat' dir='ltr'><strong>gredi</strong></span> <span class='ocrx_word' id='word_1_21' title='bbox 240 1013 483 1070; x_wconf 83' lang='lat' dir='ltr'><strong>vobiscum</strong></span> <span class='ocrx_word' id='word_1_22' title='bbox 522 1012 738 1063; x_wconf 84' lang='lat' dir='ltr'><strong>defensio</strong></span> <span class='ocrx_word' id='word_1_23' title='bbox 784 1022 946 1062; x_wconf 83' lang='lat' dir='ltr'><strong>nostra</strong></span> <span class='ocrx_word' id='word_1_24' title='bbox 991 1013 1252 1072; x_wconf 80' lang='lat' dir='ltr'><strong>desiderat,</strong></span> <span class='ocrx_word' id='word_1_25' title='bbox 1299 1031 1566 1078; x_wconf 87' lang='lat' dir='ltr'><strong>provocans</strong></span> <span class='ocrx_word' id='word_1_26' title='bbox 1612 1018 1682 1081; x_wconf 84' lang='lat' dir='ltr'><strong>ip-</strong></span> 
     </span>
     <span class='ocr_line' id='line_1_7' title="bbox 55 1083 1678 1145; baseline 0.002 -14"><span class='ocrx_word' id='word_1_27' title='bbox 55 1100 155 1140; x_wconf 73' lang='lat' dir='ltr'><strong>sam</strong></span> <span class='ocrx_word' id='word_1_28' title='bbox 208 1084 544 1133; x_wconf 82' lang='lat' dir='ltr'><strong>conscientiam</strong></span> <span class='ocrx_word' id='word_1_29' title='bbox 596 1093 823 1144; x_wconf 84' lang='lat' dir='ltr'><strong>vestram,</strong></span> <span class='ocrx_word' id='word_1_30' title='bbox 870 1083 930 1131; x_wconf 87' lang='lat' dir='ltr'><strong>ad</strong></span> <span class='ocrx_word' id='word_1_31' title='bbox 970 1083 1279 1142; x_wconf 87' lang='lat' dir='ltr'><strong>censendum,</strong></span> <span class='ocrx_word' id='word_1_32' title='bbox 1333 1101 1392 1132; x_wconf 89' lang='lat' dir='ltr'><strong>an</strong></span> <span class='ocrx_word' id='word_1_33' title='bbox 1431 1102 1545 1134; x_wconf 87' lang='lat' dir='ltr'><strong>vere</strong></span> <span class='ocrx_word' id='word_1_34' title='bbox 1585 1086 1678 1145; x_wconf 85' lang='lat' dir='ltr'><strong>dei,</strong></span> 
     </span>
     <span class='ocr_line' id='line_1_8' title="bbox 57 1153 1680 1213; baseline 0.002 -12"><span class='ocrx_word' id='word_1_35' title='bbox 57 1162 114 1205; x_wconf 84' lang='lat' dir='ltr'><strong>ut</strong></span> <span class='ocrx_word' id='word_1_36' title='bbox 137 1153 304 1213; x_wconf 75' lang='lat' dir='ltr'><strong>vultis,</strong></span> <span class='ocrx_word' id='word_1_37' title='bbox 339 1170 398 1202; x_wconf 88' lang='lat' dir='ltr'><strong>an</strong></span> <span class='ocrx_word' id='word_1_38' title='bbox 429 1154 573 1212; x_wconf 82' lang='lat' dir='ltr'><strong>falso,</strong></span> <span class='ocrx_word' id='word_1_39' title='bbox 604 1163 656 1201; x_wconf 90' lang='lat' dir='ltr'><strong>ut</strong></span> <span class='ocrx_word' id='word_1_40' title='bbox 685 1155 810 1202; x_wconf 88' lang='lat' dir='ltr'><strong>scire</strong></span> <span class='ocrx_word' id='word_1_41' title='bbox 842 1170 934 1201; x_wconf 92' lang='lat' dir='ltr'><strong>non</strong></span> <span class='ocrx_word' id='word_1_42' title='bbox 965 1154 1121 1201; x_wconf 87' lang='lat' dir='ltr'><strong>vultis.</strong></span> <span class='ocrx_word' id='word_1_43' title='bbox 1176 1154 1305 1202; x_wconf 90' lang='lat' dir='ltr'><strong>Haec</strong></span> <span class='ocrx_word' id='word_1_44' title='bbox 1338 1158 1460 1203; x_wconf 92' lang='lat' dir='ltr'><strong>enim</strong></span> <span class='ocrx_word' id='word_1_45' title='bbox 1485 1159 1680 1204; x_wconf 87' lang='lat' dir='ltr'><strong>materia</strong></span> 
     </span>
     <span class='ocr_line' id='line_1_9' title="bbox 56 1224 1678 1291; baseline 0.002 -20"><span class='ocrx_word' id='word_1_46' title='bbox 56 1232 135 1272; x_wconf 77' lang='lat' dir='ltr'><strong>est</strong></span> <span class='ocrx_word' id='word_1_47' title='bbox 164 1224 344 1277; x_wconf 83' lang='lat' dir='ltr'><strong>erroris</strong></span> <span class='ocrx_word' id='word_1_48' title='bbox 373 1224 558 1273; x_wconf 87' lang='lat' dir='ltr'><strong>humani</strong></span> <span class='ocrx_word' id='word_1_49' title='bbox 587 1239 675 1290; x_wconf 88' lang='lat' dir='ltr'><strong>per</strong></span> <span class='ocrx_word' id='word_1_50' title='bbox 696 1224 924 1271; x_wconf 85' lang='lat' dir='ltr'><strong>artificem</strong></span> <span class='ocrx_word' id='word_1_51' title='bbox 950 1225 1071 1280; x_wconf 83' lang='lat' dir='ltr'><strong>eiuS‚</strong></span> <span class='ocrx_word' id='word_1_52' title='bbox 1105 1239 1164 1272; x_wconf 88' lang='lat' dir='ltr'><strong>ne</strong></span> <span class='ocrx_word' id='word_1_53' title='bbox 1196 1225 1466 1291; x_wconf 75' lang='lat' dir='ltr'>ignorantia</span> <span class='ocrx_word' id='word_1_54' title='bbox 1498 1229 1678 1275; x_wconf 86' lang='lat' dir='ltr'><strong>erroris</strong></span> 
     </span>
     <span class='ocr_line' id='line_1_10' title="bbox 56 1290 1736 1359; baseline 0.001 -17"><span class='ocrx_word' id='word_1_55' title='bbox 56 1290 77 1342; x_wconf 69' lang='grc'><strong>.’</strong></span> <span class='ocrx_word' id='word_1_56' title='bbox 83 1324 193 1341; x_wconf 55' lang='grc'><strong>.....</strong></span> <span class='ocrx_word' id='word_1_57' title='bbox 225 1310 318 1359; x_wconf 89' lang='lat' dir='ltr'><strong>quo</strong></span> <span class='ocrx_word' id='word_1_58' title='bbox 351 1295 499 1359; x_wconf 78' lang='lat' dir='ltr'><strong>magis</strong></span> <span class='ocrx_word' id='word_1_59' title='bbox 528 1295 601 1342; x_wconf 88' lang='lat' dir='ltr'><strong>rei</strong></span> <span class='ocrx_word' id='word_1_60' title='bbox 632 1294 748 1344; x_wconf 90' lang='lat' dir='ltr'><strong>sitis.</strong></span> <span class='ocrx_word' id='word_1_61' title='bbox 827 1294 995 1342; x_wconf 84' lang='lat' dir='ltr'><strong>Patent</strong></span> <span class='ocrx_word' id='word_1_62' title='bbox 1027 1295 1172 1352; x_wconf 87' lang='lat' dir='ltr'><strong>oculi,</strong></span> <span class='ocrx_word' id='word_1_63' title='bbox 1207 1310 1297 1342; x_wconf 92' lang='lat' dir='ltr'><strong>nec</strong></span> <span class='ocrx_word' id='word_1_64' title='bbox 1328 1295 1513 1354; x_wconf 82' lang='lat' dir='ltr'><strong>vident3</strong></span> <span class='ocrx_word' id='word_1_65' title='bbox 1550 1298 1680 1344; x_wconf 80' lang='lat' dir='ltr'>hiant</span> <span class='ocrx_word' id='word_1_66' title='bbox 1732 1299 1736 1302; x_wconf 79' lang='grc'><strong>’</strong></span> 
     </span>
     <span class='ocr_line' id='line_1_11' title="bbox 54 1363 1679 1432; baseline 0.003 -22"><span class='ocrx_word' id='word_1_67' title='bbox 54 1378 216 1421; x_wconf 89' lang='lat' dir='ltr'><strong>aures,</strong></span> <span class='ocrx_word' id='word_1_68' title='bbox 257 1379 346 1411; x_wconf 89' lang='lat' dir='ltr'><strong>nec</strong></span> <span class='ocrx_word' id='word_1_69' title='bbox 377 1363 594 1423; x_wconf 81' lang='lat' dir='ltr'><strong>audiunt3</strong></span> <span class='ocrx_word' id='word_1_70' title='bbox 633 1380 717 1410; x_wconf 89' lang='lat' dir='ltr'><strong>cor</strong></span> <span class='ocrx_word' id='word_1_71' title='bbox 747 1372 903 1426; x_wconf 87' lang='lat' dir='ltr'><strong>stupet</strong></span> <span class='ocrx_word' id='word_1_72' title='bbox 932 1365 1126 1422; x_wconf 86' lang='lat' dir='ltr'><strong>saliens,</strong></span> <span class='ocrx_word' id='word_1_73' title='bbox 1160 1366 1314 1412; x_wconf 91' lang='lat' dir='ltr'><strong>nescit</strong></span> <span class='ocrx_word' id='word_1_74' title='bbox 1343 1366 1521 1414; x_wconf 87' lang='lat' dir='ltr'><strong>animus</strong></span> <span class='ocrx_word' id='word_1_75' title='bbox 1554 1367 1679 1432; x_wconf 89' lang='lat' dir='ltr'><strong>quod</strong></span> 
     </span>
     <span class='ocr_line' id='line_1_12' title="bbox 55 1432 1677 1499; baseline 0.003 -19"><span class='ocrx_word' id='word_1_76' title='bbox 55 1434 292 1497; x_wconf 71' lang='lat' dir='ltr'><strong>agnoscit.</strong></span> <span class='ocrx_word' id='word_1_77' title='bbox 369 1432 608 1497; x_wconf 84' lang='lat' dir='ltr'><strong>Denique,</strong></span> <span class='ocrx_word' id='word_1_78' title='bbox 649 1435 688 1480; x_wconf 89' lang='lat' dir='ltr'><strong>si</strong></span> <span class='ocrx_word' id='word_1_79' title='bbox 719 1442 894 1480; x_wconf 84' lang='lat' dir='ltr'><strong>tantam</strong></span> <span class='ocrx_word' id='word_1_80' title='bbox 925 1435 1286 1497; x_wconf 88' lang='lat' dir='ltr'><strong>perversitatem</strong></span> <span class='ocrx_word' id='word_1_81' title='bbox 1319 1451 1411 1483; x_wconf 91' lang='lat' dir='ltr'><strong>una</strong></span> <span class='ocrx_word' id='word_1_82' title='bbox 1441 1439 1677 1499; x_wconf 87' lang='lat' dir='ltr'><strong>praescri-</strong></span> 
     </span>
     <span class='ocr_line' id='line_1_13' title="bbox 49 1501 1678 1567; baseline 0.002 -17"><span class='ocrx_word' id='word_1_83' title='bbox 49 1503 213 1567; x_wconf 60' lang='lat' dir='ltr'><strong>ptione</strong></span> <span class='ocrx_word' id='word_1_84' title='bbox 246 1501 415 1553; x_wconf 74' lang='lat' dir='ltr'><strong>discuti</strong></span> <span class='ocrx_word' id='word_1_85' title='bbox 446 1503 637 1561; x_wconf 83' lang='lat' dir='ltr'><strong>liceret,</strong></span> <span class='ocrx_word' id='word_1_86' title='bbox 670 1504 716 1554; x_wconf 87' lang='lat' dir='ltr'><strong>in</strong></span> <span class='ocrx_word' id='word_1_87' title='bbox 748 1502 970 1567; x_wconf 77' lang='lat' dir='ltr'><strong>expedito</strong></span> <span class='ocrx_word' id='word_1_88' title='bbox 997 1512 1125 1551; x_wconf 91' lang='lat' dir='ltr'><strong>esset</strong></span> <span class='ocrx_word' id='word_1_89' title='bbox 1155 1505 1407 1563; x_wconf 76' lang='lat' dir='ltr'><strong>nuntiatio,</strong></span> <span class='ocrx_word' id='word_1_90' title='bbox 1443 1522 1545 1553; x_wconf 86' lang='lat' dir='ltr'><strong>cum</strong></span> <span class='ocrx_word' id='word_1_91' title='bbox 1579 1524 1678 1553; x_wconf 85' lang='lat' dir='ltr'><strong>om-</strong></span> 
     </span>
     <span class='ocr_line' id='line_1_14' title="bbox 43 1572 1675 1632; baseline 0.001 -9"><span class='ocrx_word' id='word_1_92' title='bbox 43 1577 137 1629; x_wconf 62' lang='lat' dir='ltr'><strong>mes</strong></span> <span class='ocrx_word' id='word_1_93' title='bbox 167 1574 289 1629; x_wconf 22' lang='lat' dir='ltr'><strong>istos}</strong></span> <span class='ocrx_word' id='word_1_94' title='bbox 314 1572 432 1623; x_wconf 83' lang='lat' dir='ltr'><strong>deos</strong></span> <span class='ocrx_word' id='word_1_95' title='bbox 463 1573 521 1623; x_wconf 84' lang='lat' dir='ltr'><strong>ab</strong></span> <span class='ocrx_word' id='word_1_96' title='bbox 553 1573 816 1628; x_wconf 85' lang='lat' dir='ltr'><strong>hominibus</strong></span> <span class='ocrx_word' id='word_1_97' title='bbox 848 1574 1110 1632; x_wconf 86' lang='lat' dir='ltr'><strong>institutos,</strong></span> <span class='ocrx_word' id='word_1_98' title='bbox 1166 1591 1258 1621; x_wconf 92' lang='lat' dir='ltr'><strong>non</strong></span> <span class='ocrx_word' id='word_1_99' title='bbox 1293 1610 1532 1624; x_wconf 89' lang='grc'><strong>..........</strong></span> <span class='ocrx_word' id='word_1_100' title='bbox 1566 1577 1675 1624; x_wconf 84' lang='lat' dir='ltr'><strong>hinc</strong></span> 
     </span>
     <span class='ocr_line' id='line_1_15' title="bbox 51 1641 1673 1710; baseline 0 -16"><span class='ocrx_word' id='word_1_101' title='bbox 51 1641 277 1694; x_wconf 60' lang='lat' dir='ltr'><strong>excidere</strong></span> <span class='ocrx_word' id='word_1_102' title='bbox 307 1642 446 1692; x_wconf 85' lang='lat' dir='ltr'><strong>fidem</strong></span> <span class='ocrx_word' id='word_1_103' title='bbox 478 1659 621 1692; x_wconf 85' lang='lat' dir='ltr'><strong>verae</strong></span> <span class='ocrx_word' id='word_1_104' title='bbox 646 1643 925 1702; x_wconf 87' lang='lat' dir='ltr'><strong>divinitatis,</strong></span> <span class='ocrx_word' id='word_1_105' title='bbox 960 1660 1051 1708; x_wconf 91' lang='lat' dir='ltr'><strong>quo</strong></span> <span class='ocrx_word' id='word_1_106' title='bbox 1083 1645 1199 1691; x_wconf 84' lang='lat' dir='ltr'>nihil</span> <span class='ocrx_word' id='word_1_107' title='bbox 1230 1646 1390 1709; x_wconf 89' lang='lat' dir='ltr'><strong>utique</strong></span> <span class='ocrx_word' id='word_1_108' title='bbox 1422 1646 1673 1710; x_wconf 89' lang='lat' dir='ltr'><strong>aliquando</strong></span> 
     </span>
     <span class='ocr_line' id='line_1_16' title="bbox 51 1712 1673 1778; baseline 0.001 -17"><span class='ocrx_word' id='word_1_109' title='bbox 51 1721 268 1777; x_wconf 78' lang='lat' dir='ltr'><strong>coeptum</strong></span> <span class='ocrx_word' id='word_1_110' title='bbox 302 1712 505 1762; x_wconf 82' lang='lat' dir='ltr'><strong>divinum</strong></span> <span class='ocrx_word' id='word_1_111' title='bbox 535 1713 688 1762; x_wconf 89' lang='lat' dir='ltr'><strong>videri</strong></span> <span class='ocrx_word' id='word_1_112' title='bbox 719 1715 819 1761; x_wconf 90' lang='lat' dir='ltr'><strong>iure</strong></span> <span class='ocrx_word' id='word_1_113' title='bbox 851 1715 1018 1778; x_wconf 85' lang='lat' dir='ltr'><strong>possit.</strong></span> <span class='ocrx_word' id='word_1_114' title='bbox 1093 1713 1191 1762; x_wconf 85' lang='lat' dir='ltr'><strong>Sed</strong></span> <span class='ocrx_word' id='word_1_115' title='bbox 1223 1715 1346 1764; x_wconf 90' lang='lat' dir='ltr'><strong>enim</strong></span> <span class='ocrx_word' id='word_1_116' title='bbox 1378 1717 1520 1763; x_wconf 91' lang='lat' dir='ltr'><strong>multa</strong></span> <span class='ocrx_word' id='word_1_117' title='bbox 1552 1727 1673 1774; x_wconf 87' lang='lat' dir='ltr'><strong>sunt,</strong></span> 
     </span>
     <span class='ocr_line' id='line_1_17' title="bbox 49 1782 1675 1846; baseline 0.002 -16"><span class='ocrx_word' id='word_1_118' title='bbox 49 1783 215 1846; x_wconf 77' lang='lat' dir='ltr'><strong>quihus</strong></span> <span class='ocrx_word' id='word_1_119' title='bbox 251 1784 480 1831; x_wconf 87' lang='lat' dir='ltr'><strong>teneritas</strong></span> <span class='ocrx_word' id='word_1_120' title='bbox 519 1784 842 1832; x_wconf 88' lang='lat' dir='ltr'><strong>conscientiae</strong></span> <span class='ocrx_word' id='word_1_121' title='bbox 882 1782 1141 1840; x_wconf 88' lang='lat' dir='ltr'><strong>obduratur</strong></span> <span class='ocrx_word' id='word_1_122' title='bbox 1170 1785 1218 1831; x_wconf 91' lang='lat' dir='ltr'><strong>in</strong></span> <span class='ocrx_word' id='word_1_123' title='bbox 1251 1786 1559 1837; x_wconf 83' lang='lat' dir='ltr'><strong>callositatem</strong></span> <span class='ocrx_word' id='word_1_124' title='bbox 1592 1804 1675 1834; x_wconf 87' lang='lat' dir='ltr'><strong>vo-</strong></span> 
     </span>
     <span class='ocr_line' id='line_1_18' title="bbox 49 1852 1675 1920; baseline 0.001 -19"><span class='ocrx_word' id='word_1_125' title='bbox 49 1852 240 1902; x_wconf 71' lang='lat' dir='ltr'><strong>luntarii</strong></span> <span class='ocrx_word' id='word_1_126' title='bbox 270 1854 461 1906; x_wconf 71' lang='lat' dir='ltr'><strong>erroris.</strong></span> <span class='ocrx_word' id='word_1_127' title='bbox 552 1853 738 1917; x_wconf 87' lang='lat' dir='ltr'><strong>Ingenti</strong></span> <span class='ocrx_word' id='word_1_128' title='bbox 776 1869 912 1900; x_wconf 86' lang='lat' dir='ltr'><strong>manu</strong></span> <span class='ocrx_word' id='word_1_129' title='bbox 950 1854 1123 1900; x_wconf 87' lang='lat' dir='ltr'><strong>veritas</strong></span> <span class='ocrx_word' id='word_1_130' title='bbox 1163 1853 1432 1915; x_wconf 82' lang='lat' dir='ltr'><strong>obsidetur3</strong></span> <span class='ocrx_word' id='word_1_131' title='bbox 1489 1865 1537 1902; x_wconf 89' lang='lat' dir='ltr'><strong>at</strong></span> <span class='ocrx_word' id='word_1_132' title='bbox 1573 1858 1675 1920; x_wconf 88' lang='lat' dir='ltr'><strong>ipsa</strong></span> 
     </span>
     <span class='ocr_line' id='line_1_19' title="bbox 46 1921 1674 1990; baseline 0.004 -22"><span class='ocrx_word' id='word_1_133' title='bbox 46 1921 108 1969; x_wconf 86' lang='lat' dir='ltr'><strong>de</strong></span> <span class='ocrx_word' id='word_1_134' title='bbox 140 1939 224 1970; x_wconf 81' lang='lat' dir='ltr'><strong>sua</strong></span> <span class='ocrx_word' id='word_1_135' title='bbox 259 1924 433 1981; x_wconf 84' lang='lat' dir='ltr'><strong>virtute</strong></span> <span class='ocrx_word' id='word_1_136' title='bbox 474 1939 645 1972; x_wconf 85' lang='lat' dir='ltr'><strong>secura</strong></span> <span class='ocrx_word' id='word_1_137' title='bbox 677 1932 764 1972; x_wconf 91' lang='lat' dir='ltr'><strong>est.</strong></span> <span class='ocrx_word' id='word_1_138' title='bbox 856 1922 1058 1985; x_wconf 79' lang='lat' dir='ltr'><strong>Quidni?</strong></span> <span class='ocrx_word' id='word_1_139' title='bbox 1084 1940 1399 1990; x_wconf 55' lang='lat' dir='ltr'><strong>,quoscunque</strong></span> <span class='ocrx_word' id='word_1_140' title='bbox 1438 1926 1558 1982; x_wconf 86' lang='lat' dir='ltr'><strong>vult,</strong></span> <span class='ocrx_word' id='word_1_141' title='bbox 1616 1926 1674 1974; x_wconf 89' lang='lat' dir='ltr'><strong>de</strong></span> 
     </span>
     <span class='ocr_line' id='line_1_20' title="bbox 47 1991 1676 2057; baseline 0.004 -19"><span class='ocrx_word' id='word_1_142' title='bbox 47 1992 164 2056; x_wconf 80' lang='lat' dir='ltr'><strong>ipsis</strong></span> <span class='ocrx_word' id='word_1_143' title='bbox 193 1991 482 2050; x_wconf 67' lang='lat' dir='ltr'><strong>adversariis</strong></span> <span class='ocrx_word' id='word_1_144' title='bbox 511 1995 669 2042; x_wconf 89' lang='lat' dir='ltr'><strong>socios</strong></span> <span class='ocrx_word' id='word_1_145' title='bbox 706 2002 1100 2057; x_wconf 79' lang='lat' dir='ltr'><strong>protectoresque</strong></span> <span class='ocrx_word' id='word_1_146' title='bbox 1139 1993 1328 2042; x_wconf 87' lang='lat' dir='ltr'><strong>sibimet</strong></span> <span class='ocrx_word' id='word_1_147' title='bbox 1363 1997 1577 2053; x_wconf 81' lang='lat' dir='ltr'><strong>assumit,</strong></span> <span class='ocrx_word' id='word_1_148' title='bbox 1627 2007 1676 2044; x_wconf 89' lang='lat' dir='ltr'><strong>et</strong></span> 
     </span>
     <span class='ocr_line' id='line_1_21' title="bbox 48 2062 1673 2128; baseline 0.002 -19"><span class='ocrx_word' id='word_1_149' title='bbox 48 2071 231 2120; x_wconf 71' lang='lat' dir='ltr'><strong>omnem</strong></span> <span class='ocrx_word' id='word_1_150' title='bbox 249 2063 371 2110; x_wconf 88' lang='lat' dir='ltr'><strong>illam</strong></span> <span class='ocrx_word' id='word_1_151' title='bbox 391 2072 757 2128; x_wconf 77' lang='lat' dir='ltr'><strong>expugnatorum</strong></span> <span class='ocrx_word' id='word_1_152' title='bbox 776 2062 1115 2111; x_wconf 86' lang='lat' dir='ltr'><strong>multitudinem</strong></span> <span class='ocrx_word' id='word_1_153' title='bbox 1133 2066 1408 2127; x_wconf 88' lang='lat' dir='ltr'><strong>prosternit.</strong></span> <span class='ocrx_word' id='word_1_154' title='bbox 1426 2063 1673 2113; x_wconf 86' lang='lat' dir='ltr'><strong>Adversus</strong></span> 
     </span>
     <span class='ocr_line' id='line_1_22' title="bbox 42 2131 1672 2198; baseline 0 -16"><span class='ocrx_word' id='word_1_155' title='bbox 42 2131 167 2198; x_wconf 25' lang='lat' dir='ltr'><strong>‚haec</strong></span> <span class='ocrx_word' id='word_1_156' title='bbox 197 2133 342 2197; x_wconf 80' lang='lat' dir='ltr'><strong>igitur</strong></span> <span class='ocrx_word' id='word_1_157' title='bbox 363 2133 497 2181; x_wconf 87' lang='lat' dir='ltr'><strong>nobis</strong></span> <span class='ocrx_word' id='word_1_158' title='bbox 529 2133 769 2196; x_wconf 83' lang='lat' dir='ltr'><strong>negotium</strong></span> <span class='ocrx_word' id='word_1_159' title='bbox 802 2143 897 2193; x_wconf 78' lang='lat' dir='ltr'><strong>est,¹</strong></span> <span class='ocrx_word' id='word_1_160' title='bbox 929 2133 1153 2181; x_wconf 88' lang='lat' dir='ltr'><strong>adversus</strong></span> <span class='ocrx_word' id='word_1_161' title='bbox 1177 2135 1494 2182; x_wconf 86' lang='lat' dir='ltr'><strong>institutiones</strong></span> <span class='ocrx_word' id='word_1_162' title='bbox 1526 2137 1672 2182; x_wconf 87' lang='lat' dir='ltr'><strong>maio-</strong></span> 
     </span>
     <span class='ocr_line' id='line_1_23' title="bbox 43 2203 1672 2269; baseline 0.002 -19"><span class='ocrx_word' id='word_1_163' title='bbox 43 2217 161 2262; x_wconf 51' lang='grc' dir='ltr'><strong>ςυρψ,</strong></span> <span class='ocrx_word' id='word_1_164' title='bbox 193 2204 500 2259; x_wconf 77' lang='lat' dir='ltr'><strong>auctoritates</strong></span> <span class='ocrx_word' id='word_1_165' title='bbox 531 2211 852 2267; x_wconf 80' lang='lat' dir='ltr'><strong>receptorum,</strong></span> <span class='ocrx_word' id='word_1_166' title='bbox 887 2203 1022 2268; x_wconf 87' lang='lat' dir='ltr'><strong>leges</strong></span> <span class='ocrx_word' id='word_1_167' title='bbox 1047 2203 1395 2263; x_wconf 87' lang='lat' dir='ltr'><strong>dominantium,</strong></span> <span class='ocrx_word' id='word_1_168' title='bbox 1421 2222 1672 2269; x_wconf 87' lang='lat' dir='ltr'><strong>argumen-</strong></span> 
     </span>
     <span class='ocr_line' id='line_1_24' title="bbox 46 2272 1669 2342; baseline 0.002 -22"><span class='ocrx_word' id='word_1_169' title='bbox 46 2274 249 2342; x_wconf 51' lang='lat' dir='ltr'><strong>tffiiones</strong></span> <span class='ocrx_word' id='word_1_170' title='bbox 286 2272 604 2336; x_wconf 59' lang='grc' dir='ltr'><strong>Ρέῦᾶβηῑὶῃως</strong></span> <span class='ocrx_word' id='word_1_171' title='bbox 653 2273 877 2333; x_wconf 81' lang='lat' dir='ltr'><strong>adversus</strong></span> <span class='ocrx_word' id='word_1_172' title='bbox 909 2283 1213 2331; x_wconf 80' lang='lat' dir='ltr'><strong>vetustatem,</strong></span> <span class='ocrx_word' id='word_1_173' title='bbox 1264 2275 1669 2333; x_wconf 88' lang='lat' dir='ltr'><strong>consuetudinem,</strong></span> 
     </span>
     <span class='ocr_line' id='line_1_25' title="bbox 45 2338 1670 2408; baseline 0.001 -19"><span class='ocrx_word' id='word_1_174' title='bbox 45 2338 403 2402; x_wconf 50' lang='lat' dir='ltr'><strong>messii-&amp;tsetm</strong></span> <span class='ocrx_word' id='word_1_175' title='bbox 442 2343 667 2391; x_wconf 86' lang='lat' dir='ltr'><strong>adversus</strong></span> <span class='ocrx_word' id='word_1_176' title='bbox 707 2345 945 2408; x_wconf 84' lang='lat' dir='ltr'><strong>exempla,</strong></span> <span class='ocrx_word' id='word_1_177' title='bbox 984 2343 1228 2408; x_wconf 85' lang='lat' dir='ltr'><strong>prodigia,</strong></span> <span class='ocrx_word' id='word_1_178' title='bbox 1268 2346 1515 2401; x_wconf 85' lang='lat' dir='ltr'><strong>miracula,</strong></span> <span class='ocrx_word' id='word_1_179' title='bbox 1550 2361 1670 2408; x_wconf 86' lang='lat' dir='ltr'><strong>quae</strong></span> 
     </span>
     <span class='ocr_line' id='line_1_26' title="bbox 46 2410 1668 2475; baseline 0.002 -17"><span class='ocrx_word' id='word_1_180' title='bbox 46 2411 201 2475; x_wconf 59' lang='lat' dir='ltr'><strong>mia</strong></span> <span class='ocrx_word' id='word_1_181' title='bbox 221 2411 527 2468; x_wconf 69' lang='lat' dir='ltr'><strong>adulterinam</strong></span> <span class='ocrx_word' id='word_1_182' title='bbox 552 2416 682 2461; x_wconf 86' lang='lat' dir='ltr'><strong>istam</strong></span> <span class='ocrx_word' id='word_1_183' title='bbox 711 2412 998 2473; x_wconf 78' lang='lat' dir='ltr'><strong>divinitatem</strong></span> <span class='ocrx_word' id='word_1_184' title='bbox 1017 2410 1463 2462; x_wconf 79' lang='lat' dir='ltr'><strong>corroboraverunt.</strong></span> <span class='ocrx_word' id='word_1_185' title='bbox 1513 2413 1668 2472; x_wconf 80' lang='lat' dir='ltr'><strong>Quare</strong></span> 
     </span>
     <span class='ocr_line' id='line_1_27' title="bbox 40 2481 1668 2547; baseline 0.001 -17"><span class='ocrx_word' id='word_1_186' title='bbox 40 2481 299 2546; x_wconf 41' lang='lat' dir='ltr'><strong>§wirundum</strong></span> <span class='ocrx_word' id='word_1_187' title='bbox 333 2492 518 2531; x_wconf 86' lang='lat' dir='ltr'><strong>vestros</strong></span> <span class='ocrx_word' id='word_1_188' title='bbox 550 2486 937 2543; x_wconf 74' lang='lat' dir='ltr'><strong>commentarios,</strong></span> <span class='ocrx_word' id='word_1_189' title='bbox 983 2500 1100 2547; x_wconf 90' lang='lat' dir='ltr'><strong>quos</strong></span> <span class='ocrx_word' id='word_1_190' title='bbox 1147 2499 1208 2530; x_wconf 83' lang='lat' dir='ltr'><strong>ex</strong></span> <span class='ocrx_word' id='word_1_191' title='bbox 1238 2485 1363 2531; x_wconf 85' lang='lat' dir='ltr'><strong>omni</strong></span> <span class='ocrx_word' id='word_1_192' title='bbox 1395 2483 1668 2547; x_wconf 84' lang='lat' dir='ltr'><strong>theologiae</strong></span> 
     </span>
     <span class='ocr_line' id='line_1_28' title="bbox 46 2554 1752 2621; baseline 0 -21"><span class='ocrx_word' id='word_1_193' title='bbox 46 2561 224 2616; x_wconf 61' lang='lat' dir='ltr'><strong>mere</strong></span> <span class='ocrx_word' id='word_1_194' title='bbox 256 2554 479 2621; x_wconf 57' lang='lat' dir='ltr'><strong>cepistis,⁶</strong></span> <span class='ocrx_word' id='word_1_195' title='bbox 512 2554 707 2619; x_wconf 87' lang='lat' dir='ltr'><strong>gradum</strong></span> <span class='ocrx_word' id='word_1_196' title='bbox 740 2554 1020 2614; x_wconf 81' lang='lat' dir='ltr'><strong>conferens,</strong></span> <span class='ocrx_word' id='word_1_197' title='bbox 1068 2554 1284 2616; x_wconf 87' lang='lat' dir='ltr'><strong>quoniam</strong></span> <span class='ocrx_word' id='word_1_198' title='bbox 1324 2554 1475 2601; x_wconf 88' lang='lat' dir='ltr'><strong>maior</strong></span> <span class='ocrx_word' id='word_1_199' title='bbox 1504 2554 1550 2600; x_wconf 90' lang='lat' dir='ltr'><strong>in</strong></span> <span class='ocrx_word' id='word_1_200' title='bbox 1582 2554 1668 2601; x_wconf 85' lang='lat' dir='ltr'><strong>hu·</strong></span> <span class='ocrx_word' id='word_1_201' title='bbox 1748 2592 1752 2595; x_wconf 60' lang='grc'>,</span> 
     </span>
     <span class='ocr_line' id='line_1_29' title="bbox 44 2620 1663 2687; baseline 0.001 -18"><span class='ocrx_word' id='word_1_202' title='bbox 44 2620 245 2685; x_wconf 53' lang='lat' dir='ltr'><strong>modi</strong></span> <span class='ocrx_word' id='word_1_203' title='bbox 278 2637 433 2686; x_wconf 28' lang='lat' dir='ltr'><strong>penes.</strong></span> <span class='ocrx_word' id='word_1_204' title='bbox 463 2640 549 2672; x_wconf 91' lang='lat' dir='ltr'><strong>vos</strong></span> <span class='ocrx_word' id='word_1_205' title='bbox 588 2624 845 2671; x_wconf 87' lang='lat' dir='ltr'><strong>auctoritas</strong></span> <span class='ocrx_word' id='word_1_206' title='bbox 885 2623 1150 2680; x_wconf 84' lang='lat' dir='ltr'><strong>literarum,</strong></span> <span class='ocrx_word' id='word_1_207' title='bbox 1207 2639 1341 2687; x_wconf 88' lang='lat' dir='ltr'><strong>quam</strong></span> <span class='ocrx_word' id='word_1_208' title='bbox 1380 2638 1536 2671; x_wconf 88' lang='lat' dir='ltr'><strong>rerum</strong></span> <span class='ocrx_word' id='word_1_209' title='bbox 1576 2633 1663 2682; x_wconf 91' lang='lat' dir='ltr'><strong>est,</strong></span> 
     </span>
     <span class='ocr_line' id='line_1_30' title="bbox 42 2686 1665 2757; baseline 0.002 -19"><span class='ocrx_word' id='word_1_210' title='bbox 42 2686 177 2755; x_wconf 50' lang='lat' dir='ltr'><strong>clegi</strong></span> <span class='ocrx_word' id='word_1_211' title='bbox 203 2689 264 2739; x_wconf 88' lang='lat' dir='ltr'><strong>ad</strong></span> <span class='ocrx_word' id='word_1_212' title='bbox 294 2693 615 2756; x_wconf 73' lang='lat' dir='ltr'><strong>compendium</strong></span> <span class='ocrx_word' id='word_1_213' title='bbox 646 2694 875 2742; x_wconf 89' lang='lat' dir='ltr'><strong>Varronis</strong></span> <span class='ocrx_word' id='word_1_214' title='bbox 908 2709 1076 2757; x_wconf 84' lang='lat' dir='ltr'><strong>opera,</strong></span> <span class='ocrx_word' id='word_1_215' title='bbox 1110 2695 1187 2756; x_wconf 92' lang='lat' dir='ltr'><strong>qui</strong></span> <span class='ocrx_word' id='word_1_216' title='bbox 1212 2709 1366 2741; x_wconf 86' lang='lat' dir='ltr'><strong>rerum</strong></span> <span class='ocrx_word' id='word_1_217' title='bbox 1406 2692 1665 2742; x_wconf 88' lang='lat' dir='ltr'><strong>divinarum</strong></span> 
     </span>
     <span class='ocr_line' id='line_1_31' title="bbox 39 2761 1664 2827; baseline 0.003 -21"><span class='ocrx_word' id='word_1_218' title='bbox 39 2775 107 2806; x_wconf 79' lang='lat' dir='ltr'><strong>ex</strong></span> <span class='ocrx_word' id='word_1_219' title='bbox 137 2761 348 2809; x_wconf 90' lang='lat' dir='ltr'><strong>omnibus</strong></span> <span class='ocrx_word' id='word_1_220' title='bbox 379 2771 508 2810; x_wconf 86' lang='lat' dir='ltr'><strong>retro</strong></span> <span class='ocrx_word' id='word_1_221' title='bbox 542 2763 738 2827; x_wconf 85' lang='lat' dir='ltr'><strong>digestis</strong></span> <span class='ocrx_word' id='word_1_222' title='bbox 770 2771 1128 2820; x_wconf 87' lang='lat' dir='ltr'><strong>commentatus,</strong></span> <span class='ocrx_word' id='word_1_223' title='bbox 1168 2762 1388 2810; x_wconf 89' lang='lat' dir='ltr'><strong>idoneum</strong></span> <span class='ocrx_word' id='word_1_224' title='bbox 1426 2779 1480 2812; x_wconf 86' lang='lat' dir='ltr'><strong>se</strong></span> <span class='ocrx_word' id='word_1_225' title='bbox 1526 2764 1664 2811; x_wconf 87' lang='lat' dir='ltr'><strong>nobis</strong></span> 
     </span>
     <span class='ocr_line' id='line_1_32' title="bbox 42 2833 1662 2897; baseline 0.004 -22"><span class='ocrx_word' id='word_1_226' title='bbox 42 2844 238 2893; x_wconf 85' lang='lat' dir='ltr'><strong>scopum</strong></span> <span class='ocrx_word' id='word_1_227' title='bbox 285 2834 515 2894; x_wconf 81' lang='lat' dir='ltr'><strong>exposuit.</strong></span> <span class='ocrx_word' id='word_1_228' title='bbox 605 2833 737 2881; x_wconf 84' lang='lat' dir='ltr'><strong>Hunc</strong></span> <span class='ocrx_word' id='word_1_229' title='bbox 783 2835 823 2880; x_wconf 94' lang='lat' dir='ltr'><strong>si</strong></span> <span class='ocrx_word' id='word_1_230' title='bbox 861 2834 1175 2895; x_wconf 86' lang='lat' dir='ltr'><strong>interrogem,</strong></span> <span class='ocrx_word' id='word_1_231' title='bbox 1225 2835 1302 2897; x_wconf 90' lang='lat' dir='ltr'><strong>qui</strong></span> <span class='ocrx_word' id='word_1_232' title='bbox 1345 2834 1662 2881; x_wconf 90' lang='lat' dir='ltr'><strong>insinuatores</strong></span> 
     </span>
     <span class='ocr_line' id='line_1_33' title="bbox 40 2897 1658 2968; baseline 0.004 -23"><span class='ocrx_word' id='word_1_233' title='bbox 40 2897 270 2962; x_wconf 65' lang='lat' dir='ltr'><strong>deorum?</strong></span> <span class='ocrx_word' id='word_1_234' title='bbox 307 2910 386 2962; x_wconf 83' lang='lat' dir='ltr'><strong>aut</strong></span> <span class='ocrx_word' id='word_1_235' title='bbox 413 2902 718 2966; x_wconf 86' lang='lat' dir='ltr'><strong>philosophos</strong></span> <span class='ocrx_word' id='word_1_236' title='bbox 750 2902 968 2968; x_wconf 87' lang='lat' dir='ltr'><strong>designat</strong></span> <span class='ocrx_word' id='word_1_237' title='bbox 1006 2911 1087 2949; x_wconf 89' lang='lat' dir='ltr'><strong>aut</strong></span> <span class='ocrx_word' id='word_1_238' title='bbox 1123 2903 1322 2966; x_wconf 92' lang='lat' dir='ltr'><strong>populos</strong></span> <span class='ocrx_word' id='word_1_239' title='bbox 1358 2900 1439 2950; x_wconf 87' lang='lat' dir='ltr'><strong>aut</strong></span> <span class='ocrx_word' id='word_1_240' title='bbox 1476 2907 1658 2967; x_wconf 70' lang='lat' dir='ltr'><strong>poetas·</strong></span> 
     </span>
     <span class='ocr_line' id='line_1_34' title="bbox 39 2963 1659 3034; baseline 0.002 -18"><span class='ocrx_word' id='word_1_241' title='bbox 39 2963 236 3032; x_wconf 54' lang='lat' dir='ltr'><strong>Zniplici</strong></span> <span class='ocrx_word' id='word_1_242' title='bbox 269 2970 390 3018; x_wconf 86' lang='lat' dir='ltr'><strong>enim</strong></span> <span class='ocrx_word' id='word_1_243' title='bbox 421 2965 602 3034; x_wconf 80' lang='lat' dir='ltr'><strong>genere</strong></span> <span class='ocrx_word' id='word_1_244' title='bbox 633 2972 826 3019; x_wconf 89' lang='lat' dir='ltr'><strong>deorum</strong></span> <span class='ocrx_word' id='word_1_245' title='bbox 860 2988 1051 3019; x_wconf 91' lang='lat' dir='ltr'><strong>censum</strong></span> <span class='ocrx_word' id='word_1_246' title='bbox 1090 2971 1325 3031; x_wconf 65' lang='lat' dir='ltr'><strong>distinxit:</strong></span> <span class='ocrx_word' id='word_1_247' title='bbox 1377 2990 1512 3020; x_wconf 91' lang='lat' dir='ltr'><strong>unum</strong></span> <span class='ocrx_word' id='word_1_248' title='bbox 1553 2989 1659 3020; x_wconf 92' lang='lat' dir='ltr'><strong>esse</strong></span> 
     </span>
     <span class='ocr_line' id='line_1_35' title="bbox 32 3036 1667 3108; baseline 0.001 -22"><span class='ocrx_word' id='word_1_249' title='bbox 32 3036 309 3103; x_wconf 46' lang='lat' dir='ltr'><strong>physicum,</strong></span> <span class='ocrx_word' id='word_1_250' title='bbox 344 3039 468 3104; x_wconf 91' lang='lat' dir='ltr'><strong>quod</strong></span> <span class='ocrx_word' id='word_1_251' title='bbox 484 3041 747 3105; x_wconf 88' lang='lat' dir='ltr'><strong>philosophi</strong></span> <span class='ocrx_word' id='word_1_252' title='bbox 765 3050 1047 3101; x_wconf 82' lang='lat' dir='ltr'><strong>retractant3</strong></span> <span class='ocrx_word' id='word_1_253' title='bbox 1083 3042 1206 3090; x_wconf 85' lang='lat' dir='ltr'><strong>aliud</strong></span> <span class='ocrx_word' id='word_1_254' title='bbox 1232 3043 1501 3108; x_wconf 87' lang='lat' dir='ltr'><strong>mythicum,</strong></span> <span class='ocrx_word' id='word_1_255' title='bbox 1535 3041 1667 3107; x_wconf 70' lang='lat' dir='ltr'><strong>quod,</strong></span> 
     </span>
    </p>
   </div>
   <div class='ocr_carea' id='block_1_6' title="bbox 23 3381 144 3554">
    <p class='ocr_par' dir='ltr' id='par_1_6' title="bbox 23 3381 144 3554">
     <span class='ocr_line' id='line_1_36' title="bbox 23 3381 144 3554; baseline 0 0"><span class='ocrx_word' id='word_1_256' title='bbox 23 3381 144 3554; x_wconf 95' lang='lat' dir='ltr'><strong> </strong></span> 
     </span>
    </p>
   </div>
  </div>
 </body>
</html>
