1942 3554
303 185 422 234 184
655 183 747 221 DE
778 181 1243 222 TESTIMONIO
1280 180 1578 222 ANlMA·E.;

304 325 577 374 commissa.
625 321 755 368 dicet
783 323 964 384 potius,
1005 319 1290 367 diventilatis
1322 321 1370 369 in
1411 321 1576 384 vulgus
1607 322 1928 393 ορῖιιίοιιίιιιιερ

301 395 644 460 publicatarum
676 392 936 438 litterarum
968 406 1122 448 usum,
1154 391 1243 436 iam
1270 398 1319 437 et
1342 391 1472 454 quasi
1501 391 1662 439 vitium
1694 392 1929 442 corrobov„

298 474 450 513 ratum
467 463 627 510 taliter
656 458 1021 508 sermocinandi.
1070 459 1212 507 Certe
1234 461 1366 524 prior
1388 460 1562 519 anima,
1589 477 1722 525 quam
1747 462 1929 531 litterajg

299 544 351 583 et
375 534 506 598 prior
529 547 708 590 sermo,
737 546 869 594 quam
896 529 1038 587 liber,
1075 539 1123 577 et
1145 531 1278 593 prior
1300 545 1490 589 sensus,
1525 547 1659 595 qnam
1683 532 1838 590 stiluS,
1875 539 1927 582 et

299 606 433 669 prior
477 602 614 650 homo
661 601 785 664 ipse,
834 616 967 664 quam
1011 600 1316 665 philosophus
1361 609 1410 647 et
1454 603 1609 664 poe‘ta.
1684 584 1927 665 Numquid

302 691 420 737 eigo
448 670 733 720 credendum
762 679 856 728 est,
883 678 991 717 ante
1018 670 1326 718 litteraturam
1352 679 1399 718 et
1424 668 1790 734 divulgationem
1821 673 1929 740 eius

302 753 455 791 mutos
486 742 661 805 absque
687 739 952 788 huiusmodi
975 740 1434 804 pronuntiationibus
1465 740 1678 789 homines
1701 742 1927 790 vixisse?

301 814 456 862 Nemo
490 812 627 860 deum
659 820 708 859 et
737 811 995 858 bonitatem
1028 811 1153 868 eius,
1196 826 1332 858 nemo
1364 819 1583 893 mortem,
1630 826 1766 858 nemo
1799 813 1929 859 infe-

301 900 384 932 ros
417 881 727 948 loquebatur?
769 879 1075 929 Mendicabat
1104 896 1282 939 sermo,
1330 881 1520 944 opinor,
1560 882 1652 928 imo
1684 897 1773 929 nec
1805 882 1926 932 ullus

304 970 411 1003 esse
457 961 669 1016 poterat,
719 951 1014 999 cessantibus
1060 951 1197 997 etiam
1245 961 1377 1009 tune,
1425 951 1526 998 sine
1573 951 1743 1016 quibus
1782 951 1929 1003 hodie,

303 1026 394 1072 iam
426 1023 613 1070 beatior
658 1030 706 1068 et
749 1022 1033 1085 locupletior
1078 1030 1126 1068 et
1162 1020 1440 1085 prudentior
1479 1037 1585 1069 esse
1617 1038 1708 1069 non
1738 1030 1931 1086 potesty

304 1096 344 1142 si
375 1110 457 1152 ea,
508 1107 625 1157 quae
671 1101 763 1140 tam
801 1092 981 1149 facilia,
1028 1100 1121 1138 tam
1160 1091 1369 1149 assidua,
1416 1100 1508 1138 tam
1539 1092 1752 1155 proxima
1782 1091 1928 1140 hodie

304 1173 434 1221 sunt,
468 1163 516 1209 in
547 1163 660 1225 ipsis
693 1159 1032 1225 quodammodo
1066 1161 1202 1208 labiis
1234 1171 1389 1224 parta,
1429 1170 1560 1208 retro
1593 1178 1687 1208 non
1719 1162 1930 1220 fuerunt,

304 1242 554 1296 antequam
594 1233 780 1279 litterae
813 1233 858 1278 in
892 1231 1054 1279 seculo
1095 1232 1457 1295 germinassent,
1504 1240 1749 1294 antequam
1795 1231 1929 1298 Mer-7

305 1304 485 1361 curius,
534 1303 724 1365 opinor,
772 1311 906 1348 natus
937 1302 1119 1349 fuisset.
1195 1301 1257 1347 Et
1293 1299 1415 1348 unde
1455 1299 1572 1348 ordo
1611 1303 1724 1365 ipsis
1755 1302 1929 1352 litteris

305 1374 530 1435 contigit,
564 1388 703 1419 nosse
730 1381 779 1419 et
803 1372 850 1418 in
884 1388 1012 1418 usum
1043 1371 1261 1435 loquelae
1287 1370 1617 1432 disseminare,
1652 1389 1769 1437 quae
1801 1373 1936 1425 nulla

304 1460 504 1507 unquam
551 1458 681 1489 mens
729 1451 1019 1506 conceperat
1057 1451 1138 1489 aut
1183 1442 1344 1506 lingua
1381 1442 1644 1506 protulerat
1682 1451 1762 1489 aut
1799 1443 1927 1493 auris

305 1515 594 1576 exceperat?
639 1515 703 1558 At
740 1513 862 1559 enim
903 1528 1005 1558 cum
1046 1511 1231 1560 divinae
1278 1513 1565 1576 scripturae,
1613 1529 1732 1577 quae
1778 1519 1929 1576 penes

303 1600 391 1632 nos
436 1584 511 1630 vel
558 1582 759 1629 Iudaeos
806 1591 932 1639 sunt,
988 1584 1034 1628 in
1082 1598 1277 1646 quorum
1324 1583 1530 1630 oleastro
1577 1583 1702 1630 insiti
1751 1599 1928 1643 sumusfl

303 1654 450 1702 multo
484 1652 777 1700 secularibus
809 1652 1002 1710 litteris,
1035 1668 1128 1699 non
1161 1651 1346 1700 modica
1375 1661 1552 1700 tantum
1576 1661 1731 1701 aetate
1755 1654 1929 1718 aliqua,

307 1721 613 1780 antecedant,
663 1732 713 1769 ut
745 1723 852 1770 loco
887 1739 970 1769 suo
1004 1721 1279 1770 edocuimus
1304 1723 1348 1782 1)
1383 1722 1442 1770 ad
1473 1722 1610 1771 fidem
1651 1739 1808 1771 earum
1842 1723 1926 1772 dee

303 1793 674 1852 monstrandam,
712 1802 759 1841 et
790 1794 829 1840 si
852 1792 973 1839 haec
1001 1793 1186 1856 eloquia
1213 1792 1269 1840 de
1295 1791 1466 1840 litteris
1490 1795 1728 1857 usurpavit
1751 1795 1929 1859 anima}

304 1866 465 1928 utique
512 1863 571 1911 de
616 1864 789 1911 nostris
839 1861 1125 1910 credendum
1171 1865 1284 1922 erit,
1331 1880 1423 1910 non
1471 1862 1528 1911 de
1574 1866 1768 1922 vestris,
1816 1864 1929 1928 quiz

304 1936 495 1999 potiora
526 1942 633 1981 sunt
662 1934 721 1981 ad
753 1933 1072 1981 instruendam
1106 1934 1302 1981 animam
1341 1935 1522 1997 priora,
1555 1951 1688 1999 quain
1718 1937 1929 2000 posteraj

308 2021 427 2068 quae
467 2013 516 2051 et
552 2006 655 2068 ipsa
695 2022 721 2052 a
759 2004 996 2067 prioribus
1034 2005 1201 2051 instrui
1238 2003 1555 2063 sustinebant3
1606 2020 1709 2052 cum
1748 2006 1836 2052 etsi
1868 2003 1929 2053 de

305 2076 476 2123 vestris
522 2074 797 2122 instructam
845 2073 1181 2133 concedamus,
1230 2074 1288 2122 ad
1335 2074 1566 2138 originem
1605 2083 1760 2124 tamen
1799 2075 1926 2139 prin-

309 2145 509 2207 cipalem
547 2142 738 2191 traditio
776 2145 1033 2208 pertineat,
1083 2154 1380 2208 nostrumque
1421 2146 1606 2192 omnino
1644 2146 1729 2203 sit,
1780 2143 1930 2209 quod-z

309 2230 492 2277 cunque
538 2212 596 2261 de
643 2216 816 2261 nostris
870 2216 1088 2261 sumsisse
1136 2224 1184 2263 et
1235 2214 1484 2263 tradidisse
1531 2216 1731 2278 contigit
1771 2214 1927 2266 vobis«

309 2282 446 2343 Quod
492 2299 595 2330 cum
634 2284 698 2330 ita
742 2285 825 2342 sit,
872 2300 964 2330 non
1010 2285 1197 2330 multum
1236 2286 1406 2342 refert,
1455 2301 1511 2330 an
1543 2301 1571 2331 a
1601 2285 1692 2333 deo
1725 2286 1928 2339 formata

307 2356 369 2401 sit
398 2354 578 2401 animae
612 2354 926 2412 conscientia,
960 2369 1018 2400 an
1051 2354 1219 2401 litteris
1253 2353 1344 2400 dei.
1407 2352 1526 2412 Quid
1558 2354 1704 2417 igitur
1739 2356 1809 2402 vis
1844 2347 1928 2409 Ιιο-ιζ

307 2442 407 2484 ιιιο,
442 2424 501 2473 de
533 2425 743 2471 humanis
777 2424 1024 2472 sententiis
1057 2424 1313 2471 litterarum
1338 2432 1517 2470 tuarum
1549 2426 1706 2473 exisse
1729 2425 1847 2473 haec
1878 2425 1935 2490 in·

308 2512 419 2544 usus
445 2496 706 2542 communis
739 2495 1081 2542 callositatem?
1911 2496 1929 2542 ².

440 2570 486 2616 6
528 2564 681 2612 Crede
714 2565 871 2628 itaque
903 2566 1015 2622 tuis,
1051 2572 1099 2611 et
1131 2563 1188 2610 de
1221 2566 1567 2612 commentariis
1598 2566 1770 2613 nostris
1794 2566 1930 2616 tanto?

309 2637 457 2699 magis
484 2635 628 2683 crede
662 2634 855 2693 divinis,
902 2633 987 2682 sed
1019 2632 1076 2680 de
1108 2636 1288 2682 animae
1321 2635 1466 2698 ipsius
1499 2634 1694 2683 arbitrio
1727 2634 1930 2707 perinde?

312 2705 456 2753 crede
475 2715 684 2753 naturae.
733 2704 898 2768 Elige,
918 2721 1050 2768 quam
1070 2720 1130 2751 ex
1152 2705 1222 2751 his
1246 2703 1431 2751 fidelius
1455 2720 1668 2753 sororem
1700 2692 1930 2758 observes

309 2776 539 2822 imitatis.
616 2774 665 2822 Si
706 2774 762 2822 de
812 2775 903 2823 tuis
943 2775 1110 2821 litteris
1149 2772 1355 2834 dubitas,
1406 2791 1557 2839 neque
1590 2774 1727 2834 deus,
1768 2784 1930 2839 nequ&

310 2854 471 2892 natura
490 2846 731 2902 mentitur,
765 2854 816 2893 ut
840 2854 887 2892 et
911 2854 1102 2892 naturae
1128 2852 1176 2891 et
1205 2843 1295 2891 deo
1315 2843 1503 2904 credas3
1545 2843 1689 2893 crede
1721 2846 1930 2905 animae&¹

311 2915 375 2961 ita
407 2915 509 2972 fiet,
550 2924 598 2962 ut
630 2922 678 2962 et
707 2915 792 2962 tibi
824 2914 1005 2963 credas.
1068 2914 1151 2961 Illa
1183 2922 1313 2961 certe
1347 2923 1444 2974 est,
1479 2930 1614 2979 quam
1639 2917 1754 2963 tanti
1784 2915 1932 2982 facisjg

426 3109 470 3160 1)
498 3110 672 3158 Apolog.
703 3122 738 3149 e.
770 3113 834 3149 19.
