1942 3554
288 177 373 217 DE
401 175 923 216 EXHORTATIONE
953 172 1626 220 CASTITAT18.102

62 287 88 310 ‘⁴'
140 306 222 340 ae
251 292 488 355 ingenium
520 292 595 349 sit,
628 306 746 355 quae
778 291 918 338 etiam
949 291 1096 354 stupri
1129 306 1295 338 caussa
1325 297 1411 338 est.
1444 287 1630 353 Ecquid

85 370 196 410 tur
222 362 309 410 tibi
339 363 521 426 stupri
518 362 659 409 affine
692 377 796 410 esse
827 362 1185 419 matrimonium,
1227 361 1444 426 quoniam
1485 376 1543 408 ea
1580 361 1630 408 in

72 430 428 497 deprehendo
462 449 581 496 quae
613 441 774 497 stupro
808 435 1110 496 competunt?
1166 431 1273 496 Ipse
1313 431 1528 479 dominus
1559 429 1630 479 di-

72 513 85 542 '-
159 505 237 569 qui
265 502 454 561 viderit,
487 505 651 568 inquit,
684 504 925 551 mulierem
942 502 1002 551 ad
1020 502 1445 567 concupiscendum
1466 506 1630 565 [eam],

130 575 360 640 stupravit
390 590 492 622 eam
524 576 571 621 in
604 573 749 623 corde
781 591 866 622 suo
885 576 946 635 1).
1010 574 1108 633 Qui
1128 583 1285 622 autem
1315 590 1418 622 eam
1456 573 1516 622 ad
1548 572 1634 622 du-

57 643 210 697 dum
237 644 426 705 viderit,
458 646 607 693 minus
638 662 698 692 an
728 645 830 709 plus
860 646 1006 693 fecit?
1036 644 1145 709 quid
1175 647 1215 693 si
1246 646 1388 693 etiam
1419 643 1636 693 duxerit?

72 734 121 785 '⁴4'
164 733 260 767 non
289 717 488 774 faceret,
521 718 610 764 nisi
642 715 702 764 ad
734 715 996 763 ducendum
1036 717 1351 797 concupisset.
1413 715 1518 764 Nisi
1548 733 1635 779 po-

84 775 242 836 duci
272 804 414 845 uxor,
449 803 592 851 quam
621 804 714 834 non
742 786 917 835 videris
948 802 1036 834 nec
1076 787 1374 850 concupieris
1389 787 1453 847 2).
1513 786 1636 834 Mul-

100 911 103 914 ,
143 864 256 914 sane
295 859 515 916 interest,
562 859 754 905 maritus
792 874 851 905 an
898 857 1087 906 caelebs
1127 858 1265 905 aliam
1311 859 1633 921 concupiscat.

68 938 74 947 ’“
113 931 170 978 is
206 930 373 991 mulier
410 929 581 977 caelibi
618 930 711 976 alia
727 929 771 989 3)
820 937 906 987 est,
955 927 1171 992 quamdiu
1215 929 1391 986 aliena,
1425 939 1513 975 nec
1552 944 1640 992 per

66 999 140 1051 d
168 1000 222 1048 fit
249 1002 432 1058 marita,
465 1001 553 1048 nisi
582 1016 670 1064 per
701 998 824 1063 quod
856 1008 904 1047 et
933 998 1164 1047 adultera.
1223 998 1382 1062 Leges
1418 998 1639 1047 videntur

76 1120 82 1125 ,,
133 1073 294 1119 imonii
332 1080 382 1119 et
418 1071 565 1135 stupri
605 1070 919 1118 differentiam
957 1071 1144 1129 ficere,
1191 1086 1278 1134 per
1316 1069 1639 1119 diversitatem

44 1136 181 1201 ⁶³·citi‚
213 1160 307 1191 non
337 1158 426 1207 per
456 1140 774 1190 conditionem
812 1143 883 1189 rei
927 1142 1087 1205 ipsius.
1146 1139 1372 1205 Alioquin
1411 1157 1530 1205 quae
1562 1157 1639 1189 res

12 1167 209 1279 ¹'fvii->is
246 1222 296 1262 et
332 1214 518 1262 feminis
557 1212 767 1260 omnibus
806 1211 942 1260 adest
978 1211 1038 1259 ad
1077 1213 1419 1259 matrimonium
1458 1221 1507 1260 et
1544 1221 1641 1260 stu

25 1287 175 1335 trum?
205 1285 475 1333 commixtio
508 1285 663 1340 carnis
692 1284 895 1341 scilicet,
929 1284 1060 1330 cuius
1092 1285 1524 1347 concupiscentiam
1555 1282 1641 1330 do—

22 1356 163 1406 winus
192 1355 354 1420 stupro
386 1353 679 1418 adaequavit.
740 1353 894 1417 Ergo,
928 1355 1111 1418 inquis,
1150 1356 1241 1401 iam
1273 1363 1322 1402 et
1350 1355 1547 1418 primas,
1593 1352 1644 1401 id

132 1442 248 1486 unas
277 1427 462 1490 nuptias
493 1424 727 1477 destruis?
763 1424 868 1472 Nec
899 1426 1148 1482 immerito,
1183 1426 1400 1488 quoniam
1432 1434 1481 1472 et
1510 1426 1641 1488 ipsae

7 1467 90 1588 ἓ
112 1512 177 1554 βο
224 1505 465 1554 constant,
514 1494 638 1563 quod
683 1504 756 1543 est
799 1497 1086 1559 stuprum4).
1149 1494 1263 1542 Ideo
1304 1497 1526 1559 optimum
1571 1504 1644 1544 est

8 1683 76 1728 51-

8 1757 74 1802 ἄ

7 1120 59 1178 31
7 835 78 1107 ,ἓᾱτςξιᾯ
9 775 69 823 ιι
8 665 86 750 ,ιιε
8 624 70 667 ιιι·
8 466 81 608 Διρις-ιιι
10 465 15 469 ·
8 328 46 450 tat

91 1568 189 1615 Ιιίιιί
219 1567 461 1617 mulierem
500 1583 592 1614 non
625 1567 876 1630 attingere,
910 1574 960 1613 et
995 1564 1105 1613 ideo
1135 1567 1331 1629 virginis
1369 1567 1645 1630 principalis

96 1640 254 1697 titas,
286 1639 395 1703 quia
424 1646 558 1686 caret
586 1637 734 1702 stupri
764 1637 1008 1685 affinitate.
1040 1637 1103 1685 Et
1134 1653 1236 1684 cum
1266 1638 1386 1685 haec
1419 1638 1559 1685 etiam
1584 1636 1643 1686 de

9 1717 15 1722 ”
65 1744 69 1746 -
102 1710 174 1757 uis
218 1717 268 1758 et
310 1710 414 1759 unis
457 1710 630 1773 nuptiis
673 1707 922 1772 praetendi
966 1706 1026 1755 ad
1065 1724 1276 1756 caussam
1323 1710 1643 1757 continentiae

109 1782 211 1839 int,
245 1779 418 1845 quanto
449 1781 597 1843 magis
628 1778 837 1827 secundo
869 1780 1166 1826 matrimonio
1206 1778 1471 1826 recusando
1503 1795 1644 1843 prae-

12 1832 92 1880 Β
93 1846 319 1901 cahunt'?
359 1849 531 1899 Gratus
563 1858 682 1908 esto,
715 1851 756 1897 si
786 1850 931 1897 semel
963 1849 1048 1897 tibi
1079 1848 1194 1897 deus
1226 1849 1416 1897 indulsit
1446 1851 1642 1898 nubere.

97 1932 190 1971 tus
220 1931 376 1970 autem
407 1923 524 1980 eris,
571 1922 611 1968 si
654 1922 824 1967 iterum
868 1919 1116 1968 indulsisse
1154 1921 1282 1968 illum
1319 1921 1415 1968 tibi
1441 1923 1642 1969 nescias.

120 2003 240 2040 ·rum
285 1992 494 2040 abuteris
538 1990 852 2054 indulgentia,
899 2007 1002 2038 cum
1048 1992 1148 2039 sine
1194 1990 1427 2039 modestia
1470 1993 1644 2051 uteris,

8 2043 249 2113 *wdestia
285 2079 315 2110 a
350 2061 489 2115 modo
527 2062 821 2126 intelligitur.
893 2060 1004 2109 Non
1042 2062 1127 2109 tibi
1165 2063 1340 2110 sufficit
1378 2062 1436 2110 de
1467 2080 1645 2110 summo

54 2148 102 2183 o
133 2127 456 2193 immaculatae
474 2133 520 2194 ⁵)
551 2134 833 2196 virginitatis
864 2132 1056 2196 gradu
1043 2150 1090 2180 ιιι
1122 2133 1376 2182 secundum
1415 2133 1645 2182 recidisse

25 2226 71 2282 ’ξι
98 2191 256 2277 endo,
289 2203 450 2253 sedin
481 2205 669 2252 tertium
699 2203 853 2251 adhuc
885 2203 1151 2252 devolveris
1189 2213 1237 2252 et
1267 2206 1314 2252 in
1354 2214 1568 2268 quartum
1598 2214 1651 2253 et

71 2270 234 2324 tassis
265 2277 312 2323 in
341 2275 515 2346 plures,
563 2284 807 2339 postquam
837 2276 884 2322 in
915 2273 1123 2322 secunda
1161 2277 1364 2324 statione
1398 2277 1650 2325 continens

11 2313 77 2365 ⁸
75 2364 119 2416 ῃ
146 2347 290 2405 fuisti,
324 2347 431 2411 quia
461 2362 549 2394 nec
580 2346 835 2410 prohibere
866 2347 1026 2410 plures
1057 2348 1241 2410 nuptias
1270 2347 1443 2405 voluit,
1477 2348 1555 2411 qui
1587 2346 1648 2395 de

10 2401 96 2458 ἢ
97 2437 125 2458 ¹
151 2416 242 2466 dis
271 2416 584 2481 provocandis
615 2418 906 2464 retractavit.
967 2416 1206 2465 Nubamus
1236 2419 1381 2481 igitur
1419 2417 1648 2481 quotidie,

10 2464 86 2575 Ξ
84 2488 332 2542 nubentes
362 2488 419 2536 ab
453 2488 612 2536 ultimo
644 2486 720 2535 die
752 2486 1174 2551 deprehendamur,
1192 2497 1410 2551 tanquam
1437 2487 1647 2535 Sodoma

10 2537 353 2619 ⁸‘'sGomorra,
386 2575 476 2623 quo
509 2557 584 2607 die
616 2557 947 2622 adimplebitur
974 2573 1061 2605 vae
1093 2557 1206 2606 illud
1223 2574 1364 2622 super
1382 2574 1648 2622 praegnan-

38 2676 45 2686 ,
82 2617 114 2645 ³
129 2638 180 2681 et
207 2631 438 2679 lactantes
452 2629 517 2690 ⁶),
548 2628 597 2680 id
627 2637 714 2687 est,
745 2643 886 2694 super
915 2629 1107 2676 maritos
1123 2630 1555 2689 etincontinentes3
1588 2628 1647 2677 de

8 1926 78 1994 ,ΣΞ

16 1998 79 2035 ιο

86 2767 190 2867 ’,ξ’ἱ)
215 2800 364 2841 Matth.
383 2802 422 2846 5,
440 2800 507 2837 28
636 2800 681 2847 2)
710 2798 817 2838 Alii·
860 2800 964 2837 etsi
992 2811 1091 2838 non
1116 2799 1335 2852 videris,
1367 2802 1419 2838 at
1448 2812 1646 2839 concu-

90 2844 432 2907 pittancia,
472 2867 586 2894 cum
611 2856 774 2904 ipsam
805 2855 996 2895 ducere
1032 2857 1289 2904 coeperis
1464 2855 1510 2910 3)
1541 2857 1646 2897 ΑΙίί;

116 2913 264 2953 itu·
306 2914 365 2952 ab
395 2911 511 2950 zelo
539 2933 598 2941 —
625 2912 818 2950 mulier
860 2913 1088 2951 zelivira
1133 2915 1223 2956 est,
1294 2924 1295 2927 ¹
1337 2910 1384 2966 4)
1413 2914 1504 2964 Rig.
1549 2926 1648 2962 quo

99 2961 364 3018 'ij-tuprum
490 2965 536 3021 5)
554 2968 854 3017 ltaRigaltius.
884 2969 1015 3009 Rhen.
1032 2969 1075 3006 in
1093 2969 1155 3008 ed.
1172 2971 1202 3007 1.
1233 2969 1456 3009 iunxere
1487 2972 1647 3010 etiam

122 3040 162 3071 ρ.
203 3027 330 3074 atque
353 3023 623 3065 scribendum
654 3036 746 3064 esse
777 3026 946 3064 statuit:
989 3019 1263 3065 inuxorae
1281 3027 1348 3065 vel
1385 3027 1648 3067 sincerae.

178 3094 317 3132 ‚quo
347 3081 428 3120 die
460 3093 551 3120 vae
579 3080 713 3121 illud
740 3093 896 3132 super
925 3088 1277 3133 praegnantes
1316 3084 1645 3134 adimplebi-

98 3131 145 3193 ,'
172 3140 222 3179 id
250 3142 328 3178 est
358 3141 439 3177 etc.
