1942 3554
291 226 420 272 210
677 226 761 264 DE
788 226 1162 265 VIRGINIBUS
1189 225 1527 268 vELANms.

292 340 384 388 duo
417 339 602 386 diversa
632 339 841 419 nomina,
887 340 960 385 vir
1004 347 1053 385 et
1095 339 1284 396 mulier,
1332 340 1482 387 omnis
1524 349 1746 405 uterque;
1791 342 1942 395 duae

290 412 423 473 leges
455 410 688 455 obnoxiae
720 409 942 466 invicem,
975 409 1083 456 hinc
1112 409 1336 467 velandi,
1354 409 1463 458 inde
1493 410 1716 460 nudandi.
1765 411 1942 477 Igitur

290 483 330 528 si
362 497 444 537 e0‚
478 478 601 542 quod
633 478 807 526 (lictum
839 481 900 526 sit
931 481 1078 526 omnis
1107 481 1202 538 vir,
1235 497 1479 528 commune
1511 491 1585 530 est
1612 496 1781 533 nomen
1804 486 1921 547 viri}

290 552 432 598 etiam
463 549 666 596 nondum
697 551 808 607 viri,
856 551 1050 597 masculi
1080 551 1295 610 investis3
1343 568 1586 601 commune
1625 562 1779 602 autem
1812 571 1927 613 cum

291 623 353 669 sit
383 637 552 667 nomen
584 619 837 667 secundum
869 630 1103 702 naturam,
1137 623 1392 672 communis
1415 631 1488 673 est
1511 632 1559 671 et
1588 624 1668 685 lex
1703 641 1798 672 non
1834 638 1942 679 voe»

290 691 420 740 laudi
451 693 573 747 eius,
609 692 685 755 qui
715 693 839 738 inter
867 693 995 739 viros
1024 692 1158 754 virgo
1192 701 1286 751 est,
1319 692 1572 743 secundum
1597 687 1942 778 disciplinam&

292 779 378 810 cur
408 779 501 809 non
533 761 904 826 praeiudicatum
935 764 1016 820 sit,
1063 762 1263 826 proinde
1308 772 1357 811 et
1401 765 1643 814 mulierem
1687 762 1942 829 virginem·

292 849 476 880 omnem
509 834 704 880 muliere
750 835 987 881 nominata
1033 835 1266 882 contineri
1312 837 1555 884 consortio
1601 838 1843 896 nominis,
1867 846 1929 896 up:

292 905 594 951 contineatur
623 911 673 951 et
704 905 1028 952 communione
1062 905 1212 967 legis?
1271 903 1322 952 Si
1346 907 1486 970 virgo
1512 907 1681 956 mulier
1702 924 1797 956 non
1828 912 1925 980 θεῷ.

293 991 383 1022 nec
426 975 500 1022 vir
543 975 735 1022 investis
781 984 868 1022 est.
945 973 996 1021 Si
1036 991 1130 1021 non
1169 977 1381 1040 operitur
1409 978 1569 1040 virg0‚
1616 978 1725 1042 quia
1753 975 1942 1029 mulier?

293 1062 387 1092 non
419 1047 501 1099 sit,
536 1045 778 1109 operiatur
807 1046 1021 1102 investis,
1056 1046 1163 1108 quia
1191 1047 1264 1094 vir
1293 1062 1387 1094 non
1417 1049 1492 1095 sit.
1567 1047 1790 1097 Eiusdem
1820 1051 1918 1097 vir·

294 1116 504 1178 ginitatis
535 1131 688 1178 aequa
718 1116 779 1167 sit
806 1116 959 1163 venia.
1036 1114 1179 1163 Sicut
1211 1118 1421 1179 virgines
1452 1135 1547 1165 non
1577 1129 1810 1182 coguntur
1838 1137 1917 1168 ve-

295 1187 406 1242 lari,
442 1186 506 1231 ita
537 1187 670 1248 pueri
702 1199 795 1232 non
826 1186 1075 1233 iubeantur
1104 1187 1324 1234 revelari.
1374 1188 1470 1254 Cur
1499 1204 1560 1236 ex
1589 1198 1723 1253 parte
1754 1188 1918 1239 defini-

295 1259 474 1304 tionem
505 1256 708 1319 apostoli
740 1257 1036 1319 agnoscimus
1067 1256 1327 1305 absolutam
1375 1259 1505 1307 circa
1543 1275 1726 1308 omnem
1754 1262 1919 1319 virum,

295 1344 387 1374 nec
417 1335 750 1384 retractamus,
785 1343 928 1390 quare
960 1344 1053 1374 non
1085 1336 1354 1391 etpuerum
1387 1329 1663 1388 nominarit,
1684 1346 1757 1379 ex
1786 1340 1932 1396 parte

296 1407 450 1445 autem
483 1399 887 1461 praevaricamur,
921 1413 1070 1461 aeque
1102 1398 1320 1449 absoluta
1355 1415 1413 1448 ea
1451 1400 1582 1449 circa
1612 1417 1793 1450 omnem
1825 1418 1918 1454 mu-

297 1471 491 1516 lierem?
551 1466 600 1514 Si
635 1469 757 1531 quis,
791 1469 961 1531 inquit,
996 1470 1319 1517 contentiosus
1358 1478 1453 1528 est,
1499 1487 1586 1521 nos
1629 1472 1771 1519 talem
1809 1489 1930 1521 coni·¹⁴

296 1538 591 1588 suetudinem
624 1556 716 1585 non
748 1539 992 1597 habemus,
1026 1556 1177 1604 neque
1218 1541 1426 1589 ecclesia
1471 1539 1629 1602 dei1).
1691 1542 1920 1591 ‘Ostendit

297 1610 652 1660 contentionem
684 1610 884 1673 aliquam
917 1608 975 1657 (le
1007 1611 1097 1658 ista
1133 1612 1294 1675 specie
1339 1612 1506 1669 fuisse,
1552 1610 1624 1659 ad.
1658 1628 1793 1676 quam
1839 1629 1942 1666 exn

296 1683 405 1728 stin
394 1679 624 1742 ruendam
657 1687 758 1727 toto
792 1679 1070 1744 compendio
1103 1698 1212 1728 usus
1255 1690 1349 1739 est,
1395 1684 1547 1746 neque
1575 1683 1807 1746 virginem
1836 1701 1920 1732 no-

296 1753 499 1808 minans,
532 1759 583 1797 ut
614 1750 890 1798 ostenderet
921 1750 1223 1799 dubitandum
1255 1751 1313 1800 de
1343 1751 1544 1800 velanda
1567 1770 1666 1800 non
1698 1769 1826 1812 esse,
1874 1763 1919 1807 et

297 1838 482 1869 omnem
515 1822 757 1868 nominans
788 1822 1053 1880 mulierem,
1087 1839 1190 1873 cum
1221 1823 1508 1871 nominasset
1534 1824 1779 1886 virginem.
1841 1823 1921 1873 Sic

297 1902 349 1940 et
378 1893 466 1955 ipsi
500 1891 734 1939 Corinthii
765 1892 1114 1940 intellexerunt.
1171 1892 1323 1941 Hodie
1356 1892 1557 1958 denique
1585 1895 1793 1957 virgines
1817 1904 1929 1944 suat

301 1963 535 2010 Corinthii
564 1963 747 2022 velant3
796 1962 905 2027 quid
951 1962 1200 2012 docuerint
1243 1965 1470 2029 apostoli,
1518 1965 1599 2029 qui,
1641 1963 1921 2024 didicerunt„

299 2034 578 2098 approbant.

441 2109 487 2155 9.
548 2102 806 2151 Videamus
838 2122 982 2161 nunc,
1016 2122 1075 2152 an
1105 2106 1228 2153 sicut
1258 2114 1453 2154 naturae
1483 2114 1534 2153 et
1563 2121 1758 2155 caussae
1783 2122 1921 2169 argu-

299 2184 457 2222 menta
486 2175 657 2236 virgini
698 2191 881 2238 quoque
930 2185 1201 2239 competere
1248 2178 1626 2235 monstravimus,
1673 2177 1741 2227 ita
1783 2178 1930 2227 etiam*

299 2244 576 2308 disciplinae
609 2246 966 2293 ecclesiasticae
998 2246 1382 2310 praescriptade
1406 2248 1600 2299 muliere
1625 2248 1672 2294 in
1694 2249 1923 2311 virginem

299 2323 532 2378 spectent.
592 2314 702 2362 Non
747 2317 1036 2378 permittitur
1079 2317 1261 2363 mulieri
1305 2318 1352 2363 in
1398 2317 1605 2370 ecclesia
1643 2316 1921 2381 loqui,''sed

300 2402 391 2433 nec
423 2384 598 2433 docere
616 2387 688 2443 2),
722 2401 810 2433 nec
842 2387 1082 2448 tinguere,
1122 2403 1210 2434 nec
1244 2387 1440 2444 offerre,
1487 2402 1576 2434 nec
1607 2387 1745 2435 ullius
1774 2389 1922 2439 virilis

299 2457 532 2513 muneris,
566 2455 734 2503 nedum
768 2456 1077 2504 sacerdotalis
1123 2458 1268 2505 officii
1313 2466 1485 2505 sortem
1531 2457 1620 2506 sibi
1664 2457 1921 2506 vindicare.

303 2524 613 2584 Quaeramus„
648 2543 706 2574 an
738 2526 913 2590 aliquid
943 2527 1105 2574 horum
1136 2529 1308 2591 virgini
1339 2529 1497 2576 liceat.
1546 2526 1598 2575 Si
1627 2529 1799 2592 virgini
1829 2545 1922 2577 non

302 2597 439 2655 licet,
486 2597 572 2645 sed
610 2598 657 2644 in
691 2598 903 2645 omnibus
935 2597 1099 2646 eadem
1133 2598 1402 2647 conditione
1435 2598 1703 2656 subiicitur,
1750 2607 1799 2647 et
1842 2614 1922 2647 ne-

303 2670 502 2715 cessitas
532 2669 805 2715 humilitatis
839 2685 942 2716 cum
973 2670 1167 2717 muliere
1215 2677 1455 2728 censetur3
1502 2668 1625 2718 unde
1671 2669 1740 2717 illi
1785 2685 1924 2720 unum

304 2739 397 2786 hoc
431 2740 615 2796 licebit,
649 2738 773 2802 quod
806 2741 928 2786 omni
959 2740 1159 2787 feminae
1192 2757 1286 2787 non
1316 2741 1459 2788 licet?
1519 2738 1637 2799 Quid
1667 2755 1923 2804 praerogan-

302 2810 427 2856 tivae
461 2818 669 2859 meretur
700 2809 924 2858 adversus
956 2809 1273 2858 conditionem
1305 2827 1455 2868 suam,
1489 2811 1640 2874 siqua
1669 2811 1803 2873 virgo
1835 2817 1924 2868 est,

305 2887 355 2925 et
386 2896 574 2927 carnem
605 2896 732 2927 suam
764 2881 1060 2929 sanctificare
1106 2883 1380 2945 proposuit?
1453 2880 1640 2930 Idcirco
1683 2879 1926 2930 velaminis

303 2950 442 2996 venia
473 2950 524 2996 fit
553 2951 642 3007 illi,
674 2959 725 2997 ut
754 2952 800 2998 in
832 2952 1083 2999 ecclesiam
1115 2952 1333 2999 notabilis
1379 2961 1428 2999 et
1470 2952 1665 3015 insignis
1701 2953 1920 3007 introeat,

306 3026 358 3066 ut
387 3019 612 3067 honorem
645 3023 907 3068 sanctitatis
939 3024 986 3068 in
1019 3022 1237 3070 libertate
1271 3023 1438 3086 capitis
1470 3020 1717 3070 ostendat?
1765 3020 1922 3069 Potuit

423 3175 468 3227 1)
489 3176 511 3212 1
531 3177 623 3213 cor.
639 3178 703 3226 11,
724 3179 788 3214 16.
906 3177 949 3230 2)
972 3181 993 3215 1
1010 3180 1102 3217 cor.
1120 3181 1184 3228 14,
1206 3182 1270 3219 34.
1312 3180 1332 3215 1
1352 3178 1458 3218 Tim.
1475 3180 1514 3227 2,
1533 3179 1600 3216 12.
