1942 3554
270 261 396 306 22⁰
876 258 966 295 DE
1007 257 1284 296 PALLlo.

274 374 554 423 sublimioris
591 371 750 436 populi
784 371 1199 434 Carthaginienses
1232 370 1643 434 complecteretur.
1709 366 1898 423 Exinde'

272 456 475 492 tumeam
521 443 781 505 longiorem
830 443 985 488 cinctu
1030 441 1286 488 arbitrante
1333 441 1634 505 suspenditis,
1681 451 1730 490 et
1766 443 1905 510 pallii

269 518 360 563 iam
392 515 557 561 teretis
595 511 949 559 redundantiam
982 512 1190 559 tabulata
1223 513 1593 574 congregatione
1632 513 1821 571 fulcitis,
1848 522 1909 562 eti

271 588 308 633 si
341 584 448 649 quid
479 592 731 648 praeterea
770 582 979 630 conditio
1010 583 1086 630 vel
1118 581 1320 645 dignitas
1348 583 1423 630 vel
1461 584 1784 648 temporalitas
1811 563 1914 664 νει-Ξ

269 658 369 714 stit,
415 655 602 719 pallium
642 663 796 701 tamen
843 653 1131 717 generaliter
1173 661 1378 700 vestrum
1415 653 1709 702 immemores
1755 642 1913 708 etiams*

270 727 520 774 denotatis.
583 723 809 788 Equidem
842 723 965 771 haud
997 725 1143 770 miror
1171 739 1286 787 prae
1319 722 1598 772 documento
1631 712 1914 788 superiore-³

268 797 388 845 Nam
436 805 485 844 et
529 797 725 844 arietem
773 799 885 855 (non
933 811 1066 858 quem
1104 793 1333 841 Laberius
1371 795 1803 859 reciprocicornem
1850 800 1907 843 et?

268 869 521 916 lanicutem
554 876 602 914 et
640 866 1021 925 testitrahum1)‚
1070 863 1153 912 sed
1185 864 1344 912 trahes
1382 865 1598 912 machina
1635 874 1729 924 est‚'
1780 881 1911 929 quae

267 954 424 986 muros
455 938 676 1000 frangere
708 937 893 997 militat)
927 936 1098 982 nemini
1132 940 1328 999 unquam
1361 934 1511 983 adhuc
1543 935 1784 993 libratum,
1818 933 1906 999 illas¹

269 1009 443 1056 dicitur
474 1007 737 1070 Carthago,
786 1005 949 1053 studiis
982 1006 1238 1070 asperrima
1266 1005 1380 1053 belh
1397 1005 1468 1068 ²),
1513 1006 1661 1070 prima
1697 1006 1905 1054 οιιιιιὶιιιιι

269 1094 474 1127 armasse
507 1079 553 1125 in
586 1078 797 1124 oscillum
836 1075 1026 1140 penduli
1063 1077 1283 1140 impetus,
1330 1083 1646 1124 commentata
1677 1077 1768 1124 vim
1799 1085 1899 1124 tor-

267 1150 412 1197 menti
444 1147 502 1196 de
533 1148 627 1195 bile
659 1147 848 1211 pecoris
882 1154 1021 1209 caput
1037 1147 1081 1207 ³)
1123 1144 1418 1193 vindicantis.
1481 1145 1594 1193 Cum
1637 1155 1792 1194 tamen
1827 1146 1900 1194 ul-

267 1222 488 1267 timarent
533 1226 747 1281 tempora
785 1217 967 1280 patriae
1007 1224 1055 1262 et
1093 1217 1217 1263 aries
1255 1217 1344 1263 iam
1383 1214 1618 1263 Romanus
1660 1217 1708 1263 in
1745 1233 1900 1265 muros

270 1289 500 1354 quondam
533 1305 641 1335 suos
672 1286 941 1347 auderet4),
976 1295 1195 1351 stupuere
1236 1286 1364 1334 illico
1401 1285 1820 1350 Carthaginienses
1849 1294 1901 1335 ut

268 1378 436 1408 novum
469 1367 743 1407 extraneum
774 1358 1037 1421 ingenium:

405 1447 606 1493 Tantum
640 1445 752 1491 aevi
780 1444 1049 1506 longinqua
1081 1443 1218 1490 valet
1242 1450 1430 1490 mutare
1460 1449 1676 1491 vetustas
1691 1443 1763 1503 ⁵)!

271 1528 351 1578 Sic
384 1528 586 1594 denique
619 1544 706 1575 nec
738 1528 926 1591 pallium
959 1528 1247 1590 agnoscitur.

409 1605 459 1652 2.
523 1598 596 1646 Sit
626 1614 746 1644 nunc
778 1596 965 1645 aliunde
998 1614 1090 1654 res,
1123 1614 1182 1645 ne
1214 1597 1469 1644 Poenicum
1508 1598 1633 1645 inter
1661 1595 1908 1658 Romanos,

270 1681 350 1719 aut
388 1670 639 1719 erubescat
684 1677 765 1716 aut
809 1667 990 1727 doleat,
1040 1677 1171 1715 certe
1217 1668 1423 1715 habitum
1466 1677 1656 1716 vertere
1701 1676 1898 1716 naturae
1936 1663 1942 1667 ⁴

270 1744 415 1789 totius
446 1741 672 1788 sollemne
705 1755 868 1786 munus
907 1747 993 1786 est.
1056 1739 1282 1802 Fungitur
1322 1747 1372 1786 et
1400 1739 1499 1802 ipse
1516 1739 1562 1798 6)
1604 1736 1797 1786 mundus
1829 1739 1900 1784 in-

271 1814 406 1860 terim
437 1814 526 1859 iste
559 1827 694 1874 quem
725 1809 1045 1857 incumbimus.
1107 1808 1296 1857 Viderit
1323 1807 1700 1866 Anaximander,
1723 1809 1772 1856 ,si
1801 1809 1904 1872 plu-

270 1900 348 1931 res
379 1891 534 1947 putat,
579 1880 775 1938 viderit,
809 1881 847 1928 si
880 1881 980 1943 quis
1011 1881 1190 1943 uspiam
1222 1880 1338 1927 alius
1377 1878 1437 1927 ad
1465 1878 1716 1943 Meropas,
1747 1887 1799 1926 ut
1830 1876 1906 1926 Si-

270 1956 425 2012 lenus,
472 1968 618 2018 penes
658 1968 796 2005 aures
832 1950 991 1998 Midae
1029 1951 1189 2008 blatit,
1237 1959 1369 2014 aptas
1413 1966 1524 1998 sane
1571 1948 1907 2014 grandioribus,

270 2026 455 2072 fabulis.
498 2022 595 2071 Sed
626 2031 675 2070 et
705 2024 743 2069 si
776 2038 909 2086 quem
942 2021 1075 2068 Plato
1109 2022 1339 2079 aestimat,
1360 2022 1489 2069 cuius
1519 2021 1675 2084 imago
1710 2019 1787 2067 hic
1818 2021 1903 2079 sit5

271 2098 411 2142 etiam
456 2095 536 2142 ille
583 2094 756 2140 habeat
800 2108 996 2140 necesse
1045 2100 1117 2139 est
1153 2090 1351 2156 proinde
1390 2100 1586 2139 mutare.
1651 2090 1832 2155 Quippe
1865 2090 1904 2139 si

274 2165 482 2222 mundus,
517 2181 578 2212 ex
609 2163 807 2211 diversis
838 2163 1110 2210 substantiis
1142 2162 1397 2226 officiisque
1431 2162 1681 2219 constabit,
1714 2160 1774 2208 ad
1806 2161 1905 2209 for-

273 2253 391 2283 mam
425 2237 524 2283 eius
558 2233 683 2297 quod
715 2233 909 2280 mundus
940 2234 1015 2280 hic
1049 2242 1143 2291 est,
1176 2249 1327 2296 neque
1359 2233 1481 2280 enim
1512 2231 1722 2292 mundus,
1748 2232 1787 2279 si
1813 2247 1906 2278 non

274 2315 325 2354 ut
363 2304 557 2353 mundus
596 2302 811 2367 proinde.
887 2302 1085 2350 Diversa
1123 2304 1171 2349 in
1209 2319 1346 2350 unum
1386 2318 1447 2348 ex
1484 2301 1801 2349 demutatione
1835 2300 1906 2348 di-

273 2393 411 2424 versa
456 2383 578 2423 sunt.
641 2373 853 2437 Denique
900 2372 1185 2420 diversitatis
1231 2370 1516 2418 discordiam
1560 2373 1690 2419 vices
1735 2370 1905 2419 foede-

274 2456 393 2495 rant.
456 2445 527 2494 Ita
558 2443 779 2492 mutando
813 2445 904 2490 erit
934 2441 1127 2490 mundus
1159 2443 1322 2498 οιιιιιίε,
1357 2443 1432 2505 qui
1465 2439 1526 2489 ei
1555 2440 1907 2491 diversitatibus
1941 2436 1942 2439 ¹

276 2525 556 2582 corporatus
602 2523 651 2562 et
692 2514 873 2562 vicibus
918 2522 1220 2577 temperatus.
1289 2511 1466 2560 Nostra
1513 2521 1644 2560 certe
1691 2513 1903 2570 metatio,

275 2587 398 2652 quod
445 2587 615 2635 clausis
659 2586 735 2632 vel
780 2586 827 2632 in
872 2593 1019 2631 totum
1068 2583 1332 2631 Homericis
1369 2583 1518 2634 oculis
1563 2583 1727 2647 liquet,
1759 2591 1906 2630 totum

191 2711 195 2714 ,
274 2660 550 2706 versiforme
591 2665 685 2704 est:
735 2654 836 2702 dies
868 2663 917 2702 et
948 2672 1043 2701 nox
1082 2655 1281 2702 invicem
1317 2662 1535 2712 vertunt3
1583 2653 1663 2716 sol:
1693 2655 1907 2703 stationi-

275 2730 360 2776 bus
391 2729 581 2786 annuis,
630 2728 738 2774 luna
775 2724 1168 2773 modulationibus
1207 2725 1454 2772 menstruis
1482 2723 1665 2784 variat,
1704 2722 1907 2778 siderum

393 2872 438 2919 1)
471 2871 621 2909 Salui-‚2
652 2869 1159 2918 reciprocicornem,
1191 2868 1502 2918 lanicutem,
1540 2867 1904 2914 testitrahum,

279 2930 326 2966 ut
356 2927 525 2966 Laberii
555 2937 702 2964 vernus
733 2926 1031 2964 restitueretur
1062 2927 1105 2963 in
1137 2927 1360 2973 integrum.
1583 2925 1628 2974 2)
1657 2924 1773 2972 Virg.
1803 2924 1905 2962 Ane.

280 2987 320 3032 1,
354 2984 420 3022 14.
566 2983 610 3032 3)
643 2982 790 3021 Seml.:
824 2982 993 3020 debile
1026 2982 1235 3030 pecoris
1271 2983 1427 3030 caput
1456 2980 1612 3032 vind.,
1642 2981 1715 3019 sed
1745 2979 1905 3018 rectius

277 3052 378 3078 cuni
404 3039 498 3076 edd.
531 3038 685 3077 ceteris
718 3039 973 3078 Salmasius:
1007 3039 1063 3076 de
1094 3038 1210 3077 bile.
1256 3038 1331 3077 Ed.
1363 3038 1488 3076 Fran.
1520 3038 1578 3076 de
1609 3037 1714 3075 bite
1745 3048 1782 3085 p.
1813 3046 1905 3074 cn·

279 3097 388 3146 pite
418 3095 531 3133 vim.
717 3095 763 3144 4)
795 3095 949 3134 Rhen.:
982 3095 1297 3133 ultimarent
1328 3115 1383 3121 —
1414 3094 1656 3141 auderet,
1704 3093 1906 3132 sumant

281 3153 463 3191 Semler:
498 3151 742 3188 ultimant
778 3173 823 3180 —
858 3151 1024 3190 audet.
1113 3151 1156 3200 5)
1187 3151 1301 3200 Virg.
1331 3152 1432 3189 Aen.
1464 3152 1507 3199 3,
1535 3152 1630 3190 415,
1705 3150 1752 3199 6)
1775 3146 1905 3187 Salm-

283 3209 490 3248 correxit:
522 3211 570 3246 et
602 3207 728 3255 ipso.
