1942 3554
337 266 380 310 4
911 264 993 302 DE
1032 242 1374 303 onA'rioNE.

339 388 387 425 et
415 376 739 440 praedicemus
770 384 819 423 et
849 391 1097 439 operemur
1126 384 1175 424 et
1204 377 1509 425 sustineamus
1545 375 1604 426 ad
1642 386 1838 428 mortem
1919 384 1922 386 ’

334 463 437 510 quc.
515 447 642 505 Quae
687 454 739 512 ut
767 446 960 509 implere
999 447 1248 510 possimus,
1295 463 1416 511 opus
1453 455 1533 495 est·
1569 445 1660 497 deis
1686 443 1917 500 voluntat

332 518 448 565 Item
481 508 828 564 dicentest'fiat
856 516 1068 565 voluntas
1099 525 1200 574 tua,
1230 515 1311 565 vel'
1329 532 1387 566 eo
1413 516 1690 568 nobis-bene
1715 527 1869 583 optam

333 586 455 651 quod
487 588 599 634 nihil
631 589 691 634 sit
720 587 827 635 mali
858 586 904 633 in
936 585 1012 634 dci
1042 587 1303 646 voluntate,
1344 588 1483 636 etiam
1521 588 1560 637 si
1590 586 1699 652 quid
1728 604 1813 653 pro
1845 606 1888 637 m

330 659 432 705 ritis
465 659 684 722 cuiusque
718 673 853 704 secus
884 658 1136 720 irrogatur.
1211 657 1307 706 Iam
1337 657 1428 705 hoc
1459 656 1587 708 dicto
1625 656 1685 707 ad
1715 658 1902 707 suffere

331 730 441 775 tiam
472 729 780 792 nosmetipsos
811 743 1180 791 praemonemus
1254 726 1477 779 Dominus
1508 743 1690 793 quoque
1723 744 1824 777 eum
1855 745 1894 786 s

328 800 593 846 instantiam
623 799 853 865 passionis
884 798 1197 846 infirmitatem
1229 799 1382 846 camis
1413 797 1733 851 demonstrare
1772 799 1862 847 iam

327 885 412 918 sua
440 885 582 919 carne
612 869 857 916 voluisset:
904 867 1067 926 Pater,
1115 869 1282 932 inquit,
1315 868 1519 917 transfer
1546 869 1762 933 poculum
1792 869 1897 917 istu
1938 871 1942 876 ’

328 947 378 986 et
406 938 705 987 recordatus:
752 939 840 985 nisi
872 938 995 1002 quod
1026 954 1129 986 mea
1159 954 1274 996 non,
1306 937 1499 987 sed‘tua
1528 938 1610 987 fiat
1636 939 1850 990 voluntas
1897 946 1900 970 ³

326 1009 431 1073 Ipse
464 1018 567 1057 crat
594 1010 807 1057 voluntas
838 1017 887 1055 et
915 1017 1123 1073 potestas
1153 1010 1321 1073 patris,
1367 1016 1416 1056 et
1457 1016 1612 1063 tamen
1649 1007 1709 1057 ad
1747 1007 1883 1056 demo
1935 1022 1938 1023 ’

325 1081 598 1127 strationem
629 1079 928 1131 sufferentiae
961 1077 1146 1126 debitae
1178 1079 1403 1126 voluntati
1433 1095 1484 1127 se
1509 1080 1654 1143 patris
1679 1077 1887 1127 tradidit.
1940 1094 1942 1129 ἰ

465 1154 513 1200 5.
571 1149 753 1196 Vnum-r
784 1164 965 1211 quoque
988 1164 1173 1199 neonem
1201 1164 1322 1195 ruunt
1344 1147 1404 1196 ad
1427 1147 1476 1196 id
1498 1150 1717 1212 pertinet,
1750 1147 1874 1213 quod
1889 1156 1931 1213 l

323 1228 372 1267 et
402 1220 483 1266 fiat
510 1220 723 1267 voluntas
753 1227 855 1275 tua,
902 1219 949 1265 in
994 1218 1128 1267 nobis
1170 1219 1371 1266 scilicet.
1443 1217 1565 1276 Nam
1603 1217 1732 1270 deus‘
1752 1234 1873 1284 quan
1905 1213 1916 1231 *

322 1306 416 1337 non
447 1298 636 1353 regnat,
669 1290 715 1336 in
748 1290 877 1336 cuius
907 1304 1043 1337 manu
1076 1304 1161 1335 cor
1191 1289 1390 1335 omnium
1420 1303 1583 1351 regum
1613 1290 1685 1338 est
1705 1289 1783 1350 ³)?

324 1359 543 1424 quicquid
574 1359 708 1407 nobis
741 1365 974 1422 optamus,
1006 1360 1053 1406 in
1083 1359 1209 1406 illum
1240 1373 1542 1422 auguramur,
1574 1367 1623 1407 et
1651 1359 1719 1407 illi
1744 1357 1886 1423 depu·

322 1447 443 1487 mus,
491 1429 614 1494 quod
645 1430 702 1477 ab
733 1430 814 1476 illo
847 1437 1185 1492 exspectamus.
1259 1428 1422 1493 Itaque
1460 1430 1500 1478 si
1529 1427 1589 1477 ad
1619 1427 1696 1477 dei
1725 1429 1887 1478 volun
1917 1425 1942 1482 ’ς’

275 1535 279 1545 .
320 1510 415 1548 tem
460 1510 509 1548 et
552 1499 612 1547 ad
657 1508 862 1547 nostram
907 1500 1258 1562 suspensionem
1295 1499 1502 1563 pertinet
1535 1500 1672 1564 regni
1717 1497 1890 1549 domim
1916 1527 1929 1558 ς.

319 1572 717 1634 repraesentatio,
773 1568 1004 1633 quomodo
1052 1568 1234 1633 quidam
1278 1578 1566 1633 protractum
1649 1568 1845 1619 uendam
1939 1568 1942 1570 ’

320 1642 480 1688 seculo
512 1641 769 1704 postulant,
804 1656 938 1703 quum
970 1655 1162 1702 regnum
1195 1638 1293 1696 dei,
1340 1638 1463 1703 quod
1493 1648 1544 1687 ut
1573 1655 1600 1687 a
1633 1641 1790 1688 veniat
1829 1655 1856 1687 o
1909 1664 1942 1686 -.

319 1729 440 1769 mus,
474 1711 533 1758 ad
566 1712 1007 1759 consummationem
1038 1710 1184 1757 seculi
1215 1708 1406 1757 tendat?
1464 1708 1682 1774 Optamus
1713 1710 1879 1758 maturi
1932 1724 1942 1772 q

318 1798 544 1844 regnare,
593 1790 642 1829 et
685 1798 778 1827 non
814 1779 994 1829 diutius
1039 1780 1232 1828 servire.
1313 1778 1509 1828 Etiamsi
1552 1779 1843 1844 praefinitum
1897 1777 1903 1800 ³
1938 1777 1942 1787 ²

319 1854 534 1900 oratione
566 1868 658 1898 non
691 1859 816 1898 essct
846 1849 904 1897 de
935 1848 1215 1913 postulando
1247 1850 1383 1914 regui
1413 1848 1636 1908 adventu,
1676 1850 1798 1902 ultro
1831 1851 1897 1910 est

315 1939 480 1970 vocem
527 1923 904 1986 protulisscmuS,
949 1921 1225 1968 festinantes
1270 1919 1330 1968 ad
1367 1921 1481 1984 spei·
1505 1928 1694 1969 nostrae
1727 1936 1880 1985 comp
1908 1934 1939 2008 ζὴ

315 2011 438 2041 xum.
502 1993 714 2040 Clamant
757 1990 816 2039 ad
861 1990 1094 2041 dominum
1133 1992 1179 2038 in
1217 1991 1319 2039 visu
1356 1991 1535 2050 animae
1566 1998 1817 2055 martyrum
1875 1991 1877 1993 ’

316 2065 475 2111 altari:
526 2063 734 2121 Quonam
773 2078 916 2126 usque
955 2079 1048 2109 non
1093 2061 1358 2119 ulcisceris,
1407 2059 1614 2118 domine,
1661 2061 1872 2125 sanguin·

316 2143 522 2181 nostrum
550 2132 611 2179 ‹lc
644 2133 810 2180 incolis
848 2141 1005 2180 terrae
1026 2134 1106 2191 ‘¹ss
1177 2131 1297 2180 Nam
1334 2132 1491 2196 utique
1530 2131 1644 2179 ultio
1682 2131 1882 2182 illorum

315 2203 463 2252 seculi
495 2204 584 2250 linc
618 2202 848 2264 dirigitur.
925 2202 1021 2249 Imo
1061 2218 1194 2265 quam
1234 2202 1455 2250 celeriter
1495 2202 1674 2259 veniat,
1726 2199 1926 2249 domi

316 2291 510 2336 regnum
557 2274 703 2320 tuum!
765 2271 938 2319 Votum
978 2270 1368 2327 Christianorum,
1412 2271 1628 2326 confusio
1660 2272 1866 2319 'nation

315 2345 565 2392 exsultatio
597 2342 892 2406 angelorum,
939 2350 1134 2405 propter
1163 2339 1286 2404 quod
1326 2341 1667 2399 conflictamur,
1713 2341 1805 2389 imo
1856 2364 1874 2393 e:
1899 2338 1932 2391 ἰ

314 2417 405 2463 tius
436 2422 630 2479 propter
661 2411 783 2477 quod
817 2427 1015 2459 oramus.
1862 2450 1868 2458 ,

456 2490 503 2537 6.
567 2483 662 2532 Sed
694 2500 827 2547 quam
859 2484 1103 2545 eleganter
1132 2479 1287 2529 divina
1316 2482 1547 2545 sapientia
1578 2479 1788 2531 ordinem
1820 2498 1865 2531 o
1902 2492 1907 2502 ”

315 2558 454 2605 tionis
485 2556 726 2611 instruxit,
773 2562 823 2600 ut
852 2562 959 2617 post
990 2552 1186 2619 coelesti
1224 2586 1238 2618 ,
1270 2550 1318 2599 id
1349 2560 1442 2610 est,
1489 2560 1597 2616 post
1623 2550 1711 2601 *dei
1741 2567 1867 2599 nom

314 2627 392 2675 dei
423 2627 730 2681 voluntatem,
771 2633 819 2671 et
850 2623 929 2693 dei
958 2631 1174 2686 regnum,
1202 2650 1211 2678 μ
1241 2623 1420 2670 ἐιτθιιίε
1458 2636 1639 2687 quoque
1669 2622 1855 2671 necessi
1902 2659 1921 2675 ,-

315 2699 436 2745 tibus
468 2698 683 2761 petitioni
723 2695 875 2752 locum
910 2694 1115 2741 faceret!
1191 2691 1310 2740 Nam
1356 2701 1416 2740 et·
1441 2691 1656 2749 edixerat
1691 2690 1863 2740 domin
1905 2735 1908 2739 .

315 2768 537 2827 Quaerite
556 2768 696 2831 'prius
726 2781 943 2828 regnum,
990 2772 1039 2812 et
1076 2772 1185 2810 tuuc
1214 2762 1347 2813 vobis
1379 2764 1518 2818 etiam
1548 2753 1667 2811 liaeo
1698 2761 1840 2811 adiici
1854 2771 1876 2803 ν’
1897 2771 1901 2782 ²

314 2840 475 2897 tui-⁵);
509 2838 779 2901 quamquam
805 2836 955 2883 PANEM
977 2849 1181 2882 Nos‘rnmu
1205 2848 1512 2889 Quo’rmumum
1540 2850 1602 2883 ω.
1618 2848 1752 2882 Νοιιιε
1782 2848 1843 2880 uo

314 2909 618 2972 spiritualiter
647 2908 802 2971 potius
831 2905 1156 2968 intelligamus·
1212 2902 1422 2952 Christus
1452 2903 1574 2952 enim
1602 2902 1735 2968 panis
1764 2904 1870 2952 nos

427 3088 473 3143 1)
505 3092 606 3127 huc.
625 3092 696 3138 22,
722 3092 788 3130 42.
905 3090 950 3138 2)
981 3088 1141 3137 Semler
1157 3089 1265 3127 coni.
1290 3089 1422 3138 quod
1446 3090 1546 3138 est,
1576 3088 1677 3128 fiat
1697 3088 1800 3135 eto.;
1842 3108 1844 3110 -
1895 3099 1908 3125 ,ι

313 3149 385 3186 lim
403 3147 604 3184 scribere:
632 3157 728 3192 quo
755 3150 803 3184 et
826 3146 925 3184 fiat
948 3146 1015 3184 vel
1037 3145 1096 3184 ad
1119 3146 1249 3193 quod
1274 3150 1316 3185 et
1339 3144 1438 3186 fiat
1455 3147 1535 3184 etc.
1607 3141 1654 3198 3)
1670 3143 1861 3196 1’1·ov.2v<
1898 3148 1914 3182 2¹

314 3206 358 3254 4)
389 3206 517 3253 Apoc.
537 3205 582 3252 6,
609 3203 674 3240 1⁰.
792 3199 837 3254 5)
869 3202 1019 3241 Matth.
1037 3205 1083 3251 6,
1109 3202 1173 3240 33.
1872 3211 1886 3218 ··
