1942 3554
1 285 7 295 ⁸
90 320 95 342 .·
127 311 310 344 umano
342 312 480 346 sensu
511 295 864 345 accommodat?
893 312 954 344 ex
982 296 1282 366 necessitate,
1302 311 1391 359 qua
1421 294 1636 356 diximuS,

0 429 6 438 ‘
165 367 332 415 melius
369 369 441 416 sit
473 368 650 417 nubere
696 384 830 432 quam
873 368 961 414 uii.
1010 363 1234 431 Denique
1280 382 1534 415 conversus
1578 366 1639 416 ad

99 439 108 447 ”
173 440 455 502 inspeciem
485 437 712 486 dicendo:
745 439 898 502 nuptis
930 446 1083 504 autem
1114 437 1363 495 denuntio,
1403 454 1497 485 non
1527 453 1638 502 ego,

0 498 15 546 Β
94 473 347 569 dominus
363 510 426 570 1),
459 509 665 556 ostendit
693 510 796 566 illa,
828 525 946 573 quae
978 525 1118 572 supra
1149 507 1334 556 dixerat
1364 525 1459 556 non
1488 507 1641 557 domi-

0 552 107 620 ¹,st
142 601 144 604 ⁴
200 580 495 627 auctoritatis
540 580 706 638 fuisse,
753 578 837 628 sed
881 580 1109 659 humanae
1154 580 1509 628 aestimationis.
1573 577 1642 628 At

0 658 13 724 ΙΙ
53 626 104 673 3
103 647 188 701 ad
218 651 554 698 continentiam
592 652 816 699 reflectit·
833 651 1032 698 animos:
1060 649 1217 702 Volo
1255 658 1411 698 autem
1447 665 1534 698 vos
1569 649 1640 699 sic

4 748 5 752 =
54 725 86 769 ,Ἀ
157 734 332 769 omnes.
393 720 511 777 Puto
542 730 756 780 autem,
753 722 934 786 inquit,
981 729 1031 768 et
1060 736 1150 784 ego
1189 720 1400 787 spiritum
1438 719 1518 769 dei
1544 718 1639 769 ba-

91 772 127 821 ³»-
157 799 210 839 ut
237 793 278 839 si
308 790 417 856 quid
448 790 706 840 indulserat
736 808 797 839 ex
826 793 1135 849 necessitate,
1180 790 1228 838 id
1267 791 1457 855 spiritus
1487 791 1639 839 sancti

45 885 147 960 ὡ
142 862 302 910 ritate
340 871 604 911 revocaret.
667 861 763 911 Sed
802 871 850 910 et
886 862 1086 909 Ioannes
1116 877 1309 909 monens
1346 863 1414 910 sic
1452 878 1539 910 nos
1569 861 1641 910 in-

124 948 195 981 re
225 931 418 991 debere,
452 932 835 998 quemadmodum
866 941 931 980 et
944 932 1171 1002 dominuS,
1202 934 1360 997 utique
1393 934 1535 981 etiam
1565 948 1641 981 se-

580 182 663 222 DE
689 182 1096 222 MONOGAMM.
1513 180 1637 227 115

0 1019 10 1050 ι
111 1019 220 1052 um
250 1005 548 1052 sanctitatem
580 1006 734 1052 carnis
765 993 1006 1051 admonuit
1042 1002 1291 1062 incedere,
1339 1002 1461 1051 adeo
1492 1005 1641 1052 mani-

0 1084 8 1120 ι
42 1050 99 1097 ψ
106 1096 128 1114 ι·
188 1083 238 1123 et
268 1076 431 1133 omnis,
451 1077 625 1139 inquit,
659 1076 736 1140 qui
767 1091 894 1139 spem
925 1075 1060 1122 istam
1090 1075 1138 1122 in
1168 1074 1251 1121 illo
1292 1074 1458 1133 habet,
1499 1075 1641 1122 casti-

0 1162 7 1193 ι
159 1161 227 1204 se,
260 1147 382 1194 sicut
411 1154 461 1194 et
489 1147 590 1210 ipse
623 1155 778 1194 castus
809 1155 881 1193 est
894 1147 991 1205 2)
1034 1144 1155 1192 Nam
1193 1153 1243 1193 et
1278 1145 1413 1192 alibi:
1473 1144 1642 1194 Estote

0 1232 5 1264 ι
54 1247 59 1251 -
80 1217 188 1274 cti,
219 1217 343 1265 sicut
372 1225 422 1265 et
450 1216 530 1264 ille
561 1226 748 1265 sanctus
777 1217 865 1264 fuit
881 1217 953 1277 3),
993 1217 1179 1264 scilicet
1218 1232 1376 1264 carne.
1437 1215 1508 1264 De
1548 1216 1644 1281 spi-

0 1300 6 1336 ι
65 1294 112 1334 tu
141 1288 265 1335 enim
295 1304 388 1335 non
419 1286 636 1345 dixisset,
677 1288 784 1352 quia
821 1287 1010 1352 spiritus
1039 1287 1163 1334 ultro
1203 1295 1393 1335 sanctus
1423 1288 1643 1350 agnosci-

41 1379 44 1382 ·
104 1391 119 1415 ,
164 1373 253 1406 nec
284 1367 532 1440 exspectat
560 1359 826 1406 sanctitatis
853 1357 1243 1416 admonitionem,
1292 1374 1409 1422 quae
1448 1358 1644 1422 propria

93 1443 184 1474 ¹»ra
214 1436 288 1476 est
317 1430 433 1479 eius.
494 1428 619 1476 Caro
651 1437 806 1476 autem
844 1427 1045 1475 docetur
1074 1430 1394 1486 sanctitatem,
1436 1444 1555 1492 quae
1595 1436 1645 1477 et

3 1506 5 1510 '
34 1504 79 1560 ’
109 1497 298 1547 Christo
342 1499 433 1545 fuit
470 1507 653 1546 sancta.
721 1498 871 1561 Igitur
907 1499 946 1544 si
979 1499 1134 1546 omnia
1163 1500 1254 1546 ista
1292 1499 1548 1547 obliterant
1587 1500 1645 1547 li-

61 1568 220 1616 tiam
249 1564 552 1627 nubendi‚'et
581 1567 853 1617 conditione
885 1569 1106 1616 licentiae
1138 1570 1352 1633 inspecta
1382 1578 1432 1618 et
1453 1570 1643 1634 praela-

0 1662 1 1690 ι
30 1611 83 1659 “
103 1655 148 1688 e
179 1640 496 1688 continentiae
527 1641 768 1704 imposita,
815 1655 901 1704 cur
936 1655 1031 1686 non
1068 1641 1277 1703 potuerit
1313 1649 1421 1705 post
1451 1649 1644 1704 aposto-

73 1759 84 1779 3
118 1708 242 1758 idem
272 1711 484 1776 spiritus,
523 1711 857 1775 superveniens
891 1705 955 1756 'ad
987 1709 1311 1759 deducendam
1351 1710 1645 1775 disciplinam

47 1784 285 1830 {omnem
321 1783 570 1829 veritatem
587 1782 665 1842 4),
710 1797 798 1845 per
841 1779 1014 1843 gradus
1059 1789 1320 1846 temporum
1368 1781 1643 1842 (secundum

124 1882 127 1892 ι
171 1851 489 1900 Ecclesiastes
505 1853 577 1912 ⁵):
639 1860 820 1915 tempus
859 1851 982 1897 omni
1011 1852 1104 1908 rei,
1151 1852 1336 1915 inquit,)
1383 1868 1644 1916 supremam

27 1934 30 1935 ’
79 1913 98 1962 ιι
141 1923 271 1970 carni
302 1922 488 1970 fibulam
519 1923 778 1985 imponere,
809 1922 901 1968 iam
932 1938 1024 1967 non
1057 1921 1244 1985 oblique
1276 1939 1303 1969 a
1334 1924 1507 1986 naptiis
1533 1939 1645 1970 avo-

21 1966 147 2050 ·s,
179 1990 263 2041 sed
294 2001 507 2058 exserte,
555 2008 656 2039 cum
688 1993 858 2055 magis,
904 2007 1025 2039 nunc
1065 2000 1247 2056 tempus
1287 1994 1334 2039 in
1373 1994 1578 2041 collecto
1595 1994 1656 2055 ⁶)

62 2071 194 2111 tum
237 2063 320 2121 sit,
367 2064 498 2110 annis
546 2063 739 2110 circiter
775 2079 864 2109 ccx
900 2061 1069 2110 exinde
1114 2063 1388 2127 productis?
1472 2063 1645 2113 Nonne

67 2132 120 2181 ‘e
150 2132 272 2197 apud
303 2142 350 2182 te
381 2141 668 2181 retractares
681 2151 699 2185 ε,
751 2141 884 2180 vetus
922 2133 1040 2180 haec
1080 2132 1328 2198 disciplina
1359 2141 1454 2192 est,
1499 2151 1642 2198 prae-

28 2213 288 2264 4,οιιειιειῐει
306 2205 398 2252 iam
414 2213 524 2251 tunc
541 2204 589 2250 in
608 2220 750 2251 carne
770 2202 944 2250 domini
961 2213 1011 2251 et
1028 2204 1074 2250 in
1102 2206 1359 2263 voluntate,
1393 2202 1563 2253 dehinc
1594 2207 1645 2255 in

21 2278 30 2284 ”
59 2275 472 2323 &stolorum-eius
509 2283 604 2322 tam
644 2275 854 2322 consiliis
886 2291 1020 2338 quam
1066 2277 1306 2340 exemplis.
1370 2275 1489 2323 Olim
1535 2293 1645 2324 san-

13 2346 176 2430 ‘tati
218 2345 736 2394 huic-destinabamur.
803 2345 934 2392 Nihil
980 2347 1088 2393 novi
1125 2348 1393 2410 paracletus
1437 2346 1643 2408 inducit3

73 2465 118 2477 ,
126 2438 130 2457 ι
172 2415 703 2498 praemonuit,2definit;
738 2415 862 2480 quod
894 2418 1122 2474 sustinuit,
1152 2419 1388 2482 exposcit.
1429 2417 1491 2465 Et
1519 2432 1645 2466 nunc

10 2478 93 2569 ξ
106 2487 292 2550 ogitans
322 2489 429 2546 ista,
459 2488 600 2539 facile
632 2487 717 2534 tibi
748 2486 1075 2551 persuadebis,
1109 2489 1253 2535 multo
1292 2489 1440 2550 magis
1481 2490 1645 2536 unicas

83 2580 101 2595 rs
153 2573 205 2606 as
237 2559 516 2622 competisse
546 2559 792 2622 paracleto
824 2556 1118 2620 praedicare,
1153 2559 1229 2622 qui
1266 2560 1420 2622 potuit
1457 2567 1506 2607 et
1543 2560 1646 2606 nul-

76 2633 94 2680 ἶ
138 2630 380 2693 magisque
412 2627 697 2676 credendum
727 2636 1015 2691 temperasse
1048 2629 1199 2686 illum,
1247 2627 1370 2692 quod
1409 2638 1457 2677 et
1487 2629 1645 2678 abstu-

119 2697 431 2757 zdecuisset,
477 2700 518 2747 si
563 2707 681 2764 qu‘ae
726 2699 840 2745 velit
886 2698 1097 2745 Christus
1141 2700 1393 2762 intelligas.
1455 2699 1507 2747 In
1551 2701 1645 2749 hoc

90 2809 93 2812 .
132 2800 136 2810 ι
162 2785 210 2818 ιο
238 2771 531 2835 paracletum
550 2784 823 2832 ·agnoscere
856 2767 1000 2816 debes
1031 2768 1325 2830 advocatum,
1359 2769 1644 2835 quodatota

141 2879 143 2882 v
171 2842 318 2907 ·entia
347 2840 663 2889 infirmitatem
693 2847 818 2887 tuam
849 2848 1057 2887 excusat.

20 2925 25 2927 ‚
4 2744 45 2868 rw
8 2568 50 2701 ιιιι

119 3109 124 3121 ,
144 3076 190 3133 1)
205 3081 230 3118 1
245 3081 340 3120 cor.
357 3081 396 3132 τ,
413 3081 479 3119 1⁰.
595 3076 641 3132 2)
660 3081 682 3117 1
701 3080 810 3126 10.3,
830 3081 869 3119 3.
986 3078 1032 3132 3)
1051 3084 1075 3121 1
1092 3084 1150 3121 ιο.
1168 3083 1206 3132 2,
1225 3083 1263 3122 3.
1351 3080 1399 3137 4)
1413 3085 1471 3124 ιο.
1490 3086 1557 3133 16,
1577 3086 1630 3122 13

14 3132 26 3170 ἒ
111 3136 210 3175 ccl.
227 3138 266 3186 3,
286 3138 353 3174 Π.
467 3135 512 3185 6)
530 3137 553 3174 1
571 3137 666 3177 Cor.
685 3138 725 3187 7,
743 3137 809 3174 29.
944 3167 946 3169 .

1232 3196 1294 3246 8*
