<?xml version="1.0" encoding="UTF-8"?>
<!DOCTYPE html PUBLIC "-//W3C//DTD XHTML 1.0 Transitional//EN"
    "http://www.w3.org/TR/xhtml1/DTD/xhtml1-transitional.dtd">
<html xmlns="http://www.w3.org/1999/xhtml" xml:lang="en" lang="en">
 <head>
  <title>
</title>
<meta http-equiv="Content-Type" content="text/html;charset=utf-8" />
  <meta name='ocr-system' content='tesseract 3.04.00' />
  <meta name='ocr-capabilities' content='ocr_page ocr_carea ocr_par ocr_line ocrx_word'/>
</head>
<body>
  <div class='ocr_page' id='page_1' title='image "./operatert12tertuoft_0017.png"; bbox 0 0 1942 3554; ppageno 0'>
   <div class='ocr_carea' id='block_1_1' title="bbox 583 176 1674 224">
    <p class='ocr_par' dir='ltr' id='par_1_1' title="bbox 583 176 1674 224">
     <span class='ocr_line' id='line_1_1' title="bbox 583 176 1674 224; baseline -0.004 -10"><span class='ocrx_word' id='word_1_1' title='bbox 583 177 671 214; x_wconf 80' lang='lat' dir='ltr'><strong>AD</strong></span> <span class='ocrx_word' id='word_1_2' title='bbox 716 176 1119 215; x_wconf 74' lang='lat' dir='ltr'><strong>MARTYRES.</strong></span> <span class='ocrx_word' id='word_1_3' title='bbox 1635 176 1674 224; x_wconf 75' lang='lat'>5</span> 
     </span>
    </p>
   </div>
   <div class='ocr_carea' id='block_1_2' title="bbox 16 309 1674 3195">
    <p class='ocr_par' dir='ltr' id='par_1_2' title="bbox 17 309 1674 1859">
     <span class='ocr_line' id='line_1_2' title="bbox 24 309 1674 372; baseline -0.001 -6"><span class='ocrx_word' id='word_1_4' title='bbox 24 309 335 367; x_wconf 47' lang='lat' dir='ltr'><strong>&amp;trinsecus</strong></span> <span class='ocrx_word' id='word_1_5' title='bbox 367 316 516 364; x_wconf 75' lang='lat' dir='ltr'><strong>cnavis</strong></span> <span class='ocrx_word' id='word_1_6' title='bbox 546 315 822 372; x_wconf 84' lang='lat' dir='ltr'><strong>transfixus,</strong></span> <span class='ocrx_word' id='word_1_7' title='bbox 857 324 927 361; x_wconf 84' lang='lat' dir='ltr'><strong>tot</strong></span> <span class='ocrx_word' id='word_1_8' title='bbox 959 331 1128 362; x_wconf 90' lang='lat' dir='ltr'><strong>cruces</strong></span> <span class='ocrx_word' id='word_1_9' title='bbox 1160 317 1322 363; x_wconf 87' lang='lat' dir='ltr'><strong>sensit.</strong></span> <span class='ocrx_word' id='word_1_10' title='bbox 1386 315 1571 364; x_wconf 85' lang='lat' dir='ltr'><strong>Bestias</strong></span> <span class='ocrx_word' id='word_1_11' title='bbox 1603 317 1674 364; x_wconf 85' lang='lat' dir='ltr'><strong>fe-</strong></span> 
     </span>
     <span class='ocr_line' id='line_1_3' title="bbox 32 384 1673 450; baseline -0.001 -14"><span class='ocrx_word' id='word_1_12' title='bbox 32 388 160 438; x_wconf 68' lang='lat' dir='ltr'><strong>mina</strong></span> <span class='ocrx_word' id='word_1_13' title='bbox 191 387 341 435; x_wconf 90' lang='lat' dir='ltr'><strong>libens</strong></span> <span class='ocrx_word' id='word_1_14' title='bbox 373 386 591 450; x_wconf 90' lang='lat' dir='ltr'><strong>appetiit,</strong></span> <span class='ocrx_word' id='word_1_15' title='bbox 626 393 673 432; x_wconf 88' lang='lat' dir='ltr'><strong>et</strong></span> <span class='ocrx_word' id='word_1_16' title='bbox 705 385 868 448; x_wconf 89' lang='lat' dir='ltr'><strong>utique</strong></span> <span class='ocrx_word' id='word_1_17' title='bbox 901 384 1108 448; x_wconf 81' lang='lat' dir='ltr'>aspides,</span> <span class='ocrx_word' id='word_1_18' title='bbox 1143 395 1392 448; x_wconf 76' lang='lat' dir='ltr'><strong>serpentes</strong></span> <span class='ocrx_word' id='word_1_19' title='bbox 1424 394 1561 433; x_wconf 87' lang='lat' dir='ltr'><strong>tauro</strong></span> <span class='ocrx_word' id='word_1_20' title='bbox 1594 387 1673 434; x_wconf 88' lang='lat' dir='ltr'><strong>vel</strong></span> 
     </span>
     <span class='ocr_line' id='line_1_4' title="bbox 25 454 1672 519; baseline -0.001 -13"><span class='ocrx_word' id='word_1_21' title='bbox 25 471 146 507; x_wconf 57' lang='lat' dir='ltr'><strong>mirso</strong></span> <span class='ocrx_word' id='word_1_22' title='bbox 179 456 494 513; x_wconf 77' lang='lat' dir='ltr'><strong>horridiores,</strong></span> <span class='ocrx_word' id='word_1_23' title='bbox 528 471 641 519; x_wconf 88' lang='lat' dir='ltr'><strong>quas</strong></span> <span class='ocrx_word' id='word_1_24' title='bbox 675 454 929 518; x_wconf 79' lang='lat' dir='ltr'><strong>Cleopatra</strong></span> <span class='ocrx_word' id='word_1_25' title='bbox 964 456 1155 503; x_wconf 90' lang='lat' dir='ltr'><strong>immisit</strong></span> <span class='ocrx_word' id='word_1_26' title='bbox 1186 456 1298 514; x_wconf 90' lang='lat' dir='ltr'><strong>sibi,</strong></span> <span class='ocrx_word' id='word_1_27' title='bbox 1340 472 1398 503; x_wconf 91' lang='lat' dir='ltr'><strong>ne</strong></span> <span class='ocrx_word' id='word_1_28' title='bbox 1430 458 1475 503; x_wconf 92' lang='lat' dir='ltr'><strong>in</strong></span> <span class='ocrx_word' id='word_1_29' title='bbox 1508 473 1672 504; x_wconf 90' lang='lat' dir='ltr'><strong>manus</strong></span> 
     </span>
     <span class='ocr_line' id='line_1_5' title="bbox 23 524 1672 591; baseline 0.001 -20"><span class='ocrx_word' id='word_1_30' title='bbox 23 528 215 576; x_wconf 58' lang='lat' dir='ltr'><strong>sinimici</strong></span> <span class='ocrx_word' id='word_1_31' title='bbox 237 527 523 591; x_wconf 88' lang='lat' dir='ltr'><strong>perveniret.</strong></span> <span class='ocrx_word' id='word_1_32' title='bbox 573 524 670 573; x_wconf 90' lang='lat' dir='ltr'><strong>Sed</strong></span> <span class='ocrx_word' id='word_1_33' title='bbox 696 526 862 572; x_wconf 87' lang='lat' dir='ltr'><strong>mortis</strong></span> <span class='ocrx_word' id='word_1_34' title='bbox 887 534 1038 573; x_wconf 92' lang='lat' dir='ltr'><strong>metus</strong></span> <span class='ocrx_word' id='word_1_35' title='bbox 1068 543 1161 573; x_wconf 92' lang='lat' dir='ltr'><strong>non</strong></span> <span class='ocrx_word' id='word_1_36' title='bbox 1178 535 1334 574; x_wconf 92' lang='lat' dir='ltr'><strong>tantus</strong></span> <span class='ocrx_word' id='word_1_37' title='bbox 1352 536 1440 584; x_wconf 90' lang='lat' dir='ltr'><strong>est,</strong></span> <span class='ocrx_word' id='word_1_38' title='bbox 1474 536 1672 591; x_wconf 87' lang='lat' dir='ltr'><strong>quantus</strong></span> 
     </span>
     <span class='ocr_line' id='line_1_6' title="bbox 22 596 1668 660; baseline -0.001 -14"><span class='ocrx_word' id='word_1_39' title='bbox 22 597 390 646; x_wconf 67' lang='lat' dir='ltr'><strong>*tormentorum</strong></span> <span class='ocrx_word' id='word_1_40' title='bbox 453 596 614 660; x_wconf 84' lang='lat' dir='ltr'><strong>ltaque</strong></span> <span class='ocrx_word' id='word_1_41' title='bbox 656 597 798 644; x_wconf 86' lang='lat' dir='ltr'><strong>cessit</strong></span> <span class='ocrx_word' id='word_1_42' title='bbox 838 597 1051 644; x_wconf 88' lang='lat' dir='ltr'><strong>carnifici</strong></span> <span class='ocrx_word' id='word_1_43' title='bbox 1083 598 1309 644; x_wconf 84' lang='lat' dir='ltr'><strong>meretrix</strong></span> <span class='ocrx_word' id='word_1_44' title='bbox 1339 596 1668 655; x_wconf 88' lang='lat' dir='ltr'><strong>Atheniensis,</strong></span> 
     </span>
     <span class='ocr_line' id='line_1_7' title="bbox 23 667 1672 734; baseline -0.001 -17"><span class='ocrx_word' id='word_1_45' title='bbox 23 683 156 734; x_wconf 68' lang='lat' dir='ltr'><strong>¹&gt;quae</strong></span> <span class='ocrx_word' id='word_1_46' title='bbox 202 667 396 716; x_wconf 89' lang='lat' dir='ltr'><strong>conscia</strong></span> <span class='ocrx_word' id='word_1_47' title='bbox 443 667 805 725; x_wconf 89' lang='lat' dir='ltr'><strong>coniurationis,</strong></span> <span class='ocrx_word' id='word_1_48' title='bbox 854 683 957 714; x_wconf 92' lang='lat' dir='ltr'><strong>cum</strong></span> <span class='ocrx_word' id='word_1_49' title='bbox 1004 676 1261 731; x_wconf 86' lang='lat' dir='ltr'><strong>propterea</strong></span> <span class='ocrx_word' id='word_1_50' title='bbox 1298 676 1605 731; x_wconf 87' lang='lat' dir='ltr'><strong>torqueretur</strong></span> <span class='ocrx_word' id='word_1_51' title='bbox 1643 685 1672 716; x_wconf 86' lang='lat' dir='ltr'><strong>a</strong></span> 
     </span>
     <span class='ocr_line' id='line_1_8' title="bbox 22 736 1672 804; baseline -0.001 -18"><span class='ocrx_word' id='word_1_52' title='bbox 22 747 260 804; x_wconf 76' lang='lat' dir='ltr'><strong>=tyranno,</strong></span> <span class='ocrx_word' id='word_1_53' title='bbox 310 746 359 785; x_wconf 89' lang='lat' dir='ltr'><strong>et</strong></span> <span class='ocrx_word' id='word_1_54' title='bbox 395 754 489 784; x_wconf 91' lang='lat' dir='ltr'><strong>non</strong></span> <span class='ocrx_word' id='word_1_55' title='bbox 525 736 740 801; x_wconf 86' lang='lat' dir='ltr'><strong>prodidit</strong></span> <span class='ocrx_word' id='word_1_56' title='bbox 782 738 1056 784; x_wconf 88' lang='lat' dir='ltr'><strong>coniuratos</strong></span> <span class='ocrx_word' id='word_1_57' title='bbox 1096 747 1145 785; x_wconf 90' lang='lat' dir='ltr'><strong>et</strong></span> <span class='ocrx_word' id='word_1_58' title='bbox 1175 739 1432 785; x_wconf 90' lang='lat' dir='ltr'><strong>novissime</strong></span> <span class='ocrx_word' id='word_1_59' title='bbox 1466 739 1672 801; x_wconf 83' lang='lat' dir='ltr'><strong>linguam</strong></span> 
     </span>
     <span class='ocr_line' id='line_1_9' title="bbox 23 809 1669 872; baseline -0.002 -13"><span class='ocrx_word' id='word_1_60' title='bbox 23 825 163 859; x_wconf 67' lang='lat' dir='ltr'><strong>suam</strong></span> <span class='ocrx_word' id='word_1_61' title='bbox 195 817 496 857; x_wconf 84' lang='lat' dir='ltr'><strong>commestam</strong></span> <span class='ocrx_word' id='word_1_62' title='bbox 528 809 575 855; x_wconf 92' lang='lat' dir='ltr'><strong>in</strong></span> <span class='ocrx_word' id='word_1_63' title='bbox 606 809 777 855; x_wconf 89' lang='lat' dir='ltr'><strong>faciem</strong></span> <span class='ocrx_word' id='word_1_64' title='bbox 808 810 996 872; x_wconf 87' lang='lat' dir='ltr'><strong>tyranni</strong></span> <span class='ocrx_word' id='word_1_65' title='bbox 1030 810 1247 872; x_wconf 85' lang='lat' dir='ltr'><strong>exspuit,</strong></span> <span class='ocrx_word' id='word_1_66' title='bbox 1290 817 1340 856; x_wconf 92' lang='lat' dir='ltr'><strong>ut</strong></span> <span class='ocrx_word' id='word_1_67' title='bbox 1372 809 1485 855; x_wconf 88' lang='lat' dir='ltr'><strong>nihil</strong></span> <span class='ocrx_word' id='word_1_68' title='bbox 1520 824 1669 872; x_wconf 88' lang='lat' dir='ltr'><strong>agere</strong></span> 
     </span>
     <span class='ocr_line' id='line_1_10' title="bbox 21 872 1672 943; baseline -0.002 -14"><span class='ocrx_word' id='word_1_69' title='bbox 21 872 88 928; x_wconf 64' lang='lat' dir='ltr'><strong>sse</strong></span> <span class='ocrx_word' id='word_1_70' title='bbox 126 879 305 929; x_wconf 86' lang='lat' dir='ltr'><strong>scirent</strong></span> <span class='ocrx_word' id='word_1_71' title='bbox 340 887 598 937; x_wconf 89' lang='lat' dir='ltr'><strong>tormenta,</strong></span> <span class='ocrx_word' id='word_1_72' title='bbox 647 880 737 927; x_wconf 91' lang='lat' dir='ltr'><strong>etsi</strong></span> <span class='ocrx_word' id='word_1_73' title='bbox 770 879 890 926; x_wconf 87' lang='lat' dir='ltr'><strong>ultra</strong></span> <span class='ocrx_word' id='word_1_74' title='bbox 920 888 1303 942; x_wconf 88' lang='lat' dir='ltr'><strong>perseverarent.</strong></span> <span class='ocrx_word' id='word_1_75' title='bbox 1381 879 1502 926; x_wconf 88' lang='lat' dir='ltr'><strong>Nam</strong></span> <span class='ocrx_word' id='word_1_76' title='bbox 1545 878 1672 943; x_wconf 90' lang='lat' dir='ltr'><strong>quod</strong></span> 
     </span>
     <span class='ocr_line' id='line_1_11' title="bbox 20 948 1672 1015; baseline 0.001 -17"><span class='ocrx_word' id='word_1_77' title='bbox 20 949 176 999; x_wconf 50' lang='lat' dir='ltr'><strong>&amp;hodie</strong></span> <span class='ocrx_word' id='word_1_78' title='bbox 200 948 324 1014; x_wconf 85' lang='lat' dir='ltr'><strong>apud</strong></span> <span class='ocrx_word' id='word_1_79' title='bbox 339 948 726 998; x_wconf 88' lang='lat' dir='ltr'><strong>Lacedaemonas</strong></span> <span class='ocrx_word' id='word_1_80' title='bbox 751 950 1040 998; x_wconf 89' lang='lat' dir='ltr'><strong>sollemnitas</strong></span> <span class='ocrx_word' id='word_1_81' title='bbox 1067 951 1265 996; x_wconf 82' lang='lat' dir='ltr'><strong>maxima</strong></span> <span class='ocrx_word' id='word_1_82' title='bbox 1293 959 1389 1008; x_wconf 89' lang='lat' dir='ltr'><strong>est,</strong></span> <span class='ocrx_word' id='word_1_83' title='bbox 1425 951 1672 1015; x_wconf 61' lang='grc' dir='ltr'><strong>διαμαστί-&gt;</strong></span> 
     </span>
     <span class='ocr_line' id='line_1_12' title="bbox 21 1019 1669 1087; baseline -0.003 -15"><span class='ocrx_word' id='word_1_84' title='bbox 21 1038 194 1087; x_wconf 54' lang='lat' dir='ltr'><strong>mmm,</strong></span> <span class='ocrx_word' id='word_1_85' title='bbox 249 1019 298 1067; x_wconf 86' lang='lat' dir='ltr'><strong>id</strong></span> <span class='ocrx_word' id='word_1_86' title='bbox 337 1029 431 1079; x_wconf 88' lang='lat' dir='ltr'><strong>est,</strong></span> <span class='ocrx_word' id='word_1_87' title='bbox 486 1020 768 1085; x_wconf 82' lang='lat' dir='ltr'><strong>flagellatio,</strong></span> <span class='ocrx_word' id='word_1_88' title='bbox 817 1037 910 1067; x_wconf 87' lang='lat' dir='ltr'><strong>non</strong></span> <span class='ocrx_word' id='word_1_89' title='bbox 951 1021 1083 1068; x_wconf 87' lang='lat' dir='ltr'><strong>latet.</strong></span> <span class='ocrx_word' id='word_1_90' title='bbox 1163 1020 1213 1067; x_wconf 93' lang='lat' dir='ltr'><strong>In</strong></span> <span class='ocrx_word' id='word_1_91' title='bbox 1256 1038 1347 1084; x_wconf 93' lang='lat' dir='ltr'><strong>quo</strong></span> <span class='ocrx_word' id='word_1_92' title='bbox 1389 1037 1526 1068; x_wconf 90' lang='lat' dir='ltr'><strong>sacro</strong></span> <span class='ocrx_word' id='word_1_93' title='bbox 1561 1030 1669 1068; x_wconf 90' lang='lat' dir='ltr'><strong>ante</strong></span> 
     </span>
     <span class='ocr_line' id='line_1_13' title="bbox 19 1089 1670 1155; baseline -0.001 -15"><span class='ocrx_word' id='word_1_94' title='bbox 19 1107 162 1140; x_wconf 56' lang='lat' dir='ltr'><strong>⁴aram</strong></span> <span class='ocrx_word' id='word_1_95' title='bbox 192 1090 378 1138; x_wconf 92' lang='lat' dir='ltr'><strong>nobiles</strong></span> <span class='ocrx_word' id='word_1_96' title='bbox 406 1092 576 1155; x_wconf 90' lang='lat' dir='ltr'><strong>quique</strong></span> <span class='ocrx_word' id='word_1_97' title='bbox 602 1089 934 1139; x_wconf 87' lang='lat' dir='ltr'><strong>adolescentes</strong></span> <span class='ocrx_word' id='word_1_98' title='bbox 959 1091 1160 1155; x_wconf 88' lang='lat' dir='ltr'><strong>flagellis</strong></span> <span class='ocrx_word' id='word_1_99' title='bbox 1185 1092 1475 1155; x_wconf 86' lang='lat' dir='ltr'><strong>affliguntur,</strong></span> <span class='ocrx_word' id='word_1_100' title='bbox 1510 1101 1670 1139; x_wconf 88' lang='lat' dir='ltr'><strong>astan-</strong></span> 
     </span>
     <span class='ocr_line' id='line_1_14' title="bbox 21 1161 1669 1226; baseline 0 -17"><span class='ocrx_word' id='word_1_101' title='bbox 21 1161 158 1209; x_wconf 81' lang='lat' dir='ltr'><strong>÷tibus</strong></span> <span class='ocrx_word' id='word_1_102' title='bbox 194 1161 468 1226; x_wconf 88' lang='lat' dir='ltr'><strong>parentibus</strong></span> <span class='ocrx_word' id='word_1_103' title='bbox 509 1170 557 1209; x_wconf 92' lang='lat' dir='ltr'><strong>et</strong></span> <span class='ocrx_word' id='word_1_104' title='bbox 606 1163 881 1226; x_wconf 89' lang='lat' dir='ltr'><strong>propinquis</strong></span> <span class='ocrx_word' id='word_1_105' title='bbox 929 1171 976 1208; x_wconf 90' lang='lat' dir='ltr'><strong>et</strong></span> <span class='ocrx_word' id='word_1_106' title='bbox 1020 1163 1087 1208; x_wconf 93' lang='lat' dir='ltr'><strong>uti</strong></span> <span class='ocrx_word' id='word_1_107' title='bbox 1140 1171 1453 1225; x_wconf 85' lang='lat' dir='ltr'><strong>perseverent</strong></span> <span class='ocrx_word' id='word_1_108' title='bbox 1498 1161 1669 1210; x_wconf 78' lang='lat' dir='ltr'><strong>adhor-</strong></span> 
     </span>
     <span class='ocr_line' id='line_1_15' title="bbox 19 1231 1669 1296; baseline -0.001 -16"><span class='ocrx_word' id='word_1_109' title='bbox 19 1231 254 1280; x_wconf 51' lang='lat' dir='ltr'><strong>stantibus.</strong></span> <span class='ocrx_word' id='word_1_110' title='bbox 333 1231 664 1280; x_wconf 86' lang='lat' dir='ltr'><strong>Ornamentum</strong></span> <span class='ocrx_word' id='word_1_111' title='bbox 706 1234 827 1279; x_wconf 90' lang='lat' dir='ltr'><strong>enim</strong></span> <span class='ocrx_word' id='word_1_112' title='bbox 869 1241 933 1280; x_wconf 84' lang='lat' dir='ltr'><strong>et-</strong></span> <span class='ocrx_word' id='word_1_113' title='bbox 956 1233 1110 1296; x_wconf 85' lang='lat' dir='ltr'><strong>gloria</strong></span> <span class='ocrx_word' id='word_1_114' title='bbox 1150 1232 1452 1296; x_wconf 87' lang='lat' dir='ltr'><strong>deputabitur</strong></span> <span class='ocrx_word' id='word_1_115' title='bbox 1490 1233 1669 1279; x_wconf 89' lang='lat' dir='ltr'><strong>maiore</strong></span> 
     </span>
     <span class='ocr_line' id='line_1_16' title="bbox 19 1301 1669 1367; baseline 0 -17"><span class='ocrx_word' id='word_1_116' title='bbox 19 1301 221 1367; x_wconf 57' lang='lat' dir='ltr'><strong>quidem</strong></span> <span class='ocrx_word' id='word_1_117' title='bbox 256 1303 412 1360; x_wconf 78' lang='lat' dir='ltr'><strong>titulo,</strong></span> <span class='ocrx_word' id='word_1_118' title='bbox 446 1303 487 1350; x_wconf 91' lang='lat' dir='ltr'><strong>si</strong></span> <span class='ocrx_word' id='word_1_119' title='bbox 518 1303 671 1349; x_wconf 87' lang='lat' dir='ltr'><strong>anima</strong></span> <span class='ocrx_word' id='word_1_120' title='bbox 695 1304 852 1365; x_wconf 91' lang='lat' dir='ltr'><strong>potius</strong></span> <span class='ocrx_word' id='word_1_121' title='bbox 878 1304 1082 1350; x_wconf 89' lang='lat' dir='ltr'><strong>cesserit</strong></span> <span class='ocrx_word' id='word_1_122' title='bbox 1105 1303 1283 1367; x_wconf 85' lang='lat' dir='ltr'><strong>plagis,</strong></span> <span class='ocrx_word' id='word_1_123' title='bbox 1317 1320 1453 1366; x_wconf 91' lang='lat' dir='ltr'><strong>quam</strong></span> <span class='ocrx_word' id='word_1_124' title='bbox 1481 1319 1669 1367; x_wconf 87' lang='lat' dir='ltr'><strong>corpus.</strong></span> 
     </span>
     <span class='ocr_line' id='line_1_17' title="bbox 21 1372 1670 1437; baseline 0.001 -18"><span class='ocrx_word' id='word_1_125' title='bbox 21 1372 206 1437; x_wconf 66' lang='lat' dir='ltr'><strong>flgitur,</strong></span> <span class='ocrx_word' id='word_1_126' title='bbox 241 1373 280 1420; x_wconf 89' lang='lat' dir='ltr'><strong>si</strong></span> <span class='ocrx_word' id='word_1_127' title='bbox 311 1381 486 1420; x_wconf 88' lang='lat' dir='ltr'><strong>tantum</strong></span> <span class='ocrx_word' id='word_1_128' title='bbox 519 1381 742 1420; x_wconf 87' lang='lat' dir='ltr'><strong>terrenae</strong></span> <span class='ocrx_word' id='word_1_129' title='bbox 777 1374 959 1436; x_wconf 88' lang='lat' dir='ltr'><strong>gloriae</strong></span> <span class='ocrx_word' id='word_1_130' title='bbox 988 1373 1102 1420; x_wconf 92' lang='lat' dir='ltr'><strong>licet</strong></span> <span class='ocrx_word' id='word_1_131' title='bbox 1127 1372 1184 1420; x_wconf 92' lang='lat' dir='ltr'><strong>de</strong></span> <span class='ocrx_word' id='word_1_132' title='bbox 1212 1375 1428 1437; x_wconf 89' lang='lat' dir='ltr'><strong>corporis</strong></span> <span class='ocrx_word' id='word_1_133' title='bbox 1457 1383 1505 1421; x_wconf 91' lang='lat' dir='ltr'><strong>et</strong></span> <span class='ocrx_word' id='word_1_134' title='bbox 1528 1374 1670 1421; x_wconf 92' lang='lat' dir='ltr'><strong>animi</strong></span> 
     </span>
     <span class='ocr_line' id='line_1_18' title="bbox 21 1441 1670 1507; baseline 0.001 -17"><span class='ocrx_word' id='word_1_135' title='bbox 21 1443 227 1506; x_wconf 62' lang='lat' dir='ltr'><strong>wigore,</strong></span> <span class='ocrx_word' id='word_1_136' title='bbox 266 1452 318 1490; x_wconf 91' lang='lat' dir='ltr'><strong>ut</strong></span> <span class='ocrx_word' id='word_1_137' title='bbox 348 1441 567 1507; x_wconf 85' lang='lat' dir='ltr'><strong>gladium,</strong></span> <span class='ocrx_word' id='word_1_138' title='bbox 602 1444 774 1506; x_wconf 90' lang='lat' dir='ltr'><strong>ignem,</strong></span> <span class='ocrx_word' id='word_1_139' title='bbox 810 1459 1023 1501; x_wconf 87' lang='lat' dir='ltr'><strong>crucem,</strong></span> <span class='ocrx_word' id='word_1_140' title='bbox 1056 1444 1252 1501; x_wconf 88' lang='lat' dir='ltr'><strong>bestias,</strong></span> <span class='ocrx_word' id='word_1_141' title='bbox 1285 1452 1521 1491; x_wconf 91' lang='lat' dir='ltr'><strong>tormenta</strong></span> <span class='ocrx_word' id='word_1_142' title='bbox 1556 1460 1670 1491; x_wconf 93' lang='lat' dir='ltr'><strong>con-</strong></span> 
     </span>
     <span class='ocr_line' id='line_1_19' title="bbox 17 1511 1670 1578; baseline 0.001 -18"><span class='ocrx_word' id='word_1_143' title='bbox 17 1521 242 1561; x_wconf 61' lang='lat' dir='ltr'><strong>ttemnant</strong></span> <span class='ocrx_word' id='word_1_144' title='bbox 272 1513 357 1560; x_wconf 91' lang='lat' dir='ltr'><strong>sub</strong></span> <span class='ocrx_word' id='word_1_145' title='bbox 387 1514 602 1578; x_wconf 84' lang='lat' dir='ltr'><strong>praemio</strong></span> <span class='ocrx_word' id='word_1_146' title='bbox 636 1511 785 1560; x_wconf 89' lang='lat' dir='ltr'><strong>laudis</strong></span> <span class='ocrx_word' id='word_1_147' title='bbox 816 1513 1068 1572; x_wconf 87' lang='lat' dir='ltr'><strong>humanae,</strong></span> <span class='ocrx_word' id='word_1_148' title='bbox 1108 1530 1298 1578; x_wconf 91' lang='lat' dir='ltr'><strong>possum</strong></span> <span class='ocrx_word' id='word_1_149' title='bbox 1333 1513 1520 1562; x_wconf 90' lang='lat' dir='ltr'><strong>dicere:</strong></span> <span class='ocrx_word' id='word_1_150' title='bbox 1571 1530 1670 1561; x_wconf 92' lang='lat' dir='ltr'><strong>mo-</strong></span> 
     </span>
     <span class='ocr_line' id='line_1_20' title="bbox 17 1581 1670 1648; baseline 0.001 -16"><span class='ocrx_word' id='word_1_151' title='bbox 17 1581 171 1632; x_wconf 57' lang='lat' dir='ltr'><strong>dicae</strong></span> <span class='ocrx_word' id='word_1_152' title='bbox 209 1593 315 1631; x_wconf 85' lang='lat' dir='ltr'><strong>sunt</strong></span> <span class='ocrx_word' id='word_1_153' title='bbox 351 1585 469 1631; x_wconf 89' lang='lat' dir='ltr'><strong>istae</strong></span> <span class='ocrx_word' id='word_1_154' title='bbox 507 1586 753 1648; x_wconf 88' lang='lat' dir='ltr'><strong>passiones</strong></span> <span class='ocrx_word' id='word_1_155' title='bbox 791 1583 851 1631; x_wconf 86' lang='lat' dir='ltr'><strong>ad</strong></span> <span class='ocrx_word' id='word_1_156' title='bbox 891 1586 1279 1632; x_wconf 87' lang='lat' dir='ltr'><strong>consecutionem</strong></span> <span class='ocrx_word' id='word_1_157' title='bbox 1321 1585 1505 1648; x_wconf 85' lang='lat' dir='ltr'><strong>gloriae</strong></span> <span class='ocrx_word' id='word_1_158' title='bbox 1556 1601 1670 1633; x_wconf 87' lang='lat' dir='ltr'><strong>coe-</strong></span> 
     </span>
     <span class='ocr_line' id='line_1_21' title="bbox 17 1644 1670 1720; baseline 0.002 -20"><span class='ocrx_word' id='word_1_159' title='bbox 17 1644 168 1703; x_wconf 59' lang='lat' dir='ltr'><strong>{lestis</strong></span> <span class='ocrx_word' id='word_1_160' title='bbox 199 1663 248 1702; x_wconf 89' lang='lat' dir='ltr'><strong>et</strong></span> <span class='ocrx_word' id='word_1_161' title='bbox 280 1653 466 1702; x_wconf 86' lang='lat' dir='ltr'><strong>divinae</strong></span> <span class='ocrx_word' id='word_1_162' title='bbox 498 1653 748 1703; x_wconf 89' lang='lat' dir='ltr'><strong>mercedis.</strong></span> <span class='ocrx_word' id='word_1_163' title='bbox 826 1654 877 1703; x_wconf 91' lang='lat' dir='ltr'><strong>Si</strong></span> <span class='ocrx_word' id='word_1_164' title='bbox 909 1658 1025 1702; x_wconf 88' lang='lat' dir='ltr'><strong>tanti</strong></span> <span class='ocrx_word' id='word_1_165' title='bbox 1055 1657 1248 1714; x_wconf 89' lang='lat' dir='ltr'><strong>vitrum,</strong></span> <span class='ocrx_word' id='word_1_166' title='bbox 1292 1657 1451 1720; x_wconf 82' lang='lat' dir='ltr'><strong>quanti</strong></span> <span class='ocrx_word' id='word_1_167' title='bbox 1484 1672 1670 1719; x_wconf 83' lang='lat' dir='ltr'><strong>marga-</strong></span> 
     </span>
     <span class='ocr_line' id='line_1_22' title="bbox 20 1724 1671 1790; baseline 0 -18"><span class='ocrx_word' id='word_1_168' title='bbox 20 1726 204 1774; x_wconf 59' lang='lat' dir='ltr'><strong>mitum?</strong></span> <span class='ocrx_word' id='word_1_169' title='bbox 259 1724 372 1784; x_wconf 82' lang='lat' dir='ltr'><strong>Quis</strong></span> <span class='ocrx_word' id='word_1_170' title='bbox 405 1741 523 1789; x_wconf 84' lang='lat' dir='ltr'><strong>ergo</strong></span> <span class='ocrx_word' id='word_1_171' title='bbox 555 1741 647 1772; x_wconf 94' lang='lat' dir='ltr'><strong>non</strong></span> <span class='ocrx_word' id='word_1_172' title='bbox 680 1725 988 1773; x_wconf 87' lang='lat' dir='ltr'><strong>libentissime</strong></span> <span class='ocrx_word' id='word_1_173' title='bbox 1020 1735 1197 1773; x_wconf 88' lang='lat' dir='ltr'><strong>tantum</strong></span> <span class='ocrx_word' id='word_1_174' title='bbox 1228 1743 1314 1790; x_wconf 92' lang='lat' dir='ltr'><strong>pro</strong></span> <span class='ocrx_word' id='word_1_175' title='bbox 1347 1743 1463 1774; x_wconf 89' lang='lat' dir='ltr'><strong>vero</strong></span> <span class='ocrx_word' id='word_1_176' title='bbox 1497 1726 1671 1774; x_wconf 89' lang='lat' dir='ltr'><strong>habeat</strong></span> 
     </span>
     <span class='ocr_line' id='line_1_23' title="bbox 19 1795 941 1859; baseline 0.004 -20"><span class='ocrx_word' id='word_1_177' title='bbox 19 1804 264 1859; x_wconf 59' lang='lat' dir='ltr'><strong>iungam,</strong></span> <span class='ocrx_word' id='word_1_178' title='bbox 305 1804 523 1859; x_wconf 91' lang='lat' dir='ltr'><strong>quantum</strong></span> <span class='ocrx_word' id='word_1_179' title='bbox 555 1795 636 1842; x_wconf 85' lang='lat' dir='ltr'><strong>alii</strong></span> <span class='ocrx_word' id='word_1_180' title='bbox 667 1812 753 1859; x_wconf 90' lang='lat' dir='ltr'><strong>pro</strong></span> <span class='ocrx_word' id='word_1_181' title='bbox 787 1795 941 1843; x_wconf 79' lang='lat' dir='ltr'><strong>falso?</strong></span> 
     </span>
    </p>

    <p class='ocr_par' dir='ltr' id='par_1_3' title="bbox 16 1864 1669 2705">
     <span class='ocr_line' id='line_1_24' title="bbox 176 1864 1669 1928; baseline 0 -16"><span class='ocrx_word' id='word_1_182' title='bbox 176 1870 224 1916; x_wconf 85' lang='lat'><strong>5.</strong></span> <span class='ocrx_word' id='word_1_183' title='bbox 267 1864 441 1912; x_wconf 88' lang='lat' dir='ltr'><strong>Omitto</strong></span> <span class='ocrx_word' id='word_1_184' title='bbox 474 1881 596 1911; x_wconf 92' lang='lat' dir='ltr'><strong>nunc</strong></span> <span class='ocrx_word' id='word_1_185' title='bbox 630 1866 814 1928; x_wconf 84' lang='lat' dir='ltr'><strong>gloriae</strong></span> <span class='ocrx_word' id='word_1_186' title='bbox 848 1882 1076 1913; x_wconf 86' lang='lat' dir='ltr'><strong>caussam.</strong></span> <span class='ocrx_word' id='word_1_187' title='bbox 1148 1865 1326 1913; x_wconf 88' lang='lat' dir='ltr'><strong>Eadem</strong></span> <span class='ocrx_word' id='word_1_188' title='bbox 1369 1868 1525 1913; x_wconf 84' lang='lat' dir='ltr'><strong>omnia</strong></span> <span class='ocrx_word' id='word_1_189' title='bbox 1564 1882 1669 1913; x_wconf 90' lang='lat' dir='ltr'><strong>sae·</strong></span> 
     </span>
     <span class='ocr_line' id='line_1_25' title="bbox 19 1935 1666 1999; baseline 0 -17"><span class='ocrx_word' id='word_1_190' title='bbox 19 1936 178 1983; x_wconf 69' lang='lat' dir='ltr'><strong>zvttiae</strong></span> <span class='ocrx_word' id='word_1_191' title='bbox 226 1944 273 1982; x_wconf 88' lang='lat' dir='ltr'><strong>et</strong></span> <span class='ocrx_word' id='word_1_192' title='bbox 321 1936 558 1982; x_wconf 85' lang='lat' dir='ltr'><strong>cruciatus</strong></span> <span class='ocrx_word' id='word_1_193' title='bbox 599 1936 858 1982; x_wconf 87' lang='lat' dir='ltr'><strong>certamina</strong></span> <span class='ocrx_word' id='word_1_194' title='bbox 895 1937 986 1982; x_wconf 89' lang='lat' dir='ltr'><strong>iam</strong></span> <span class='ocrx_word' id='word_1_195' title='bbox 1020 1935 1142 1999; x_wconf 90' lang='lat' dir='ltr'><strong>apud</strong></span> <span class='ocrx_word' id='word_1_196' title='bbox 1174 1937 1388 1983; x_wconf 90' lang='lat' dir='ltr'><strong>homines</strong></span> <span class='ocrx_word' id='word_1_197' title='bbox 1427 1935 1666 1984; x_wconf 84' lang='lat' dir='ltr'><strong>affectatio</strong></span> 
     </span>
     <span class='ocr_line' id='line_1_26' title="bbox 27 2004 1668 2069; baseline 0.001 -18"><span class='ocrx_word' id='word_1_198' title='bbox 27 2021 222 2069; x_wconf 68' lang='lat' dir='ltr'><strong>quoque</strong></span> <span class='ocrx_word' id='word_1_199' title='bbox 255 2014 303 2052; x_wconf 89' lang='lat' dir='ltr'><strong>et</strong></span> <span class='ocrx_word' id='word_1_200' title='bbox 334 2005 522 2052; x_wconf 90' lang='lat' dir='ltr'><strong>morbus</strong></span> <span class='ocrx_word' id='word_1_201' title='bbox 554 2004 737 2068; x_wconf 89' lang='lat' dir='ltr'><strong>quidam</strong></span> <span class='ocrx_word' id='word_1_202' title='bbox 771 2006 911 2052; x_wconf 92' lang='lat' dir='ltr'><strong>animi</strong></span> <span class='ocrx_word' id='word_1_203' title='bbox 945 2006 1260 2053; x_wconf 89' lang='lat' dir='ltr'><strong>conculcavit.</strong></span> <span class='ocrx_word' id='word_1_204' title='bbox 1331 2006 1456 2065; x_wconf 86' lang='lat' dir='ltr'><strong>Quot</strong></span> <span class='ocrx_word' id='word_1_205' title='bbox 1488 2008 1668 2053; x_wconf 91' lang='lat' dir='ltr'><strong>otiosos</strong></span> 
     </span>
     <span class='ocr_line' id='line_1_27' title="bbox 25 2073 1667 2139; baseline 0.001 -17"><span class='ocrx_word' id='word_1_206' title='bbox 25 2073 275 2123; x_wconf 63' lang='lat' dir='ltr'><strong>affectatio</strong></span> <span class='ocrx_word' id='word_1_207' title='bbox 307 2091 540 2122; x_wconf 89' lang='lat' dir='ltr'><strong>armorum</strong></span> <span class='ocrx_word' id='word_1_208' title='bbox 572 2074 631 2122; x_wconf 89' lang='lat' dir='ltr'><strong>ad</strong></span> <span class='ocrx_word' id='word_1_209' title='bbox 663 2075 869 2138; x_wconf 84' lang='lat' dir='ltr'><strong>gladium</strong></span> <span class='ocrx_word' id='word_1_210' title='bbox 903 2076 1059 2123; x_wconf 80' lang='lat' dir='ltr'><strong>locat?</strong></span> <span class='ocrx_word' id='word_1_211' title='bbox 1114 2076 1257 2124; x_wconf 85' lang='lat' dir='ltr'><strong>Certe</strong></span> <span class='ocrx_word' id='word_1_212' title='bbox 1291 2075 1349 2123; x_wconf 88' lang='lat' dir='ltr'><strong>ad</strong></span> <span class='ocrx_word' id='word_1_213' title='bbox 1380 2076 1507 2123; x_wconf 88' lang='lat' dir='ltr'><strong>feras</strong></span> <span class='ocrx_word' id='word_1_214' title='bbox 1528 2078 1667 2139; x_wconf 76' lang='lat' dir='ltr'><strong>jpsas</strong></span> 
     </span>
     <span class='ocr_line' id='line_1_28' title="bbox 16 2143 1667 2203; baseline 0.001 -10"><span class='ocrx_word' id='word_1_215' title='bbox 16 2143 334 2194; x_wconf 76' lang='lat' dir='ltr'><strong>-=affectatione</strong></span> <span class='ocrx_word' id='word_1_216' title='bbox 368 2143 683 2203; x_wconf 91' lang='lat' dir='ltr'><strong>descendunt,</strong></span> <span class='ocrx_word' id='word_1_217' title='bbox 733 2158 781 2193; x_wconf 83' lang='lat' dir='ltr'><strong>et</strong></span> <span class='ocrx_word' id='word_1_218' title='bbox 819 2144 878 2192; x_wconf 92' lang='lat' dir='ltr'><strong>de</strong></span> <span class='ocrx_word' id='word_1_219' title='bbox 917 2146 1149 2194; x_wconf 89' lang='lat' dir='ltr'><strong>morsibus</strong></span> <span class='ocrx_word' id='word_1_220' title='bbox 1190 2156 1238 2194; x_wconf 93' lang='lat' dir='ltr'><strong>et</strong></span> <span class='ocrx_word' id='word_1_221' title='bbox 1270 2145 1327 2193; x_wconf 91' lang='lat' dir='ltr'><strong>de</strong></span> <span class='ocrx_word' id='word_1_222' title='bbox 1362 2147 1667 2195; x_wconf 87' lang='lat' dir='ltr'><strong>cicatricibus</strong></span> 
     </span>
     <span class='ocr_line' id='line_1_29' title="bbox 18 2215 1667 2281; baseline 0.002 -19"><span class='ocrx_word' id='word_1_223' title='bbox 18 2215 343 2265; x_wconf 61' lang='lat' dir='ltr'><strong>{formosiores</strong></span> <span class='ocrx_word' id='word_1_224' title='bbox 388 2215 476 2263; x_wconf 91' lang='lat' dir='ltr'><strong>sibi</strong></span> <span class='ocrx_word' id='word_1_225' title='bbox 521 2215 756 2263; x_wconf 90' lang='lat' dir='ltr'><strong>videntur.</strong></span> <span class='ocrx_word' id='word_1_226' title='bbox 851 2216 946 2263; x_wconf 88' lang='lat' dir='ltr'><strong>Iam</strong></span> <span class='ocrx_word' id='word_1_227' title='bbox 994 2226 1042 2264; x_wconf 91' lang='lat' dir='ltr'><strong>et</strong></span> <span class='ocrx_word' id='word_1_228' title='bbox 1087 2217 1143 2265; x_wconf 90' lang='lat' dir='ltr'><strong>ad</strong></span> <span class='ocrx_word' id='word_1_229' title='bbox 1198 2219 1334 2281; x_wconf 91' lang='lat' dir='ltr'><strong>ignes</strong></span> <span class='ocrx_word' id='word_1_230' title='bbox 1382 2217 1567 2281; x_wconf 88' lang='lat' dir='ltr'><strong>quidam</strong></span> <span class='ocrx_word' id='word_1_231' title='bbox 1615 2233 1667 2265; x_wconf 91' lang='lat' dir='ltr'><strong>se</strong></span> 
     </span>
     <span class='ocr_line' id='line_1_30' title="bbox 16 2288 1666 2350; baseline 0.001 -16"><span class='ocrx_word' id='word_1_232' title='bbox 16 2294 423 2347; x_wconf 46' lang='lat' dir='ltr'><strong>sanctoraverunt,</strong></span> <span class='ocrx_word' id='word_1_233' title='bbox 470 2295 522 2333; x_wconf 93' lang='lat' dir='ltr'><strong>ut</strong></span> <span class='ocrx_word' id='word_1_234' title='bbox 553 2295 731 2334; x_wconf 90' lang='lat' dir='ltr'><strong>certum</strong></span> <span class='ocrx_word' id='word_1_235' title='bbox 766 2289 962 2350; x_wconf 90' lang='lat' dir='ltr'><strong>spatium</strong></span> <span class='ocrx_word' id='word_1_236' title='bbox 1003 2289 1049 2334; x_wconf 92' lang='lat' dir='ltr'><strong>in</strong></span> <span class='ocrx_word' id='word_1_237' title='bbox 1082 2289 1236 2335; x_wconf 87' lang='lat' dir='ltr'><strong>tunica</strong></span> <span class='ocrx_word' id='word_1_238' title='bbox 1279 2288 1476 2335; x_wconf 90' lang='lat' dir='ltr'><strong>ardente</strong></span> <span class='ocrx_word' id='word_1_239' title='bbox 1518 2289 1666 2335; x_wconf 87' lang='lat' dir='ltr'><strong>confi-</strong></span> 
     </span>
     <span class='ocr_line' id='line_1_31' title="bbox 16 2355 1666 2425; baseline 0.002 -22"><span class='ocrx_word' id='word_1_240' title='bbox 16 2362 218 2425; x_wconf 54' lang='lat' dir='ltr'><strong>acerent.</strong></span> <span class='ocrx_word' id='word_1_241' title='bbox 268 2355 366 2404; x_wconf 88' lang='lat' dir='ltr'><strong>Alii</strong></span> <span class='ocrx_word' id='word_1_242' title='bbox 397 2358 524 2405; x_wconf 92' lang='lat' dir='ltr'><strong>inter</strong></span> <span class='ocrx_word' id='word_1_243' title='bbox 552 2365 828 2405; x_wconf 90' lang='lat' dir='ltr'><strong>venatorum</strong></span> <span class='ocrx_word' id='word_1_244' title='bbox 859 2367 1049 2405; x_wconf 88' lang='lat' dir='ltr'><strong>taureas</strong></span> <span class='ocrx_word' id='word_1_245' title='bbox 1078 2359 1280 2422; x_wconf 89' lang='lat' dir='ltr'><strong>scapulis</strong></span> <span class='ocrx_word' id='word_1_246' title='bbox 1312 2360 1666 2422; x_wconf 85' lang='lat' dir='ltr'><strong>patientissimis</strong></span> 
     </span>
     <span class='ocr_line' id='line_1_32' title="bbox 18 2424 1665 2492; baseline 0 -18"><span class='ocrx_word' id='word_1_247' title='bbox 18 2424 455 2492; x_wconf 50' lang='lat' dir='ltr'><strong>vigambulaverunt.</strong></span> <span class='ocrx_word' id='word_1_248' title='bbox 499 2427 644 2486; x_wconf 87' lang='lat' dir='ltr'><strong>Haec,</strong></span> <span class='ocrx_word' id='word_1_249' title='bbox 671 2427 931 2486; x_wconf 83' lang='lat' dir='ltr'><strong>benedicti,</strong></span> <span class='ocrx_word' id='word_1_250' title='bbox 958 2446 1050 2475; x_wconf 91' lang='lat' dir='ltr'><strong>non</strong></span> <span class='ocrx_word' id='word_1_251' title='bbox 1068 2430 1168 2476; x_wconf 88' lang='lat' dir='ltr'><strong>sine</strong></span> <span class='ocrx_word' id='word_1_252' title='bbox 1188 2445 1356 2476; x_wconf 86' lang='lat' dir='ltr'><strong>caussa</strong></span> <span class='ocrx_word' id='word_1_253' title='bbox 1382 2428 1594 2475; x_wconf 92' lang='lat' dir='ltr'><strong>dominus</strong></span> <span class='ocrx_word' id='word_1_254' title='bbox 1619 2430 1665 2474; x_wconf 94' lang='lat' dir='ltr'><strong>in</strong></span> 
     </span>
     <span class='ocr_line' id='line_1_33' title="bbox 17 2496 1665 2560; baseline 0.001 -16"><span class='ocrx_word' id='word_1_255' title='bbox 17 2496 243 2560; x_wconf 57' lang='lat' dir='ltr'><strong>»sueinum</strong></span> <span class='ocrx_word' id='word_1_256' title='bbox 274 2496 484 2556; x_wconf 80' lang='lat' dir='ltr'><strong>admisit3</strong></span> <span class='ocrx_word' id='word_1_257' title='bbox 517 2497 600 2544; x_wconf 89' lang='lat' dir='ltr'><strong>sed</strong></span> <span class='ocrx_word' id='word_1_258' title='bbox 632 2496 691 2545; x_wconf 90' lang='lat' dir='ltr'><strong>ad</strong></span> <span class='ocrx_word' id='word_1_259' title='bbox 722 2515 807 2545; x_wconf 90' lang='lat' dir='ltr'><strong>nos</strong></span> <span class='ocrx_word' id='word_1_260' title='bbox 841 2507 887 2546; x_wconf 89' lang='lat' dir='ltr'><strong>et</strong></span> <span class='ocrx_word' id='word_1_261' title='bbox 919 2515 1040 2546; x_wconf 91' lang='lat' dir='ltr'><strong>nunc</strong></span> <span class='ocrx_word' id='word_1_262' title='bbox 1075 2498 1394 2546; x_wconf 87' lang='lat' dir='ltr'><strong>exhortandos</strong></span> <span class='ocrx_word' id='word_1_263' title='bbox 1427 2507 1475 2544; x_wconf 92' lang='lat' dir='ltr'><strong>et</strong></span> <span class='ocrx_word' id='word_1_264' title='bbox 1507 2500 1552 2544; x_wconf 91' lang='lat' dir='ltr'><strong>in</strong></span> <span class='ocrx_word' id='word_1_265' title='bbox 1586 2500 1665 2546; x_wconf 92' lang='lat' dir='ltr'><strong>illo</strong></span> 
     </span>
     <span class='ocr_line' id='line_1_34' title="bbox 17 2562 1665 2632; baseline -0.001 -15"><span class='ocrx_word' id='word_1_266' title='bbox 17 2562 115 2627; x_wconf 51' lang='lat' dir='ltr'><strong>dfe</strong></span> <span class='ocrx_word' id='word_1_267' title='bbox 146 2566 527 2626; x_wconf 80' lang='lat' dir='ltr'><strong>confundendos,</strong></span> <span class='ocrx_word' id='word_1_268' title='bbox 569 2569 607 2614; x_wconf 92' lang='lat' dir='ltr'><strong>si</strong></span> <span class='ocrx_word' id='word_1_269' title='bbox 640 2568 1103 2616; x_wconf 81' lang='lat' dir='ltr'><strong>reformidaverimus</strong></span> <span class='ocrx_word' id='word_1_270' title='bbox 1134 2570 1232 2632; x_wconf 87' lang='lat' dir='ltr'><strong>pati</strong></span> <span class='ocrx_word' id='word_1_271' title='bbox 1265 2585 1351 2632; x_wconf 91' lang='lat' dir='ltr'><strong>pro</strong></span> <span class='ocrx_word' id='word_1_272' title='bbox 1382 2570 1584 2616; x_wconf 85' lang='lat' dir='ltr'><strong>veritate</strong></span> <span class='ocrx_word' id='word_1_273' title='bbox 1620 2571 1665 2616; x_wconf 91' lang='lat' dir='ltr'><strong>in</strong></span> 
     </span>
     <span class='ocr_line' id='line_1_35' title="bbox 17 2634 1660 2705; baseline 0.002 -21"><span class='ocrx_word' id='word_1_274' title='bbox 17 2634 248 2705; x_wconf 45' lang='lat' dir='ltr'><strong>afflinem,</strong></span> <span class='ocrx_word' id='word_1_275' title='bbox 280 2654 400 2702; x_wconf 89' lang='lat' dir='ltr'><strong>quae</strong></span> <span class='ocrx_word' id='word_1_276' title='bbox 431 2639 509 2685; x_wconf 91' lang='lat' dir='ltr'><strong>alii</strong></span> <span class='ocrx_word' id='word_1_277' title='bbox 541 2638 884 2686; x_wconf 84' lang='lat' dir='ltr'><strong>affectaverunt</strong></span> <span class='ocrx_word' id='word_1_278' title='bbox 915 2656 1000 2703; x_wconf 93' lang='lat' dir='ltr'><strong>pro</strong></span> <span class='ocrx_word' id='word_1_279' title='bbox 1026 2641 1234 2686; x_wconf 84' lang='lat' dir='ltr'><strong>vanitate</strong></span> <span class='ocrx_word' id='word_1_280' title='bbox 1260 2640 1306 2685; x_wconf 93' lang='lat' dir='ltr'><strong>in</strong></span> <span class='ocrx_word' id='word_1_281' title='bbox 1330 2637 1660 2702; x_wconf 88' lang='lat' dir='ltr'><strong>perditionem.</strong></span> 
     </span>
    </p>

    <p class='ocr_par' dir='ltr' id='par_1_4' title="bbox 17 2704 1664 3195">
     <span class='ocr_line' id='line_1_36' title="bbox 68 2704 1664 2772; baseline -0.001 -14"><span class='ocrx_word' id='word_1_282' title='bbox 68 2704 87 2717; x_wconf 67' lang='grc'><strong><em>”</em></strong></span> <span class='ocrx_word' id='word_1_283' title='bbox 179 2711 230 2758; x_wconf 86' lang='grc'><strong>6.</strong></span> <span class='ocrx_word' id='word_1_284' title='bbox 273 2707 369 2756; x_wconf 90' lang='lat' dir='ltr'><strong>Sed</strong></span> <span class='ocrx_word' id='word_1_285' title='bbox 401 2709 519 2756; x_wconf 89' lang='lat' dir='ltr'><strong>haec</strong></span> <span class='ocrx_word' id='word_1_286' title='bbox 552 2709 765 2772; x_wconf 83' lang='lat' dir='ltr'><strong>exempla</strong></span> <span class='ocrx_word' id='word_1_287' title='bbox 806 2710 1102 2756; x_wconf 88' lang='lat' dir='ltr'><strong>constantiae</strong></span> <span class='ocrx_word' id='word_1_288' title='bbox 1144 2710 1409 2756; x_wconf 90' lang='lat' dir='ltr'><strong>omittamus</strong></span> <span class='ocrx_word' id='word_1_289' title='bbox 1450 2709 1507 2756; x_wconf 92' lang='lat' dir='ltr'><strong>de</strong></span> <span class='ocrx_word' id='word_1_290' title='bbox 1548 2710 1664 2757; x_wconf 84' lang='lat' dir='ltr'><strong>affe-</strong></span> 
     </span>
     <span class='ocr_line' id='line_1_37' title="bbox 18 2768 1664 2843; baseline 0.002 -19"><span class='ocrx_word' id='word_1_291' title='bbox 18 2768 245 2839; x_wconf 58' lang='lat' dir='ltr'><strong>1Qione</strong></span> <span class='ocrx_word' id='word_1_292' title='bbox 275 2780 527 2826; x_wconf 83' lang='lat' dir='ltr'><strong>venientis.</strong></span> <span class='ocrx_word' id='word_1_293' title='bbox 608 2779 950 2826; x_wconf 88' lang='lat' dir='ltr'><strong>Convertamur</strong></span> <span class='ocrx_word' id='word_1_294' title='bbox 988 2778 1049 2826; x_wconf 90' lang='lat' dir='ltr'><strong>ad</strong></span> <span class='ocrx_word' id='word_1_295' title='bbox 1080 2781 1224 2843; x_wconf 91' lang='lat' dir='ltr'><strong>ipsam</strong></span> <span class='ocrx_word' id='word_1_296' title='bbox 1258 2779 1547 2827; x_wconf 90' lang='lat' dir='ltr'><strong>conditionis</strong></span> <span class='ocrx_word' id='word_1_297' title='bbox 1579 2781 1664 2827; x_wconf 91' lang='lat' dir='ltr'><strong>hu-</strong></span> 
     </span>
     <span class='ocr_line' id='line_1_38' title="bbox 17 2844 1663 2914; baseline 0.002 -20"><span class='ocrx_word' id='word_1_298' title='bbox 17 2844 200 2912; x_wconf 41' lang='lat' dir='ltr'><strong>ussnnae</strong></span> <span class='ocrx_word' id='word_1_299' title='bbox 242 2850 708 2912; x_wconf 84' lang='lat' dir='ltr'><strong>contemplationem,</strong></span> <span class='ocrx_word' id='word_1_300' title='bbox 763 2858 812 2896; x_wconf 94' lang='lat' dir='ltr'><strong>ut</strong></span> <span class='ocrx_word' id='word_1_301' title='bbox 857 2858 906 2896; x_wconf 92' lang='lat' dir='ltr'><strong>et</strong></span> <span class='ocrx_word' id='word_1_302' title='bbox 943 2849 1023 2895; x_wconf 92' lang='lat' dir='ltr'><strong>illa</strong></span> <span class='ocrx_word' id='word_1_303' title='bbox 1062 2865 1146 2896; x_wconf 93' lang='lat' dir='ltr'><strong>nos</strong></span> <span class='ocrx_word' id='word_1_304' title='bbox 1185 2851 1441 2908; x_wconf 87' lang='lat' dir='ltr'><strong>instruant,</strong></span> <span class='ocrx_word' id='word_1_305' title='bbox 1494 2852 1533 2897; x_wconf 93' lang='lat' dir='ltr'><strong>si</strong></span> <span class='ocrx_word' id='word_1_306' title='bbox 1574 2867 1663 2914; x_wconf 91' lang='lat' dir='ltr'><strong>qua</strong></span> 
     </span>
     <span class='ocr_line' id='line_1_39' title="bbox 17 2909 1662 2990; baseline 0.002 -26"><span class='ocrx_word' id='word_1_307' title='bbox 17 2909 311 2990; x_wconf 47' lang='lat' dir='ltr'><strong>*Qtanter</strong></span> <span class='ocrx_word' id='word_1_308' title='bbox 340 2917 554 2966; x_wconf 86' lang='lat' dir='ltr'><strong>adeunda</strong></span> <span class='ocrx_word' id='word_1_309' title='bbox 586 2920 699 2978; x_wconf 88' lang='lat' dir='ltr'><strong>sint,</strong></span> <span class='ocrx_word' id='word_1_310' title='bbox 741 2936 860 2983; x_wconf 83' lang='lat' dir='ltr'><strong>quae</strong></span> <span class='ocrx_word' id='word_1_311' title='bbox 894 2928 943 2966; x_wconf 90' lang='lat' dir='ltr'><strong>et</strong></span> <span class='ocrx_word' id='word_1_312' title='bbox 972 2920 1131 2967; x_wconf 88' lang='lat' dir='ltr'><strong>invitis</strong></span> <span class='ocrx_word' id='word_1_313' title='bbox 1164 2922 1357 2968; x_wconf 87' lang='lat' dir='ltr'><strong>evenire</strong></span> <span class='ocrx_word' id='word_1_314' title='bbox 1398 2937 1662 2968; x_wconf 89' lang='lat' dir='ltr'><strong>consueve-</strong></span> 
     </span>
     <span class='ocr_line' id='line_1_40' title="bbox 102 2988 1662 3055; baseline 0.002 -20.907"><span class='ocrx_word' id='word_1_315' title='bbox 102 2990 163 3050; x_wconf 67' lang='lat' dir='ltr'><strong>st.</strong></span> <span class='ocrx_word' id='word_1_316' title='bbox 233 2988 460 3047; x_wconf 85' lang='lat' dir='ltr'><strong>Quotiens</strong></span> <span class='ocrx_word' id='word_1_317' title='bbox 485 2991 607 3037; x_wconf 91' lang='lat' dir='ltr'><strong>enim</strong></span> <span class='ocrx_word' id='word_1_318' title='bbox 630 2989 850 3038; x_wconf 90' lang='lat' dir='ltr'><strong>incendia</strong></span> <span class='ocrx_word' id='word_1_319' title='bbox 875 2991 1004 3037; x_wconf 93' lang='lat' dir='ltr'><strong>vivos</strong></span> <span class='ocrx_word' id='word_1_320' title='bbox 1030 2993 1388 3038; x_wconf 77' lang='lat' dir='ltr'><strong>cremaverunt?</strong></span> <span class='ocrx_word' id='word_1_321' title='bbox 1442 2992 1662 3055; x_wconf 87' lang='lat' dir='ltr'><strong>quotiens</strong></span> 
     </span>
     <span class='ocr_line' id='line_1_41' title="bbox 142 3058 1660 3124; baseline 0.001 -19.898"><span class='ocrx_word' id='word_1_322' title='bbox 142 3072 169 3105; x_wconf 81' lang='lat' dir='ltr'><strong>e</strong></span> <span class='ocrx_word' id='word_1_323' title='bbox 202 3067 250 3119; x_wconf 73' lang='lat' dir='ltr'><strong>et</strong></span> <span class='ocrx_word' id='word_1_324' title='bbox 279 3060 326 3104; x_wconf 93' lang='lat' dir='ltr'><strong>in</strong></span> <span class='ocrx_word' id='word_1_325' title='bbox 358 3059 484 3105; x_wconf 87' lang='lat' dir='ltr'><strong>silvis</strong></span> <span class='ocrx_word' id='word_1_326' title='bbox 515 3060 610 3106; x_wconf 92' lang='lat' dir='ltr'><strong>suis</strong></span> <span class='ocrx_word' id='word_1_327' title='bbox 642 3069 691 3108; x_wconf 88' lang='lat' dir='ltr'><strong>et</strong></span> <span class='ocrx_word' id='word_1_328' title='bbox 721 3062 767 3107; x_wconf 90' lang='lat' dir='ltr'><strong>in</strong></span> <span class='ocrx_word' id='word_1_329' title='bbox 791 3058 957 3107; x_wconf 90' lang='lat' dir='ltr'><strong>mediis</strong></span> <span class='ocrx_word' id='word_1_330' title='bbox 982 3061 1251 3108; x_wconf 86' lang='lat' dir='ltr'><strong>civitatibus</strong></span> <span class='ocrx_word' id='word_1_331' title='bbox 1277 3061 1465 3124; x_wconf 86' lang='lat' dir='ltr'><strong>elapsae</strong></span> <span class='ocrx_word' id='word_1_332' title='bbox 1499 3062 1660 3107; x_wconf 88' lang='lat' dir='ltr'><strong>caveis</strong></span> 
     </span>
     <span class='ocr_line' id='line_1_42' title="bbox 282 3128 1659 3195; baseline 0.001 -20.708"><span class='ocrx_word' id='word_1_333' title='bbox 282 3128 659 3177; x_wconf 80' lang='lat' dir='ltr'><strong>devoraverunt?</strong></span> <span class='ocrx_word' id='word_1_334' title='bbox 693 3140 807 3195; x_wconf 90' lang='lat' dir='ltr'><strong>quot</strong></span> <span class='ocrx_word' id='word_1_335' title='bbox 837 3148 863 3178; x_wconf 91' lang='lat' dir='ltr'><strong>a</strong></span> <span class='ocrx_word' id='word_1_336' title='bbox 895 3130 1153 3178; x_wconf 88' lang='lat' dir='ltr'><strong>latronibus</strong></span> <span class='ocrx_word' id='word_1_337' title='bbox 1179 3133 1332 3189; x_wconf 83' lang='lat' dir='ltr'><strong>ferro,</strong></span> <span class='ocrx_word' id='word_1_338' title='bbox 1365 3131 1422 3178; x_wconf 88' lang='lat' dir='ltr'><strong>ab</strong></span> <span class='ocrx_word' id='word_1_339' title='bbox 1449 3130 1659 3179; x_wconf 88' lang='lat' dir='ltr'><strong>hostibus</strong></span> 
     </span>
    </p>
   </div>
   <div class='ocr_carea' id='block_1_3' title="bbox 34 3030 145 3554">
    <p class='ocr_par' dir='ltr' id='par_1_5' title="bbox 34 3030 145 3554">
     <span class='ocr_line' id='line_1_43' title="bbox 34 3030 145 3554; baseline 0 -397"><span class='ocrx_word' id='word_1_340' title='bbox 34 3030 145 3554; x_wconf 95' lang='lat' dir='ltr'><strong>   </strong></span> 
     </span>
    </p>
   </div>
  </div>
 </body>
</html>
