1942 3554
1766 135 1804 149 e*

297 164 377 219 58
815 162 1395 209 Aronoess'rxctfs.

299 309 450 366 culto,
498 322 617 372 quae
655 323 739 355 vos
777 306 1000 355 adversus
1032 308 1247 366 formam,
1294 306 1519 356 adversus
1547 316 1760 356 naturam
1789 296 1889 358 iudi
1912 308 1926 342 >³

298 377 460 436 candi,
515 386 680 425 contra
723 378 848 442 ipsas
894 390 1079 460 quoque
1125 378 1256 442 leges
1299 378 1547 426 ministret.
1632 376 1743 427 Nisi
1787 377 1933 429 ειιὶίί,

298 449 457 506 fallor,
499 448 639 515 leges
678 447 824 495 malos
864 449 964 496 erui
1003 447 1184 506 iubent,
1231 462 1324 496 non
1361 446 1615 508 abscondi,
1663 449 1897 497 confess
1895 444 1929 485 ’ζ’

297 510 507 566 damnari
538 517 887 581 praescribunt,
934 533 1026 565 non
1064 518 1264 566 absolvi.
1342 518 1444 566 Hoc
1485 518 1920 587 ειειιαῒιιςιέιιιιείιὶῑᾗ,μ

297 589 387 636 hoc
417 588 678 652 principum
708 586 920 636 mandata
952 587 1197 647 definiunt,
1237 587 1329 636 boc
1358 589 1623 652 imperium,
1666 588 1796 636 euius
1824 588 1935 642 mi>

297 659 430 705 nistri
462 658 591 706 estis.
662 657 844 716 Civilis,
892 674 984 705 non
1014 659 1262 723 tyrannica
1294 657 1547 716 dominatio
1579 657 1780 720 [vestra]
1816 657 1928 707 esest

295 727 434 792 Apud
463 737 689 792 tyrannos
721 729 843 775 enim
874 735 1106 776 tormenta
1138 730 1275 776 etiam
1306 742 1391 792 pro
1422 738 1579 791 'poena
1608 724 1937 781 adhibentur-⁷

295 797 416 861 apud
453 813 538 845 vos
577 798 664 845 soli
704 799 966 862 quaestioni
1003 805 1335 862 temperantur.
1417 797 1634 845 Vestram
1671 797 1763 846 illis
1809 802 1938 853 ser,-

294 874 401 915 vate
450 869 603 931 legem
647 879 793 932 usque
839 867 897 916 ad
945 869 1314 927 confessione-1113
1369 875 1418 915 ct
1461 867 1499 914 si
1516 866 1561 929 1)
1607 863 1930 926 confessione„

294 939 684 1001 praeveniantur,
718 938 969 985 vacabunt.
1034 933 1280 986 Sententia
1313 951 1428 1001 opus
1461 944 1555 996 est3
1603 936 1762 985 debito
1794 932 1932 1001 [ποθ’-ᾗς

294 1019 381 1055 nae
428 1021 606 1055 nocens
654 1007 990 1072 expungendus
1038 1017 1130 1067 est,
1185 1025 1276 1055 non
1323 1006 1612 1055 eximendus.
1677 1005 1933 1111 Deniqne{j

294 1078 422 1124 illum
454 1094 590 1125 nemo
622 1079 768 1141 gestit
798 1078 1069 1137 absolvet-eg
1106 1095 1198 1124 non
1233 1078 1345 1126 licet
1374 1077 1466 1125 hoc
1496 1076 1644 1136 velle3
1676 1075 1785 1126 ideo
1817 1089 1930 1135 nee?

294 1149 482 1211 cogitur
527 1149 764 1212 quisquam
812 1161 1006 1211 negare.
1086 1144 1395 1195 Christianum
1433 1147 1666 1195 hominem
1705 1131 1932 1229 omniumg

292 1217 525 1265 scelerum
556 1230 709 1275 reum,
752 1216 966 1298 deorum,
1000 1218 1354 1280 imperatorum,
1388 1217 1566 1283 legum,
1596 1231 1793 1276 morum,
1826 1213 1924 1275 na‘d}

291 1295 425 1334 turae
465 1288 608 1334 totius
648 1288 882 1334 inimicum
923 1288 1182 1345 existimas,
1230 1296 1278 1335 et
1316 1287 1448 1351 cogis
1485 1298 1685 1351 negare,
1731 1295 1783 1334 ut
1826 1276 1928 1341 :ab-³}-

291 1357 471 1415 solvas,
514 1371 649 1422 quem
680 1373 772 1405 nou
803 1359 981 1421 poteris
1020 1358 1289 1415 absolvere,
1329 1357 1417 1404 nisi
1447 1356 1709 1420 negaverit.
1763 1339 1922 1413 Prae-f

288 1429 513 1475 varicaris
552 1429 598 1474 in
637 1429 785 1491 leges.
859 1427 944 1474 Vis
984 1443 1101 1491 ergo
1132 1435 1278 1490 neget
1314 1442 1366 1474 se
1398 1434 1668 1487 nocentem,
1714 1436 1765 1474 ut
1802 1429 1926 1488 cunr,

289 1497 436 1544 facias
468 1498 791 1554 innocentem,
847 1506 895 1544 et
934 1497 1117 1561 quidem
1156 1497 1346 1544 invitum
1387 1495 1507 1555 iam,
1555 1510 1645 1545 nec
1678 1494 1735 1545 de
1766 1498 1927 1560 prae-‘g

288 1568 431 1614 terito
478 1576 627 1614 reum.
707 1565 840 1614 Unde
886 1568 977 1613 ista
1015 1568 1332 1629 perversitas?
1378 1575 1429 1613 ut
1474 1567 1613 1614 etiam
1652 1564 1767 1614 illud
1811 1579 1908 1614 non

288 1636 590 1699 recogitetis,
632 1645 799 1699 sponte
834 1638 1054 1684 confesso
1086 1637 1233 1700 magis
1266 1635 1551 1683 credendum
1592 1648 1719 1695 esse,
1769 1627 1929 1702 quant}

288 1717 374 1770 per
408 1707 499 1752 vim
537 1708 753 1769 neganti3
811 1707 884 1753 vel
923 1722 981 1753 ne
1023 1707 1287 1770 compulsus
1326 1719 1544 1769 negare,
1573 1718 1665 1753 non
1705 1718 1766 1754 ex
1810 1706 1926 1763 fidog

288 1777 499 1839 negarit,
544 1781 591 1823 et
622 1775 860 1822 absolutus
892 1775 1063 1822 ibidem
1096 1786 1202 1839 post
1238 1776 1441 1823 tribunal
1472 1775 1530 1823 de
1560 1784 1720 1824 vestra
1749 1775 1922 1842 rideatss}

288 1846 625 1903 aemulatione,
671 1847 838 1893 iterum
880 1845 1189 1893 Christianus.
1268 1846 1382 1893 Cum
1420 1846 1566 1910 igitur
1602 1847 1648 1893 in
1687 1843 1920 1895 omnibus¹>

286 1926 371 1962 nos
411 1912 549 1963 aliter
587 1915 863 1979 disponatis,
919 1932 1050 1979 quam
1092 1924 1280 1964 ceteros
1323 1923 1550 1963 nocentes
1566 1917 1637 1974 ²),
1685 1914 1734 1963 id
1762 1930 1926 1965 unum:-

287 1984 643 2042 contendendo,
698 1993 749 2031 ut
794 1985 851 2032 de
899 2001 955 2031 eo
1004 1987 1189 2032 nomine
1237 1984 1540 2033 excludamur
1582 1982 1910 2049 (excludimur

285 2056 428 2112 enim,
469 2056 509 2101 sl
541 2053 758 2112 facimus,
799 2068 916 2118 quae
950 2056 1126 2102 faciunt
1158 2067 1247 2102 non
1282 2055 1579 2116 Christiani),
1626 2055 1898 2121 intelligere

283 2125 483 2188 potestis
529 2135 621 2171 non
667 2126 819 2172 scelus
865 2124 1053 2188 aliquod
1097 2126 1141 2171 in
1190 2140 1355 2172 caussa
1401 2140 1528 2183 esse,
1583 2125 1668 2173 sed
1713 2137 1896 2186 nomen,

284 2194 407 2258 quod
455 2193 678 2258 quaedam
724 2196 844 2241 ratio
885 2195 1094 2241 aemulae
1135 2195 1423 2258 operationis
1466 2195 1751 2260 insequitur,
1805 2196 1897 2245 hoc

282 2265 477 2328 primum
508 2275 676 2328 agens,
717 2274 767 2311 ut
797 2265 1008 2312 homines
1039 2265 1188 2311 nolint
1218 2266 1341 2312 scire
1373 2278 1458 2328 pro
1492 2274 1648 2324 certo,
1689 2266 1814 2330 quod
1844 2281 1897 2315 se

282 2335 474 2382 nescire
507 2346 592 2398 pro
626 2344 759 2382 certo
792 2335 960 2381 sciunt.
1036 2334 1148 2382 Ideo
1190 2344 1238 2381 et
1276 2334 1474 2383 credunt
1507 2333 1570 2384 de
1611 2334 1745 2383 nobis
1777 2351 1922 2400 quae

282 2417 375 2451 non
406 2404 685 2468 probantur,
741 2413 789 2451 ct
818 2405 980 2451 nolunt
1010 2405 1203 2469 inquiri,
1257 2421 1314 2453 ne
1345 2405 1604 2469 probentur
1639 2420 1734 2453 non
1773 2411 1922 2465 esses}

282 2487 402 2537 quae
433 2475 607 2522 malunt
646 2473 776 2522 credi
817 2485 947 2532 esse,
1002 2485 1052 2522 ut
1090 2489 1257 2523 nomen
1295 2476 1417 2524 illius
1455 2476 1665 2524 aemulae
1696 2477 1907 2524 rationis·

280 2545 543 2603 inimicum,
598 2546 929 2608 praesumptis,
983 2559 1072 2592 ιιοιι
1113 2545 1322 2609 probatis
1367 2546 1658 2604 criminibus,
1706 2544 1763 2593 de
1810 2556 1915 2593 sua>

281 2614 382 2660 sola
414 2615 722 2662 confessione
747 2613 1005 2662 damnetur.
1067 2614 1180 2664 Ideo
1213 2625 1487 2680 torquemur
1516 2612 1810 2674 confitentes,
1845 2623 1894 2663 et

281 2684 493 2746 punimur
530 2694 914 2747 perseverantes,
961 2695 1008 2733 et
1045 2685 1327 2733 absolvimur
1364 2692 1612 2749 neganteS,
1662 2684 1767 2750 quia
1806 2700 1891 2732 no-

279 2755 412 2800 minis
443 2756 673 2818 proelium
705 2764 793 2803 est.
843 2756 1058 2820 Denique
1091 2755 1199 2820 quid
1230 2755 1288 2803 de
1321 2756 1491 2804 tabella
1523 2756 1734 2804 recitatis
1764 2755 1889 2803 illum

391 2951 435 2999 1)
466 2951 529 2988 Al.
560 2951 620 2989 ad
650 2954 782 2991 conf.
818 2954 1190 3000 necessariam;
1224 2956 1273 2991 et
1304 2954 1399 2990 iam
1429 2954 1473 2990 si
1503 2954 1638 2991 conf.
1669 2954 1747 2990 etc.

391 3007 435 3055 2)
467 3007 629 3046 semler
651 3009 825 3056 aliique:
856 3010 907 3046 in
936 3021 1026 3048 nos
1059 3010 1218 3047 aliter
1250 3009 1536 3057 disponitis
1567 3008 1717 3058 (Rben.
1745 3007 1886 3056 dispo-

277 3060 430 3115 natis),
462 3072 606 3111 quam
635 3065 686 3102 in
720 3066 811 3104 cet.
882 3065 962 3103 Sed
991 3066 1149 3104 tuenda
1178 3069 1244 3103 est
1274 3066 1484 3114 scriptura
1515 3063 1606 3105 cod.
1630 3064 1770 3111 Fuld.,
1816 3073 1887 3101 re-

276 3120 455 3168 spondet
484 3121 594 3158 enim
626 3133 715 3159 voc.
747 3122 1023 3169 disponere
1055 3134 1115 3171 gr.
1146 3119 1444 3160 διατίθεσθαι.
1908 3135 1915 3152 ²-
