1942 3554
330 173 445 222 168
777 169 865 211 An
900 173 1274 212 NA'rloNEs
1318 173 1445 210 mn.
1473 174 1526 211 11.
1593 151 1602 155 X

329 313 494 369 bebat,
534 319 941 374 repraesentaret,
974 328 1061 358 una
1095 327 1229 357 manu
1262 311 1478 359 Herculis
1519 313 1727 371 nomine,
1768 314 1858 361 alia
1888 312 1942 369 esi

332 399 416 428 sua
447 396 645 444 persona
671 381 817 427 lusum
843 381 1008 438 inisse,
1042 382 1079 428 si
1105 382 1205 444 ipse
1228 382 1446 439 vicisset,
1480 383 1723 429 coenulam
1748 391 1796 429 et
1818 375 1942 446 scot}

331 452 474 499 tulum
506 466 566 497 ex
597 450 831 513 stipitibus
863 450 1080 497 Herculis
1113 460 1343 511 sumeret3
1385 452 1424 498 si
1455 467 1572 499 vero
1605 452 1855 511 Hercules,
1896 452 1942 510 ist

333 530 405 570 est
435 537 593 568 manus
625 521 799 577 altera,
845 519 1007 567 eadem
1048 521 1238 567 Herculi
1278 521 1539 569 exhiberet.
1622 522 1752 570 Vicit
1791 524 1918 572 mam*

332 591 564 639 Herculis.
627 590 700 654 (Id
734 606 918 654 quoque
949 592 1102 653 potuit
1132 589 1380 638 duodecim
1404 592 1550 638 titulis
1576 593 1676 639 eius
1693 530 1942 673 ‘adscribig

333 661 561 709 Aedituus
580 677 774 708 coenam
796 661 988 707 Herculi
1014 660 1256 724 dependit,
1291 670 1494 709 scortum
1512 660 1810 709 Larentinam
1837 660 1942 714 coflq*

333 732 484 779 ducit:
533 740 703 778 coenat
732 731 878 794 ignis,
920 731 997 795 qui
1032 730 1137 788 Sol,
1186 740 1232 779 et
1263 732 1410 794 ipsius
1443 731 1659 778 Herculis
1691 748 1747 780 co
1754 766 1868 781 .......
1873 729 1942 787 iffi

332 819 413 850 ara
453 802 753 865 consumpsit.
828 800 1083 849 Larentina
1121 802 1167 847 in
1205 800 1324 849 aede
1366 801 1466 848 sola
1505 799 1721 850 dormit..
1735 801 1840 850 d..e
1880 796 1942 853 l&

330 874 474 919 nonio
509 871 617 919 ludo
658 855 841 918 iactitat
879 887 929 918 se
970 872 1159 918 somniis
1200 871 1395 918 Herculi
1436 871 1663 930 functam,
1705 881 1754 919 et
1782 856 1942 940 potuQ

334 942 438 990 dnm
470 944 623 989 animo
657 942 1022 1005 contemplatur,
1063 942 1243 988 somnio
1274 943 1384 1004 pati.
1450 940 1562 988 Eam
1597 940 1654 989 de
1687 941 1806 989 aede
1837 942 1942 1015 pr&-

333 1012 630 1076 gredientem
669 1028 803 1059 mane
843 1013 992 1074 primo
1035 1011 1217 1074 quidam
1258 1010 1560 1068 adolescenS,
1616 1013 1781 1058 tertius
1829 1001 1942 1135 qut?

331 1085 461 1130 aiunt
486 1083 713 1128 Hercules
753 1082 1070 1144 concupiscit,
1103 1081 1161 1128 ad
1186 1097 1236 1128 se
1249 1115 1592 1131 ....................
1606 1097 1627 1127 s
1640 1115 1937 1130 .................

330 1152 376 1199 id
397 1152 566 1199 dictum
586 1152 673 1198 Slbl
693 1151 749 1198 ab
770 1150 999 1208 Hercule,
1024 1152 1184 1214 utique
1205 1185 1569 1197 .....................
1590 1160 1802 1198 ceantur.
1841 1138 1936 1202 Nem

333 1223 454 1269 enim
487 1223 672 1284 impune
707 1222 817 1267 licui
835 1254 1391 1268 ................................
1421 1219 1523 1266 dem
1552 1236 1736 1284 quoque
1761 1221 1934 1285 scribit

333 1309 440 1339 mox
473 1292 550 1338 illa
580 1308 696 1355 prop
732 1325 1172 1338 .........................
1212 1306 1301 1352 per
1339 1290 1588 1338 Herculem
1635 1291 1789 1338 fuerat
1825 1291 1931 1347 iust-

333 1372 461 1420 cuta‚
507 1379 674 1424 agrum
711 1394 1174 1409 .....................
1211 1359 1499 1408 divinitatem
1541 1369 1589 1408 ct
1625 1360 1807 1408 filiabus
1838 1357 1939 1415 susa

332 1450 444 1497 quas
489 1441 540 1479 ut
584 1433 705 1494 ipsas
752 1432 779 1478 h
795 1465 1311 1479 .......................
1370 1429 1490 1477 dium
1545 1447 1573 1478 a
1618 1430 1934 1505 Larentiniassn'

330 1503 643 1550 Romanorum
683 1502 868 1548 numina
908 1500 1036 1564 digni
1078 1535 1316 1549 ...........
1363 1501 1466 1548 sola
1506 1500 1563 1548 de
1609 1510 1682 1548 tot
1725 1483 1938 1556 11310ιί1ιῇ

332 1573 525 1620 Herculi
558 1588 690 1629 cara,
731 1573 831 1618 sola
865 1573 984 1618 enim
1018 1570 1147 1618 dives
1184 1605 1512 1618 ...............
1529 1587 1585 1617 or
1617 1572 1796 1620 Cerere
1829 1568 1925 1636 qui·

328 1652 512 1690 mortuo
559 1643 750 1705 placuit.
839 1641 930 1687 Tot
975 1642 1202 1705 exemplis
1245 1649 1294 1688 et
1330 1658 1388 1688 vo
1404 1675 1675 1689 ............
1719 1643 1820 1706 quis
1858 1654 1942 1691 n'o

330 1712 445 1761 deus
478 1712 694 1760 affirmari
735 1713 915 1774 potuit?
960 1711 1071 1769 Quis
1105 1710 1305 1775 denique
1337 1710 1547 1758 Antinoo
1580 1713 1942 1771 controversiam

330 1782 583 1830 divinitatis
608 1783 825 1845 agitavit,
860 1781 983 1845 quod
1010 1780 1234 1828 decorior
1259 1780 1554 1846 Ganymedes
1579 1790 1659 1829 aut
1683 1783 1841 1829 carior
1863 1776 1942 1829 sum

328 1854 525 1900 amatori
659 1854 735 1914 1)?
765 1850 903 1915 Apud
933 1869 1017 1899 vos
1048 1852 1243 1899 mortuis
1276 1852 1483 1910 coelum,
1523 1853 1644 1899 viam
1691 1851 1748 1899 ab
1787 1852 1942 1900 infe&

328 1922 386 1970 ad
426 1932 550 1970 astra
590 1922 839 1986 subigitur.
919 1922 1030 1970 Pass
1046 1957 1185 1971 .......
1201 1931 1249 1969 ta
1286 1921 1564 1970 ascendunt.
1648 1921 1722 1970 Ne
1761 1923 1942 1971 multum

326 1994 500 2057 putetis
530 2010 615 2040 vos
648 2002 894 2055 praestare
926 1992 1118 2056 regibus
1149 1994 1336 2040 vestris.

473 2064 555 2114 11.
606 2063 713 2110 Non
749 2064 958 2109 contenti
994 2079 1076 2110 eos
1102 2062 1217 2111 deos
1241 2078 1540 2120 asseverare,
1575 2064 1652 2127 qui
1681 2063 1771 2111 visi
1802 2060 1906 2110 reti·
1929 2075 1942 2109 ι

329 2133 472 2182 auditi
510 2134 886 2196 contrectatique
919 2142 1051 2191 sunt,
1095 2150 1287 2196 quorum
1329 2132 1508 2197 effigies
1541 2131 1832 2196 descriptae,
1864 2148 1942 2195 ιιι
1926 2143 1942 2178 ι·

330 2206 460 2267 gotia
494 2203 704 2266 digesta,
741 2204 965 2250 memoria
994 2212 1279 2284 propagata,
1319 2203 1506 2250 umlnas
1538 2204 1701 2251 nescio
1734 2219 1848 2268 quas
1873 2203 1902 2253 ii
1931 2198 1942 2205 ”

330 2274 628 2337 corporales,
655 2273 951 2330 inanimales,
980 2282 1027 2320 et
1052 2275 1237 2319 nomina
1263 2272 1321 2319 de
1345 2272 1487 2320 rebus
1513 2273 1783 2336 efflagitant,
1811 2267 1899 2321 deb
1931 2270 1934 2272 ’

329 2360 417 2408 que
464 2345 700 2399 sanciunt,
758 2342 1022 2390 dividentes
1071 2358 1250 2390 omnem
1299 2351 1464 2390 statum
1506 2343 1704 2390 hominis
1751 2343 1898 2407 singul

327 2414 636 2479 potestatibus
668 2414 724 2461 ab
757 2415 858 2477 ipso
887 2412 1071 2477 quidem
1101 2414 1222 2460 uteri
1257 2421 1512 2476 conceptu,
1546 2422 1595 2459 ut
1620 2414 1658 2460 si
1685 2412 1799 2460 deus
1825 2409 1905 2470 Gor·

329 2487 485 2533 sevius
518 2483 724 2549 quidam,
767 2484 844 2548 qui
878 2483 1226 2531 consationibus
1265 2483 1638 2532 concubitalibus
1667 2484 1882 2547 praesit(

327 2555 576 2613 Fluviona,
616 2570 734 2619 quae
787 2555 1008 2602 infantem
1063 2555 1109 2600 in
1148 2563 1282 2602 utero
1327 2588 1496 2602 ........
1538 2554 1646 2601 hinc
1685 2553 1916 2609 Vitumm

329 2635 376 2673 et
395 2625 643 2683 Sentinus,
676 2641 762 2706 per
793 2641 928 2690 quem
950 2625 1146 2672 viviscat
1177 2625 1327 2670 infans
1353 2633 1401 2671 et
1432 2625 1604 2672 sentiat
1614 2659 1739 2672 ......
1728 2622 1881 2671 ·ᾶο1ιῖ

328 2696 592 2759 Diespiter,
621 2697 697 2759 qui
723 2711 915 2760 puerum
943 2693 1169 2759 perducat
1192 2694 1249 2741 ad
1274 2704 1471 2758 partum.
1509 2694 1622 2742 Cum
1639 2695 1787 2758 prin..

329 2775 377 2813 et
424 2766 746 2823 Candelifera,
809 2766 1022 2830 quoniam
1075 2764 1133 2812 ad
1186 2764 1412 2813 candelae
1466 2765 1635 2812 lumina
1686 2726 1886 2828 pariebal
1911 2766 1914 2768 ’

329 2845 378 2884 et
417 2852 533 2899 quae
570 2870 1155 2885 ..........................
1170 2852 1222 2882 us
1269 2834 1442 2883 dictae.
1535 2835 1766 2882 Perverse
1813 2841 1882 2882 nat

444 2963 487 3008 1)
522 2963 804 3002 Gothofredus
820 2965 896 3002 has
916 2965 1091 3002 lacunas
1109 2964 1168 3001 sic
1187 2963 1393 3010 explevit:
1425 2962 1649 3001 amatori
1679 2960 1872 3006 fuerit?

329 3020 594 3067 subigitis.
625 3021 820 3058 Passim
854 3020 947 3059 alii
977 3020 1054 3058 ita
1085 3019 1395 3062 ascendunt,
1453 3020 1632 3056 flavere.
1658 3018 1710 3055 ad
1732 3017 1851 3065 Apol.
1903 3060 1907 3062 V

328 3076 591 3114 amatori?
632 3077 784 3115 Patet
815 3077 945 3126 apud
976 3088 1062 3115 vos
1097 3098 1135 3105 —-
1187 3076 1447 3124 subigitis.
1521 3073 1716 3112 Passim
1761 3075 1833 3110 ita
1861 3084 1874 3108 ι

328 3133 497 3170 tamiti
526 3133 831 3171 ascendunt.
