<?xml version="1.0" encoding="UTF-8"?>
<!DOCTYPE html PUBLIC "-//W3C//DTD XHTML 1.0 Transitional//EN"
    "http://www.w3.org/TR/xhtml1/DTD/xhtml1-transitional.dtd">
<html xmlns="http://www.w3.org/1999/xhtml" xml:lang="en" lang="en">
 <head>
  <title>
</title>
<meta http-equiv="Content-Type" content="text/html;charset=utf-8" />
  <meta name='ocr-system' content='tesseract 3.04.00' />
  <meta name='ocr-capabilities' content='ocr_page ocr_carea ocr_par ocr_line ocrx_word'/>
</head>
<body>
  <div class='ocr_page' id='page_1' title='image "./operatert12tertuoft_0154.png"; bbox 0 0 1942 3554; ppageno 0'>
   <div class='ocr_carea' id='block_1_1' title="bbox 269 164 1459 215">
    <p class='ocr_par' dir='ltr' id='par_1_1' title="bbox 269 164 1459 215">
     <span class='ocr_line' id='line_1_1' title="bbox 269 164 1459 215; baseline -0.009 0"><span class='ocrx_word' id='word_1_1' title='bbox 269 164 380 215; x_wconf 76' lang='lat'><strong>142</strong></span> <span class='ocrx_word' id='word_1_2' title='bbox 709 166 797 204; x_wconf 82' lang='lat' dir='ltr'><strong>An</strong></span> <span class='ocrx_word' id='word_1_3' title='bbox 841 167 1220 205; x_wconf 75' lang='lat' dir='ltr'><strong>NA&#39;rioNEs</strong></span> <span class='ocrx_word' id='word_1_4' title='bbox 1266 167 1459 205; x_wconf 82' lang='lat' dir='ltr'><strong>L1131.</strong></span> 
     </span>
    </p>
   </div>
   <div class='ocr_carea' id='block_1_2' title="bbox 267 300 1935 2983">
    <p class='ocr_par' dir='ltr' id='par_1_2' title="bbox 267 300 1935 2983">
     <span class='ocr_line' id='line_1_2' title="bbox 267 300 1930 372; baseline -0.001 -15"><span class='ocrx_word' id='word_1_5' title='bbox 267 308 496 365; x_wconf 86' lang='lat' dir='ltr'><strong>nihilest,</strong></span> <span class='ocrx_word' id='word_1_6' title='bbox 529 306 643 353; x_wconf 88' lang='lat' dir='ltr'>nihil</span> <span class='ocrx_word' id='word_1_7' title='bbox 668 308 856 369; x_wconf 88' lang='lat' dir='ltr'><strong>patitur.</strong></span> <span class='ocrx_word' id='word_1_8' title='bbox 906 307 1056 370; x_wconf 80' lang='lat' dir='ltr'>Igitur</span> <span class='ocrx_word' id='word_1_9' title='bbox 1074 306 1239 370; x_wconf 91' lang='lat' dir='ltr'><strong>quibus</strong></span> <span class='ocrx_word' id='word_1_10' title='bbox 1266 315 1360 365; x_wconf 90' lang='lat' dir='ltr'><strong>est,</strong></span> <span class='ocrx_word' id='word_1_11' title='bbox 1393 304 1451 354; x_wconf 89' lang='lat' dir='ltr'><strong>ab</strong></span> <span class='ocrx_word' id='word_1_12' title='bbox 1484 306 1554 354; x_wconf 90' lang='lat' dir='ltr'><strong>eis</strong></span> <span class='ocrx_word' id='word_1_13' title='bbox 1584 307 1789 372; x_wconf 82' lang='lat' dir='ltr'><strong>patiatur</strong></span> <span class='ocrx_word' id='word_1_14' title='bbox 1818 300 1930 370; x_wconf 51' lang='lat' dir='ltr'><strong>ne-&#39;f</strong></span> 
     </span>
     <span class='ocr_line' id='line_1_3' title="bbox 270 375 1928 440; baseline 0.001 -14"><span class='ocrx_word' id='word_1_15' title='bbox 270 394 407 427; x_wconf 89' lang='lat' dir='ltr'><strong>cesse</strong></span> <span class='ocrx_word' id='word_1_16' title='bbox 426 392 549 425; x_wconf 87' lang='lat' dir='ltr'><strong>esse.</strong></span> <span class='ocrx_word' id='word_1_17' title='bbox 589 377 693 435; x_wconf 82' lang='lat' dir='ltr'><strong>Quo</strong></span> <span class='ocrx_word' id='word_1_18' title='bbox 719 379 867 440; x_wconf 89' lang='lat' dir='ltr'><strong>magis</strong></span> <span class='ocrx_word' id='word_1_19' title='bbox 892 378 1175 434; x_wconf 78' lang='lat' dir='ltr'><strong>oneramini,</strong></span> <span class='ocrx_word' id='word_1_20' title='bbox 1209 376 1462 425; x_wconf 84' lang='lat' dir='ltr'><strong>eredentes</strong></span> <span class='ocrx_word' id='word_1_21' title='bbox 1487 392 1592 427; x_wconf 82' lang='lat' dir='ltr'><strong>esse</strong></span> <span class='ocrx_word' id='word_1_22' title='bbox 1617 387 1668 426; x_wconf 85' lang='lat' dir='ltr'><strong>et</strong></span> <span class='ocrx_word' id='word_1_23' title='bbox 1685 375 1928 427; x_wconf 70' lang='lat' dir='ltr'><strong>contem-&#39;l</strong></span> 
     </span>
     <span class='ocr_line' id='line_1_4' title="bbox 268 446 1922 510; baseline 0.001 -14"><span class='ocrx_word' id='word_1_24' title='bbox 268 457 460 506; x_wconf 82' lang='lat' dir='ltr'><strong>nentes,</strong></span> <span class='ocrx_word' id='word_1_25' title='bbox 509 447 723 495; x_wconf 89' lang='lat' dir='ltr'><strong>colentes</strong></span> <span class='ocrx_word' id='word_1_26' title='bbox 756 455 804 493; x_wconf 89' lang='lat' dir='ltr'><strong>et</strong></span> <span class='ocrx_word' id='word_1_27' title='bbox 835 446 1141 510; x_wconf 78' lang='lat' dir='ltr'><strong>despuentes,</strong></span> <span class='ocrx_word' id='word_1_28' title='bbox 1183 448 1470 495; x_wconf 80' lang='lat' dir='ltr'><strong>honorantes</strong></span> <span class='ocrx_word' id='word_1_29' title='bbox 1509 457 1557 496; x_wconf 90' lang='lat' dir='ltr'><strong>et</strong></span> <span class='ocrx_word' id='word_1_30' title='bbox 1587 449 1922 504; x_wconf 71' lang='lat' dir='ltr'><strong>laoessentestj</strong></span> 
     </span>
     <span class='ocr_line' id='line_1_5' title="bbox 269 517 1935 585; baseline 0.001 -19"><span class='ocrx_word' id='word_1_31' title='bbox 269 519 409 566; x_wconf 81' lang='lat' dir='ltr'><strong>Licet</strong></span> <span class='ocrx_word' id='word_1_32' title='bbox 448 519 588 565; x_wconf 91' lang='lat' dir='ltr'><strong>etiam</strong></span> <span class='ocrx_word' id='word_1_33' title='bbox 634 517 742 564; x_wconf 91' lang='lat' dir='ltr'><strong>hinc</strong></span> <span class='ocrx_word' id='word_1_34' title='bbox 789 532 1168 581; x_wconf 75' lang='lat' dir='ltr'><strong>recognoscere,</strong></span> <span class='ocrx_word' id='word_1_35' title='bbox 1216 519 1450 582; x_wconf 74' lang='lat' dir='ltr'><strong>inprimis,</strong></span> <span class='ocrx_word' id='word_1_36' title='bbox 1509 535 1611 566; x_wconf 85' lang='lat' dir='ltr'><strong>cum</strong></span> <span class='ocrx_word' id='word_1_37' title='bbox 1654 520 1738 567; x_wconf 71' lang='lat' dir='ltr'><strong>alii</strong></span> <span class='ocrx_word' id='word_1_38' title='bbox 1782 520 1935 585; x_wconf 61' lang='lat' dir='ltr'><strong>aliosj</strong></span> 
     </span>
     <span class='ocr_line' id='line_1_6' title="bbox 270 588 1919 654; baseline 0.002 -18"><span class='ocrx_word' id='word_1_39' title='bbox 270 588 385 636; x_wconf 92' lang='lat' dir='ltr'><strong>deos</strong></span> <span class='ocrx_word' id='word_1_40' title='bbox 412 589 592 646; x_wconf 89' lang='lat' dir='ltr'><strong>colitis,</strong></span> <span class='ocrx_word' id='word_1_41' title='bbox 624 603 731 646; x_wconf 87' lang='lat' dir='ltr'><strong>eos,</strong></span> <span class='ocrx_word' id='word_1_42' title='bbox 765 604 882 652; x_wconf 91' lang='lat' dir='ltr'><strong>quos</strong></span> <span class='ocrx_word' id='word_1_43' title='bbox 910 605 1001 634; x_wconf 80' lang='lat' dir='ltr'><strong>non</strong></span> <span class='ocrx_word' id='word_1_44' title='bbox 1027 589 1206 646; x_wconf 80' lang='lat' dir='ltr'><strong>colitis,</strong></span> <span class='ocrx_word' id='word_1_45' title='bbox 1232 590 1392 653; x_wconf 85' lang='lat' dir='ltr'><strong>utique</strong></span> <span class='ocrx_word' id='word_1_46' title='bbox 1415 590 1739 649; x_wconf 54' lang='lat' dir='ltr'><strong>contemnitis}</strong></span> <span class='ocrx_word' id='word_1_47' title='bbox 1765 606 1919 654; x_wconf 50' lang='lat' dir='ltr'><strong>praes</strong></span> 
     </span>
     <span class='ocr_line' id='line_1_7' title="bbox 268 658 1916 725; baseline 0.001 -18"><span class='ocrx_word' id='word_1_48' title='bbox 268 660 382 707; x_wconf 88' lang='lat' dir='ltr'><strong>latio</strong></span> <span class='ocrx_word' id='word_1_49' title='bbox 415 658 610 706; x_wconf 79' lang='lat' dir='ltr'><strong>alterius</strong></span> <span class='ocrx_word' id='word_1_50' title='bbox 643 660 744 706; x_wconf 86' lang='lat' dir='ltr'><strong>sine</strong></span> <span class='ocrx_word' id='word_1_51' title='bbox 778 659 970 708; x_wconf 87' lang='lat' dir='ltr'><strong>alterins</strong></span> <span class='ocrx_word' id='word_1_52' title='bbox 1009 660 1295 707; x_wconf 86' lang='lat' dir='ltr'><strong>contumelia</strong></span> <span class='ocrx_word' id='word_1_53' title='bbox 1325 676 1433 708; x_wconf 83' lang='lat' dir='ltr'><strong>esse</strong></span> <span class='ocrx_word' id='word_1_54' title='bbox 1465 677 1558 708; x_wconf 81' lang='lat' dir='ltr'><strong>non</strong></span> <span class='ocrx_word' id='word_1_55' title='bbox 1588 669 1771 725; x_wconf 83' lang='lat' dir='ltr'><strong>potest,</strong></span> <span class='ocrx_word' id='word_1_56' title='bbox 1812 671 1916 709; x_wconf 76' lang='lat' dir='ltr'><strong>neo&#39;</strong></span> 
     </span>
     <span class='ocr_line' id='line_1_8' title="bbox 268 729 1905 795; baseline 0.001 -17"><span class='ocrx_word' id='word_1_57' title='bbox 268 731 362 778; x_wconf 90' lang='lat' dir='ltr'><strong>ulla</strong></span> <span class='ocrx_word' id='word_1_58' title='bbox 394 729 570 778; x_wconf 83' lang='lat' dir='ltr'><strong>electio</strong></span> <span class='ocrx_word' id='word_1_59' title='bbox 603 746 696 776; x_wconf 91' lang='lat' dir='ltr'><strong>non</strong></span> <span class='ocrx_word' id='word_1_60' title='bbox 735 731 780 789; x_wconf 86' lang='lat'><strong>1)</strong></span> <span class='ocrx_word' id='word_1_61' title='bbox 822 729 1159 793; x_wconf 83' lang='lat' dir='ltr'><strong>reprobatione</strong></span> <span class='ocrx_word' id='word_1_62' title='bbox 1193 731 1505 793; x_wconf 87' lang='lat' dir='ltr'><strong>componitur.</strong></span> <span class='ocrx_word' id='word_1_63' title='bbox 1582 731 1671 790; x_wconf 83' lang='lat' dir='ltr'><strong>Qui</strong></span> <span class='ocrx_word' id='word_1_64' title='bbox 1703 730 1762 779; x_wconf 85' lang='lat' dir='ltr'><strong>de</strong></span> <span class='ocrx_word' id='word_1_65' title='bbox 1800 732 1905 795; x_wconf 76' lang='lat' dir='ltr'><strong>plu-</strong></span> 
     </span>
     <span class='ocr_line' id='line_1_9' title="bbox 268 800 1927 866; baseline 0 -18"><span class='ocrx_word' id='word_1_66' title='bbox 268 801 399 848; x_wconf 89' lang='lat' dir='ltr'><strong>ribus</strong></span> <span class='ocrx_word' id='word_1_67' title='bbox 445 801 642 864; x_wconf 87' lang='lat' dir='ltr'><strong>suscipit</strong></span> <span class='ocrx_word' id='word_1_68' title='bbox 685 800 910 864; x_wconf 81' lang='lat' dir='ltr'><strong>aliquem,</strong></span> <span class='ocrx_word' id='word_1_69' title='bbox 960 817 1063 848; x_wconf 89' lang='lat' dir='ltr'><strong>eum</strong></span> <span class='ocrx_word' id='word_1_70' title='bbox 1113 817 1248 865; x_wconf 91' lang='lat' dir='ltr'><strong>quem</strong></span> <span class='ocrx_word' id='word_1_71' title='bbox 1286 817 1381 848; x_wconf 84' lang='lat' dir='ltr'><strong>non</strong></span> <span class='ocrx_word' id='word_1_72' title='bbox 1426 802 1624 866; x_wconf 82' lang='lat' dir='ltr'><strong>suscipit</strong></span> <span class='ocrx_word' id='word_1_73' title='bbox 1667 801 1927 866; x_wconf 72' lang='lat' dir='ltr'><strong>despexit.-</strong></span> 
     </span>
     <span class='ocr_line' id='line_1_10' title="bbox 271 871 1905 936; baseline 0 -17"><span class='ocrx_word' id='word_1_74' title='bbox 271 871 369 919; x_wconf 84' lang='lat' dir='ltr'><strong>Sed</strong></span> <span class='ocrx_word' id='word_1_75' title='bbox 399 880 470 918; x_wconf 88' lang='lat' dir='ltr'><strong>tot</strong></span> <span class='ocrx_word' id='word_1_76' title='bbox 500 887 555 918; x_wconf 88' lang='lat' dir='ltr'><strong>ac</strong></span> <span class='ocrx_word' id='word_1_77' title='bbox 591 872 704 918; x_wconf 88' lang='lat' dir='ltr'><strong>tanti</strong></span> <span class='ocrx_word' id='word_1_78' title='bbox 737 871 793 917; x_wconf 89' lang='lat' dir='ltr'><strong>ab</strong></span> <span class='ocrx_word' id='word_1_79' title='bbox 828 871 1040 919; x_wconf 89' lang='lat' dir='ltr'><strong>omnibus</strong></span> <span class='ocrx_word' id='word_1_80' title='bbox 1073 872 1168 919; x_wconf 89' lang='lat' dir='ltr'><strong>coli</strong></span> <span class='ocrx_word' id='word_1_81' title='bbox 1215 888 1309 918; x_wconf 90' lang='lat' dir='ltr'><strong>non</strong></span> <span class='ocrx_word' id='word_1_82' title='bbox 1346 881 1559 935; x_wconf 82' lang='lat' dir='ltr'><strong>possunt.</strong></span> <span class='ocrx_word' id='word_1_83' title='bbox 1650 872 1748 919; x_wconf 86' lang='lat' dir='ltr'><strong>Iam</strong></span> <span class='ocrx_word' id='word_1_84' title='bbox 1777 888 1905 936; x_wconf 74' lang='lat' dir='ltr'><strong>vergo</strong></span> 
     </span>
     <span class='ocr_line' id='line_1_11' title="bbox 268 942 1903 1006; baseline 0 -17"><span class='ocrx_word' id='word_1_85' title='bbox 268 951 381 989; x_wconf 91' lang='lat' dir='ltr'><strong>tunc</strong></span> <span class='ocrx_word' id='word_1_86' title='bbox 413 942 562 1005; x_wconf 90' lang='lat' dir='ltr'><strong>primo</strong></span> <span class='ocrx_word' id='word_1_87' title='bbox 597 943 968 1006; x_wconf 84' lang='lat' dir='ltr'><strong>contempsistis,</strong></span> <span class='ocrx_word' id='word_1_88' title='bbox 1018 959 1108 989; x_wconf 82' lang='lat' dir='ltr'><strong>non</strong></span> <span class='ocrx_word' id='word_1_89' title='bbox 1150 944 1292 990; x_wconf 86' lang='lat' dir='ltr'><strong>veriti</strong></span> <span class='ocrx_word' id='word_1_90' title='bbox 1324 943 1512 991; x_wconf 80' lang='lat' dir='ltr'><strong>scilicet</strong></span> <span class='ocrx_word' id='word_1_91' title='bbox 1540 944 1608 990; x_wconf 65' lang='lat' dir='ltr'><strong>ita</strong></span> <span class='ocrx_word' id='word_1_92' title='bbox 1638 944 1903 1001; x_wconf 73' lang='lat' dir='ltr'><strong>instituere,</strong></span> 
     </span>
     <span class='ocr_line' id='line_1_12' title="bbox 268 1011 1923 1077; baseline 0.001 -17"><span class='ocrx_word' id='word_1_93' title='bbox 268 1022 320 1060; x_wconf 85' lang='lat' dir='ltr'><strong>ut</strong></span> <span class='ocrx_word' id='word_1_94' title='bbox 352 1028 516 1060; x_wconf 90' lang='lat' dir='ltr'><strong>omnes</strong></span> <span class='ocrx_word' id='word_1_95' title='bbox 549 1012 643 1059; x_wconf 90' lang='lat' dir='ltr'><strong>coli</strong></span> <span class='ocrx_word' id='word_1_96' title='bbox 675 1029 768 1059; x_wconf 91' lang='lat' dir='ltr'><strong>non</strong></span> <span class='ocrx_word' id='word_1_97' title='bbox 807 1022 1018 1077; x_wconf 87' lang='lat' dir='ltr'><strong>possent.</strong></span> <span class='ocrx_word' id='word_1_98' title='bbox 1094 1011 1160 1060; x_wconf 86' lang='lat' dir='ltr'><strong>At</strong></span> <span class='ocrx_word' id='word_1_99' title='bbox 1197 1014 1320 1060; x_wconf 89' lang='lat' dir='ltr'><strong>enim</strong></span> <span class='ocrx_word' id='word_1_100' title='bbox 1359 1013 1428 1060; x_wconf 93' lang='lat' dir='ltr'><strong>illi</strong></span> <span class='ocrx_word' id='word_1_101' title='bbox 1474 1014 1807 1077; x_wconf 67' lang='lat' dir='ltr'><strong>sapientissimi</strong></span> <span class='ocrx_word' id='word_1_102' title='bbox 1846 1017 1923 1061; x_wconf 77' lang='lat' dir='ltr'><strong>ae</strong></span> 
     </span>
     <span class='ocr_line' id='line_1_13' title="bbox 268 1082 1925 1148; baseline 0.001 -19"><span class='ocrx_word' id='word_1_103' title='bbox 268 1082 617 1148; x_wconf 80' lang='lat' dir='ltr'><strong>prudentissimi</strong></span> <span class='ocrx_word' id='word_1_104' title='bbox 637 1084 857 1142; x_wconf 89' lang='lat' dir='ltr'><strong>maiores,</strong></span> <span class='ocrx_word' id='word_1_105' title='bbox 877 1100 1072 1147; x_wconf 91' lang='lat' dir='ltr'><strong>quorum</strong></span> <span class='ocrx_word' id='word_1_106' title='bbox 1092 1084 1319 1131; x_wconf 88' lang='lat' dir='ltr'><strong>institutis</strong></span> <span class='ocrx_word' id='word_1_107' title='bbox 1335 1084 1609 1132; x_wconf 76' lang='lat' dir='ltr'><strong>renuntiare</strong></span> <span class='ocrx_word' id='word_1_108' title='bbox 1627 1099 1721 1131; x_wconf 91' lang='lat' dir='ltr'><strong>non</strong></span> <span class='ocrx_word' id='word_1_109' title='bbox 1739 1084 1904 1142; x_wconf 84' lang='lat' dir='ltr'><strong>nostis,</strong></span> <span class='ocrx_word' id='word_1_110' title='bbox 1923 1084 1925 1087; x_wconf 49' lang='lat'><strong>⁴</strong></span> 
     </span>
     <span class='ocr_line' id='line_1_14' title="bbox 269 1153 1911 1219; baseline 0 -18"><span class='ocrx_word' id='word_1_111' title='bbox 269 1155 468 1201; x_wconf 83' lang='lat' dir='ltr'><strong>maxime</strong></span> <span class='ocrx_word' id='word_1_112' title='bbox 508 1154 555 1199; x_wconf 93' lang='lat' dir='ltr'><strong>in</strong></span> <span class='ocrx_word' id='word_1_113' title='bbox 594 1169 798 1217; x_wconf 87' lang='lat' dir='ltr'><strong>persona</strong></span> <span class='ocrx_word' id='word_1_114' title='bbox 839 1153 1035 1201; x_wconf 89' lang='lat' dir='ltr'><strong>deorum</strong></span> <span class='ocrx_word' id='word_1_115' title='bbox 1074 1163 1362 1212; x_wconf 87' lang='lat' dir='ltr'><strong>vestrorum,</strong></span> <span class='ocrx_word' id='word_1_116' title='bbox 1419 1155 1506 1218; x_wconf 85' lang='lat' dir='ltr'><strong>ipsi</strong></span> <span class='ocrx_word' id='word_1_117' title='bbox 1546 1170 1735 1219; x_wconf 74' lang='lat' dir='ltr'><strong>quoque</strong></span> <span class='ocrx_word' id='word_1_118' title='bbox 1774 1155 1911 1218; x_wconf 41' lang='lat' dir='ltr'><strong>impii&gt;</strong></span> 
     </span>
     <span class='ocr_line' id='line_1_15' title="bbox 272 1222 1907 1288; baseline 0 -16"><span class='ocrx_word' id='word_1_119' title='bbox 272 1222 704 1288; x_wconf 87' lang='lat' dir='ltr'><strong>deprehenduntur.</strong></span> <span class='ocrx_word' id='word_1_120' title='bbox 782 1224 1012 1282; x_wconf 85' lang='lat' dir='ltr'><strong>Mentior,</strong></span> <span class='ocrx_word' id='word_1_121' title='bbox 1055 1226 1094 1271; x_wconf 92' lang='lat' dir='ltr'><strong>si</strong></span> <span class='ocrx_word' id='word_1_122' title='bbox 1128 1241 1357 1288; x_wconf 88' lang='lat' dir='ltr'><strong>nunquam</strong></span> <span class='ocrx_word' id='word_1_123' title='bbox 1389 1233 1695 1283; x_wconf 69' lang='lat' dir='ltr'><strong>censuerant,</strong></span> <span class='ocrx_word' id='word_1_124' title='bbox 1728 1240 1787 1272; x_wconf 91' lang='lat' dir='ltr'><strong>ne</strong></span> <span class='ocrx_word' id='word_1_125' title='bbox 1829 1225 1907 1288; x_wconf 80' lang='lat' dir='ltr'><strong>qui</strong></span> 
     </span>
     <span class='ocr_line' id='line_1_16' title="bbox 271 1294 1908 1359; baseline 0 -17"><span class='ocrx_word' id='word_1_126' title='bbox 271 1296 533 1358; x_wconf 87' lang='lat' dir='ltr'><strong>imperator</strong></span> <span class='ocrx_word' id='word_1_127' title='bbox 563 1295 744 1352; x_wconf 86' lang='lat' dir='ltr'><strong>fanum,</strong></span> <span class='ocrx_word' id='word_1_128' title='bbox 786 1294 911 1358; x_wconf 88' lang='lat' dir='ltr'><strong>quod</strong></span> <span class='ocrx_word' id='word_1_129' title='bbox 949 1295 993 1341; x_wconf 92' lang='lat' dir='ltr'><strong>in</strong></span> <span class='ocrx_word' id='word_1_130' title='bbox 1034 1295 1219 1358; x_wconf 90' lang='lat' dir='ltr'><strong>proelio</strong></span> <span class='ocrx_word' id='word_1_131' title='bbox 1251 1294 1481 1353; x_wconf 84' lang='lat' dir='ltr'><strong>vovisset,</strong></span> <span class='ocrx_word' id='word_1_132' title='bbox 1519 1296 1649 1359; x_wconf 86' lang='lat' dir='ltr'><strong>prius</strong></span> <span class='ocrx_word' id='word_1_133' title='bbox 1688 1294 1908 1343; x_wconf 73' lang='lat' dir='ltr'><strong>dedicas-</strong></span> 
     </span>
     <span class='ocr_line' id='line_1_17' title="bbox 273 1364 1908 1430; baseline 0 -18"><span class='ocrx_word' id='word_1_134' title='bbox 273 1374 369 1424; x_wconf 85' lang='lat' dir='ltr'><strong>set,</strong></span> <span class='ocrx_word' id='word_1_135' title='bbox 410 1382 545 1429; x_wconf 84' lang='lat' dir='ltr'><strong>quam</strong></span> <span class='ocrx_word' id='word_1_136' title='bbox 579 1373 768 1412; x_wconf 88' lang='lat' dir='ltr'><strong>senatus</strong></span> <span class='ocrx_word' id='word_1_137' title='bbox 806 1364 1078 1428; x_wconf 82' lang='lat' dir='ltr'><strong>probasset,</strong></span> <span class='ocrx_word' id='word_1_138' title='bbox 1120 1374 1170 1413; x_wconf 92' lang='lat' dir='ltr'><strong>ut</strong></span> <span class='ocrx_word' id='word_1_139' title='bbox 1208 1366 1409 1430; x_wconf 73' lang='lat' dir='ltr'><strong>conti-git</strong></span> <span class='ocrx_word' id='word_1_140' title='bbox 1444 1365 1511 1413; x_wconf 81' lang='lat' dir='ltr'><strong>M.</strong></span> <span class='ocrx_word' id='word_1_141' title='bbox 1546 1365 1777 1425; x_wconf 81' lang='lat' dir='ltr'><strong>Aemilio,</strong></span> <span class='ocrx_word' id='word_1_142' title='bbox 1826 1365 1908 1429; x_wconf 78' lang='lat' dir='ltr'><strong>qui</strong></span> 
     </span>
     <span class='ocr_line' id='line_1_18' title="bbox 269 1433 1911 1500; baseline 0 -17"><span class='ocrx_word' id='word_1_143' title='bbox 269 1445 468 1484; x_wconf 86' lang='lat' dir='ltr'><strong>voverat</strong></span> <span class='ocrx_word' id='word_1_144' title='bbox 495 1433 712 1482; x_wconf 84' lang='lat' dir='ltr'><strong>Alburno</strong></span> <span class='ocrx_word' id='word_1_145' title='bbox 742 1435 857 1483; x_wconf 79' lang='lat' dir='ltr'><strong>deo·</strong></span> <span class='ocrx_word' id='word_1_146' title='bbox 926 1435 1098 1500; x_wconf 87' lang='lat' dir='ltr'><strong>Utique</strong></span> <span class='ocrx_word' id='word_1_147' title='bbox 1131 1437 1253 1484; x_wconf 85' lang='lat' dir='ltr'><strong>enim</strong></span> <span class='ocrx_word' id='word_1_148' title='bbox 1286 1437 1631 1500; x_wconf 84' lang='lat' dir='ltr'><strong>impiissimum,</strong></span> <span class='ocrx_word' id='word_1_149' title='bbox 1664 1437 1756 1484; x_wconf 83' lang='lat' dir='ltr'><strong>imo</strong></span> <span class='ocrx_word' id='word_1_150' title='bbox 1791 1452 1911 1483; x_wconf 67' lang='lat' dir='ltr'><strong>cone·</strong></span> 
     </span>
     <span class='ocr_line' id='line_1_19' title="bbox 270 1499 1920 1564; baseline 0.001 -10"><span class='ocrx_word' id='word_1_151' title='bbox 270 1507 699 1554; x_wconf 86' lang='lat' dir='ltr'><strong>tumeliosissimum</strong></span> <span class='ocrx_word' id='word_1_152' title='bbox 732 1505 984 1554; x_wconf 86' lang='lat' dir='ltr'><strong>admissum</strong></span> <span class='ocrx_word' id='word_1_153' title='bbox 1017 1515 1111 1564; x_wconf 89' lang='lat' dir='ltr'><strong>est,</strong></span> <span class='ocrx_word' id='word_1_154' title='bbox 1152 1508 1199 1553; x_wconf 89' lang='lat' dir='ltr'><strong>in</strong></span> <span class='ocrx_word' id='word_1_155' title='bbox 1236 1506 1433 1554; x_wconf 85' lang='lat' dir='ltr'><strong>arbitrio</strong></span> <span class='ocrx_word' id='word_1_156' title='bbox 1469 1515 1524 1555; x_wconf 77' lang='lat' dir='ltr'><strong>et</strong></span> <span class='ocrx_word' id='word_1_157' title='bbox 1571 1506 1767 1554; x_wconf 64' lang='lat' dir='ltr'><strong>libidine</strong></span> <span class='ocrx_word' id='word_1_158' title='bbox 1797 1499 1920 1555; x_wconf 39' lang='lat' dir='ltr'><strong>sen-3*</strong></span> 
     </span>
     <span class='ocr_line' id='line_1_20' title="bbox 270 1576 1909 1636; baseline 0.001 -13"><span class='ocrx_word' id='word_1_159' title='bbox 270 1578 449 1624; x_wconf 82' lang='lat' dir='ltr'><strong>tentiae</strong></span> <span class='ocrx_word' id='word_1_160' title='bbox 490 1577 719 1624; x_wconf 80' lang='lat' dir='ltr'><strong>humanae</strong></span> <span class='ocrx_word' id='word_1_161' title='bbox 759 1577 923 1624; x_wconf 89' lang='lat' dir='ltr'><strong>locare</strong></span> <span class='ocrx_word' id='word_1_162' title='bbox 964 1577 1194 1625; x_wconf 88' lang='lat' dir='ltr'><strong>honorem</strong></span> <span class='ocrx_word' id='word_1_163' title='bbox 1233 1576 1515 1636; x_wconf 67' lang='lat' dir='ltr'><strong>divinitatiS,</strong></span> <span class='ocrx_word' id='word_1_164' title='bbox 1563 1587 1615 1625; x_wconf 92' lang='lat' dir='ltr'><strong>ut</strong></span> <span class='ocrx_word' id='word_1_165' title='bbox 1659 1576 1774 1625; x_wconf 90' lang='lat' dir='ltr'><strong>deus</strong></span> <span class='ocrx_word' id='word_1_166' title='bbox 1810 1592 1909 1624; x_wconf 82' lang='lat' dir='ltr'><strong>non</strong></span> 
     </span>
     <span class='ocr_line' id='line_1_21' title="bbox 273 1647 1912 1712; baseline -0.002 -18"><span class='ocrx_word' id='word_1_167' title='bbox 273 1649 359 1705; x_wconf 82' lang='lat' dir='ltr'><strong>sit,</strong></span> <span class='ocrx_word' id='word_1_168' title='bbox 393 1647 483 1694; x_wconf 90' lang='lat' dir='ltr'><strong>nisi</strong></span> <span class='ocrx_word' id='word_1_169' title='bbox 517 1649 593 1695; x_wconf 90' lang='lat' dir='ltr'><strong>cui</strong></span> <span class='ocrx_word' id='word_1_170' title='bbox 627 1662 732 1694; x_wconf 88' lang='lat' dir='ltr'><strong>esse</strong></span> <span class='ocrx_word' id='word_1_171' title='bbox 772 1649 1045 1711; x_wconf 83' lang='lat' dir='ltr'><strong>permiserit</strong></span> <span class='ocrx_word' id='word_1_172' title='bbox 1085 1657 1290 1696; x_wconf 90' lang='lat' dir='ltr'><strong>senatus.</strong></span> <span class='ocrx_word' id='word_1_173' title='bbox 1376 1647 1531 1712; x_wconf 78' lang='lat' dir='ltr'><strong>Saepe</strong></span> <span class='ocrx_word' id='word_1_174' title='bbox 1573 1663 1799 1696; x_wconf 81' lang='lat' dir='ltr'><strong>censores</strong></span> <span class='ocrx_word' id='word_1_175' title='bbox 1837 1649 1912 1695; x_wconf 77' lang='lat' dir='ltr'><strong>in..</strong></span> 
     </span>
     <span class='ocr_line' id='line_1_22' title="bbox 273 1716 1914 1783; baseline 0.001 -17"><span class='ocrx_word' id='word_1_176' title='bbox 273 1718 491 1766; x_wconf 85' lang='lat' dir='ltr'><strong>consulto</strong></span> <span class='ocrx_word' id='word_1_177' title='bbox 531 1718 705 1781; x_wconf 90' lang='lat' dir='ltr'><strong>populo</strong></span> <span class='ocrx_word' id='word_1_178' title='bbox 745 1716 1107 1777; x_wconf 70' lang='lat' dir='ltr'><strong>adsolaverunt,</strong></span> <span class='ocrx_word' id='word_1_179' title='bbox 1153 1727 1284 1766; x_wconf 87' lang='lat' dir='ltr'><strong>certe</strong></span> <span class='ocrx_word' id='word_1_180' title='bbox 1324 1718 1548 1766; x_wconf 87' lang='lat' dir='ltr'><strong>Liberum</strong></span> <span class='ocrx_word' id='word_1_181' title='bbox 1587 1728 1770 1783; x_wconf 76' lang='lat' dir='ltr'><strong>patrem</strong></span> <span class='ocrx_word' id='word_1_182' title='bbox 1802 1731 1914 1768; x_wconf 65' lang='lat' dir='ltr'><strong>cunt,</strong></span> 
     </span>
     <span class='ocr_line' id='line_1_23' title="bbox 271 1788 1921 1849; baseline 0.001 -13"><span class='ocrx_word' id='word_1_183' title='bbox 271 1804 410 1836; x_wconf 79' lang='lat' dir='ltr'><strong>sacro</strong></span> <span class='ocrx_word' id='word_1_184' title='bbox 457 1805 541 1835; x_wconf 82' lang='lat' dir='ltr'><strong>suo</strong></span> <span class='ocrx_word' id='word_1_185' title='bbox 588 1788 808 1836; x_wconf 87' lang='lat' dir='ltr'><strong>consules</strong></span> <span class='ocrx_word' id='word_1_186' title='bbox 855 1798 1048 1835; x_wconf 87' lang='lat' dir='ltr'><strong>senatus</strong></span> <span class='ocrx_word' id='word_1_187' title='bbox 1101 1790 1385 1836; x_wconf 84' lang='lat' dir='ltr'><strong>auctoritate</strong></span> <span class='ocrx_word' id='word_1_188' title='bbox 1429 1788 1547 1836; x_wconf 86' lang='lat' dir='ltr'><strong>urbe</strong></span> <span class='ocrx_word' id='word_1_189' title='bbox 1595 1805 1689 1836; x_wconf 81' lang='lat' dir='ltr'><strong>non</strong></span> <span class='ocrx_word' id='word_1_190' title='bbox 1736 1790 1921 1849; x_wconf 53' lang='lat' dir='ltr'><strong>sotemsj</strong></span> 
     </span>
     <span class='ocr_line' id='line_1_24' title="bbox 270 1857 1912 1924; baseline 0.001 -18"><span class='ocrx_word' id='word_1_191' title='bbox 270 1857 436 1916; x_wconf 89' lang='lat' dir='ltr'><strong>modo,</strong></span> <span class='ocrx_word' id='word_1_192' title='bbox 468 1874 631 1906; x_wconf 87' lang='lat' dir='ltr'><strong>verum</strong></span> <span class='ocrx_word' id='word_1_193' title='bbox 663 1867 764 1905; x_wconf 88' lang='lat' dir='ltr'><strong>tota</strong></span> <span class='ocrx_word' id='word_1_194' title='bbox 796 1858 931 1906; x_wconf 83' lang='lat' dir='ltr'><strong>Italia</strong></span> <span class='ocrx_word' id='word_1_195' title='bbox 963 1859 1338 1907; x_wconf 78' lang='lat' dir='ltr'><strong>eliminaverunt.</strong></span> <span class='ocrx_word' id='word_1_196' title='bbox 1417 1859 1640 1908; x_wconf 77' lang='lat' dir='ltr'><strong>Ceterum</strong></span> <span class='ocrx_word' id='word_1_197' title='bbox 1672 1859 1912 1924; x_wconf 78' lang='lat' dir='ltr'><strong>Serapem</strong></span> 
     </span>
     <span class='ocr_line' id='line_1_25' title="bbox 272 1928 1908 1994; baseline 0.001 -18"><span class='ocrx_word' id='word_1_198' title='bbox 272 1939 320 1976; x_wconf 90' lang='lat' dir='ltr'><strong>et</strong></span> <span class='ocrx_word' id='word_1_199' title='bbox 351 1928 523 1977; x_wconf 84' lang='lat' dir='ltr'><strong>Isidem</strong></span> <span class='ocrx_word' id='word_1_200' title='bbox 570 1938 619 1976; x_wconf 90' lang='lat' dir='ltr'><strong>et</strong></span> <span class='ocrx_word' id='word_1_201' title='bbox 655 1928 968 1993; x_wconf 82' lang='lat' dir='ltr'><strong>Arpocratem</strong></span> <span class='ocrx_word' id='word_1_202' title='bbox 1009 1939 1057 1976; x_wconf 94' lang='lat' dir='ltr'><strong>et</strong></span> <span class='ocrx_word' id='word_1_203' title='bbox 1093 1928 1310 1978; x_wconf 82' lang='lat' dir='ltr'><strong>Anubem</strong></span> <span class='ocrx_word' id='word_1_204' title='bbox 1355 1930 1619 1994; x_wconf 83' lang='lat' dir='ltr'><strong>prohibitos</strong></span> <span class='ocrx_word' id='word_1_205' title='bbox 1667 1930 1908 1994; x_wconf 80' lang='lat' dir='ltr'><strong>Capitolio</strong></span> 
     </span>
     <span class='ocr_line' id='line_1_26' title="bbox 268 1998 1908 2065; baseline 0.001 -18"><span class='ocrx_word' id='word_1_206' title='bbox 268 1998 426 2047; x_wconf 83' lang='lat' dir='ltr'><strong>Varro</strong></span> <span class='ocrx_word' id='word_1_207' title='bbox 474 2009 835 2058; x_wconf 86' lang='lat' dir='ltr'><strong>commemorat,</strong></span> <span class='ocrx_word' id='word_1_208' title='bbox 884 2015 1142 2065; x_wconf 87' lang='lat' dir='ltr'><strong>eorumque</strong></span> <span class='ocrx_word' id='word_1_209' title='bbox 1183 2009 1361 2048; x_wconf 83' lang='lat' dir='ltr'><strong>statuas</strong></span> <span class='ocrx_word' id='word_1_210' title='bbox 1407 2019 1436 2049; x_wconf 86' lang='lat' dir='ltr'><strong>a</strong></span> <span class='ocrx_word' id='word_1_211' title='bbox 1473 2010 1638 2056; x_wconf 64' lang='lat' dir='ltr'><strong>senatu</strong></span> <span class='ocrx_word' id='word_1_212' title='bbox 1678 2000 1908 2059; x_wconf 71' lang='lat' dir='ltr'><strong>deiectas,</strong></span> 
     </span>
     <span class='ocr_line' id='line_1_27' title="bbox 270 2070 1910 2134; baseline 0.001 -16"><span class='ocrx_word' id='word_1_213' title='bbox 270 2071 458 2118; x_wconf 86' lang='lat' dir='ltr'><strong>nonnisi</strong></span> <span class='ocrx_word' id='word_1_214' title='bbox 488 2086 575 2133; x_wconf 91' lang='lat' dir='ltr'><strong>per</strong></span> <span class='ocrx_word' id='word_1_215' title='bbox 605 2070 697 2119; x_wconf 79' lang='lat' dir='ltr'><strong>vim</strong></span> <span class='ocrx_word' id='word_1_216' title='bbox 728 2071 1022 2134; x_wconf 82' lang='lat' dir='ltr'><strong>popularium</strong></span> <span class='ocrx_word' id='word_1_217' title='bbox 1053 2081 1334 2119; x_wconf 85' lang='lat' dir='ltr'><strong>restructas.</strong></span> <span class='ocrx_word' id='word_1_218' title='bbox 1411 2070 1507 2119; x_wconf 67' lang='lat' dir='ltr'><strong>Sed</strong></span> <span class='ocrx_word' id='word_1_219' title='bbox 1534 2081 1696 2120; x_wconf 69' lang='lat' dir='ltr'><strong>‘tamen</strong></span> <span class='ocrx_word' id='word_1_220' title='bbox 1728 2081 1779 2120; x_wconf 88' lang='lat' dir='ltr'><strong>et</strong></span> <span class='ocrx_word' id='word_1_221' title='bbox 1808 2071 1910 2119; x_wconf 70' lang='lat' dir='ltr'><strong>Ga-</strong></span> 
     </span>
     <span class='ocr_line' id='line_1_28' title="bbox 269 2140 1906 2206; baseline 0.001 -19"><span class='ocrx_word' id='word_1_222' title='bbox 269 2141 426 2188; x_wconf 83' lang='lat' dir='ltr'><strong>binius</strong></span> <span class='ocrx_word' id='word_1_223' title='bbox 461 2140 625 2187; x_wconf 89' lang='lat' dir='ltr'><strong>consul</strong></span> <span class='ocrx_word' id='word_1_224' title='bbox 659 2140 886 2187; x_wconf 86' lang='lat' dir='ltr'><strong>Kalendis</strong></span> <span class='ocrx_word' id='word_1_225' title='bbox 918 2141 1168 2199; x_wconf 81' lang='lat' dir='ltr'><strong>lanuariiS,</strong></span> <span class='ocrx_word' id='word_1_226' title='bbox 1204 2159 1307 2190; x_wconf 89' lang='lat' dir='ltr'><strong>cum</strong></span> <span class='ocrx_word' id='word_1_227' title='bbox 1338 2143 1418 2190; x_wconf 84' lang='lat' dir='ltr'><strong>vix</strong></span> <span class='ocrx_word' id='word_1_228' title='bbox 1451 2143 1631 2191; x_wconf 71' lang='lat' dir='ltr'><strong>hostias</strong></span> <span class='ocrx_word' id='word_1_229' title='bbox 1661 2142 1906 2206; x_wconf 63' lang='lat' dir='ltr'><strong>probaret,</strong></span> 
     </span>
     <span class='ocr_line' id='line_1_29' title="bbox 272 2208 1906 2276; baseline 0.001 -18"><span class='ocrx_word' id='word_1_230' title='bbox 272 2224 384 2271; x_wconf 77' lang='lat' dir='ltr'><strong>prae</strong></span> <span class='ocrx_word' id='word_1_231' title='bbox 418 2211 709 2275; x_wconf 82' lang='lat' dir='ltr'><strong>popularium</strong></span> <span class='ocrx_word' id='word_1_232' title='bbox 736 2220 891 2268; x_wconf 91' lang='lat' dir='ltr'><strong>coetu,</strong></span> <span class='ocrx_word' id='word_1_233' title='bbox 927 2213 1034 2274; x_wconf 86' lang='lat' dir='ltr'><strong>quia</strong></span> <span class='ocrx_word' id='word_1_234' title='bbox 1059 2213 1172 2259; x_wconf 86' lang='lat' dir='ltr'><strong>nihil</strong></span> <span class='ocrx_word' id='word_1_235' title='bbox 1198 2212 1257 2260; x_wconf 91' lang='lat' dir='ltr'><strong>de</strong></span> <span class='ocrx_word' id='word_1_236' title='bbox 1284 2212 1466 2276; x_wconf 81' lang='lat' dir='ltr'><strong>Serape</strong></span> <span class='ocrx_word' id='word_1_237' title='bbox 1499 2223 1547 2260; x_wconf 91' lang='lat' dir='ltr'><strong>et</strong></span> <span class='ocrx_word' id='word_1_238' title='bbox 1570 2212 1696 2262; x_wconf 73' lang='lat' dir='ltr'><strong>Iside</strong></span> <span class='ocrx_word' id='word_1_239' title='bbox 1730 2208 1906 2261; x_wconf 59' lang='lat' dir='ltr'><strong>constil-</strong></span> 
     </span>
     <span class='ocr_line' id='line_1_30' title="bbox 274 2281 1906 2347; baseline 0.001 -19"><span class='ocrx_word' id='word_1_240' title='bbox 274 2283 466 2339; x_wconf 84' lang='lat' dir='ltr'><strong>tuisset,</strong></span> <span class='ocrx_word' id='word_1_241' title='bbox 514 2282 747 2345; x_wconf 85' lang='lat' dir='ltr'><strong>potiorem</strong></span> <span class='ocrx_word' id='word_1_242' title='bbox 787 2281 949 2328; x_wconf 79' lang='lat' dir='ltr'><strong>habuit</strong></span> <span class='ocrx_word' id='word_1_243' title='bbox 980 2291 1168 2329; x_wconf 89' lang='lat' dir='ltr'><strong>senatus</strong></span> <span class='ocrx_word' id='word_1_244' title='bbox 1208 2299 1476 2340; x_wconf 84' lang='lat' dir='ltr'><strong>censuram,</strong></span> <span class='ocrx_word' id='word_1_245' title='bbox 1512 2299 1652 2347; x_wconf 75' lang='lat' dir='ltr'><strong>quam</strong></span> <span class='ocrx_word' id='word_1_246' title='bbox 1685 2285 1906 2347; x_wconf 75' lang='lat' dir='ltr'><strong>impetum</strong></span> 
     </span>
     <span class='ocr_line' id='line_1_31' title="bbox 271 2352 1907 2417; baseline 0.001 -18"><span class='ocrx_word' id='word_1_247' title='bbox 271 2353 422 2416; x_wconf 80' lang='lat' dir='ltr'><strong>vulgi,</strong></span> <span class='ocrx_word' id='word_1_248' title='bbox 464 2361 513 2400; x_wconf 92' lang='lat' dir='ltr'><strong>et</strong></span> <span class='ocrx_word' id='word_1_249' title='bbox 548 2367 655 2399; x_wconf 84' lang='lat' dir='ltr'><strong>aras</strong></span> <span class='ocrx_word' id='word_1_250' title='bbox 687 2352 865 2399; x_wconf 81' lang='lat' dir='ltr'><strong>institui</strong></span> <span class='ocrx_word' id='word_1_251' title='bbox 903 2353 1158 2415; x_wconf 85' lang='lat' dir='ltr'><strong>prohibuit.</strong></span> <span class='ocrx_word' id='word_1_252' title='bbox 1235 2353 1427 2400; x_wconf 86' lang='lat' dir='ltr'><strong>Habetis</strong></span> <span class='ocrx_word' id='word_1_253' title='bbox 1459 2354 1605 2417; x_wconf 83' lang='lat' dir='ltr'><strong>igitur</strong></span> <span class='ocrx_word' id='word_1_254' title='bbox 1634 2355 1682 2400; x_wconf 83' lang='lat' dir='ltr'><strong>in</strong></span> <span class='ocrx_word' id='word_1_255' title='bbox 1713 2354 1907 2400; x_wconf 77' lang='lat' dir='ltr'><strong>maiori.-</strong></span> 
     </span>
     <span class='ocr_line' id='line_1_32' title="bbox 270 2418 1905 2483; baseline 0.001 -12"><span class='ocrx_word' id='word_1_256' title='bbox 270 2423 356 2471; x_wconf 89' lang='lat' dir='ltr'><strong>bus</strong></span> <span class='ocrx_word' id='word_1_257' title='bbox 389 2424 581 2480; x_wconf 80' lang='lat' dir='ltr'><strong>vestris,</strong></span> <span class='ocrx_word' id='word_1_258' title='bbox 616 2424 706 2470; x_wconf 85' lang='lat' dir='ltr'><strong>etsi</strong></span> <span class='ocrx_word' id='word_1_259' title='bbox 745 2439 837 2469; x_wconf 90' lang='lat' dir='ltr'><strong>non</strong></span> <span class='ocrx_word' id='word_1_260' title='bbox 878 2440 1071 2481; x_wconf 91' lang='lat' dir='ltr'><strong>nomen,</strong></span> <span class='ocrx_word' id='word_1_261' title='bbox 1113 2432 1316 2475; x_wconf 80' lang='lat' dir='ltr'><strong>attamen</strong></span> <span class='ocrx_word' id='word_1_262' title='bbox 1354 2433 1534 2471; x_wconf 83' lang='lat' dir='ltr'><strong>sectam</strong></span> <span class='ocrx_word' id='word_1_263' title='bbox 1572 2418 1905 2483; x_wconf 68' lang='lat' dir='ltr'><strong>Christianam,</strong></span> 
     </span>
     <span class='ocr_line' id='line_1_33' title="bbox 273 2492 1909 2559; baseline -0.002 -18"><span class='ocrx_word' id='word_1_264' title='bbox 273 2510 392 2558; x_wconf 83' lang='lat' dir='ltr'><strong>quae</strong></span> <span class='ocrx_word' id='word_1_265' title='bbox 426 2492 543 2541; x_wconf 90' lang='lat' dir='ltr'><strong>deos</strong></span> <span class='ocrx_word' id='word_1_266' title='bbox 573 2494 792 2557; x_wconf 82' lang='lat' dir='ltr'><strong>negligit.</strong></span> <span class='ocrx_word' id='word_1_267' title='bbox 873 2493 1071 2552; x_wconf 86' lang='lat' dir='ltr'><strong>Horum,</strong></span> <span class='ocrx_word' id='word_1_268' title='bbox 1106 2496 1143 2541; x_wconf 92' lang='lat' dir='ltr'><strong>si</strong></span> <span class='ocrx_word' id='word_1_269' title='bbox 1175 2511 1260 2541; x_wconf 89' lang='lat' dir='ltr'><strong>vos</strong></span> <span class='ocrx_word' id='word_1_270' title='bbox 1292 2494 1457 2541; x_wconf 76' lang='lat' dir='ltr'><strong>saltem</strong></span> <span class='ocrx_word' id='word_1_271' title='bbox 1489 2495 1724 2559; x_wconf 83' lang='lat' dir='ltr'><strong>integrum</strong></span> <span class='ocrx_word' id='word_1_272' title='bbox 1755 2495 1909 2542; x_wconf 62' lang='lat' dir='ltr'><strong>hono-</strong></span> 
     </span>
     <span class='ocr_line' id='line_1_34' title="bbox 270 2564 1920 2628; baseline -0.001 -15"><span class='ocrx_word' id='word_1_273' title='bbox 270 2564 401 2613; x_wconf 89' lang='lat' dir='ltr'><strong>ribus</strong></span> <span class='ocrx_word' id='word_1_274' title='bbox 439 2565 612 2613; x_wconf 83' lang='lat' dir='ltr'><strong>vcstris</strong></span> <span class='ocrx_word' id='word_1_275' title='bbox 658 2565 731 2611; x_wconf 86' lang='lat' dir='ltr'><strong>rei</strong></span> <span class='ocrx_word' id='word_1_276' title='bbox 771 2579 876 2614; x_wconf 85' lang='lat' dir='ltr'><strong>esse</strong></span> <span class='ocrx_word' id='word_1_277' title='bbox 918 2565 1075 2612; x_wconf 88' lang='lat' dir='ltr'><strong>laesae</strong></span> <span class='ocrx_word' id='word_1_278' title='bbox 1115 2566 1385 2628; x_wconf 82' lang='lat' dir='ltr'><strong>religionis:</strong></span> <span class='ocrx_word' id='word_1_279' title='bbox 1435 2564 1521 2612; x_wconf 87' lang='lat' dir='ltr'><strong>sed</strong></span> <span class='ocrx_word' id='word_1_280' title='bbox 1557 2565 1748 2617; x_wconf 83' lang='lat' dir='ltr'><strong>invenio</strong></span> <span class='ocrx_word' id='word_1_281' title='bbox 1790 2581 1920 2612; x_wconf 61' lang='lat' dir='ltr'><strong>cona»-</strong></span> 
     </span>
     <span class='ocr_line' id='line_1_35' title="bbox 272 2634 1906 2700; baseline 0.001 -18"><span class='ocrx_word' id='word_1_282' title='bbox 272 2637 476 2699; x_wconf 82' lang='lat' dir='ltr'><strong>spirasse</strong></span> <span class='ocrx_word' id='word_1_283' title='bbox 523 2653 550 2682; x_wconf 89' lang='lat' dir='ltr'><strong>a</strong></span> <span class='ocrx_word' id='word_1_284' title='bbox 596 2634 732 2682; x_wconf 83' lang='lat' dir='ltr'><strong>vobis</strong></span> <span class='ocrx_word' id='word_1_285' title='bbox 769 2644 862 2681; x_wconf 86' lang='lat' dir='ltr'><strong>tam</strong></span> <span class='ocrx_word' id='word_1_286' title='bbox 902 2637 1251 2700; x_wconf 88' lang='lat' dir='ltr'><strong>superstitionis</strong></span> <span class='ocrx_word' id='word_1_287' title='bbox 1292 2652 1425 2700; x_wconf 91' lang='lat' dir='ltr'><strong>quam</strong></span> <span class='ocrx_word' id='word_1_288' title='bbox 1457 2636 1712 2700; x_wconf 77' lang='lat' dir='ltr'><strong>impietatis</strong></span> <span class='ocrx_word' id='word_1_289' title='bbox 1741 2636 1906 2700; x_wconf 59' lang='lat' dir='ltr'><strong>profer</strong></span> 
     </span>
     <span class='ocr_line' id='line_1_36' title="bbox 274 2704 1904 2769; baseline 0.001 -18"><span class='ocrx_word' id='word_1_290' title='bbox 274 2715 414 2752; x_wconf 89' lang='lat' dir='ltr'><strong>ctum.</strong></span> <span class='ocrx_word' id='word_1_291' title='bbox 463 2706 646 2764; x_wconf 76' lang='lat' dir='ltr'><strong>Quanto</strong></span> <span class='ocrx_word' id='word_1_292' title='bbox 674 2707 797 2753; x_wconf 90' lang='lat' dir='ltr'><strong>enim</strong></span> <span class='ocrx_word' id='word_1_293' title='bbox 822 2706 1194 2769; x_wconf 85' lang='lat' dir='ltr'><strong>irreligiosiores</strong></span> <span class='ocrx_word' id='word_1_294' title='bbox 1227 2704 1666 2769; x_wconf 79' lang='lat' dir='ltr'><strong>deprehendimini?</strong></span> <span class='ocrx_word' id='word_1_295' title='bbox 1688 2705 1904 2754; x_wconf 80' lang='lat' dir='ltr'><strong>Privatos</strong></span> 
     </span>
     <span class='ocr_line' id='line_1_37' title="bbox 274 2774 1908 2840; baseline -0.001 -16"><span class='ocrx_word' id='word_1_296' title='bbox 274 2777 395 2824; x_wconf 88' lang='lat' dir='ltr'><strong>enim</strong></span> <span class='ocrx_word' id='word_1_297' title='bbox 428 2774 568 2834; x_wconf 87' lang='lat' dir='ltr'><strong>deos,</strong></span> <span class='ocrx_word' id='word_1_298' title='bbox 603 2793 721 2840; x_wconf 87' lang='lat' dir='ltr'><strong>quos</strong></span> <span class='ocrx_word' id='word_1_299' title='bbox 752 2776 901 2824; x_wconf 86' lang='lat' dir='ltr'><strong>Lares</strong></span> <span class='ocrx_word' id='word_1_300' title='bbox 934 2785 982 2823; x_wconf 90' lang='lat' dir='ltr'><strong>et</strong></span> <span class='ocrx_word' id='word_1_301' title='bbox 1013 2776 1214 2824; x_wconf 89' lang='lat' dir='ltr'><strong>Penates</strong></span> <span class='ocrx_word' id='word_1_302' title='bbox 1246 2775 1506 2824; x_wconf 85' lang='lat' dir='ltr'><strong>domestica</strong></span> <span class='ocrx_word' id='word_1_303' title='bbox 1538 2779 1908 2825; x_wconf 79' lang='lat' dir='ltr'><strong>consecratione</strong></span> 
     </span>
     <span class='ocr_line' id='line_1_38' title="bbox 272 2846 1913 2911; baseline 0.001 -18"><span class='ocrx_word' id='word_1_304' title='bbox 272 2846 554 2910; x_wconf 88' lang='lat' dir='ltr'><strong>perhibet-is,</strong></span> <span class='ocrx_word' id='word_1_305' title='bbox 589 2846 849 2895; x_wconf 89' lang='lat' dir='ltr'><strong>domestica</strong></span> <span class='ocrx_word' id='word_1_306' title='bbox 883 2847 1073 2895; x_wconf 81' lang='lat' dir='ltr'><strong>licentia</strong></span> <span class='ocrx_word' id='word_1_307' title='bbox 1105 2848 1375 2905; x_wconf 86' lang='lat' dir='ltr'><strong>inculcatis,</strong></span> <span class='ocrx_word' id='word_1_308' title='bbox 1408 2846 1695 2895; x_wconf 78' lang='lat' dir='ltr'><strong>venditando</strong></span> <span class='ocrx_word' id='word_1_309' title='bbox 1733 2848 1913 2911; x_wconf 57' lang='lat' dir='ltr'><strong>pigne-i</strong></span> 
     </span>
     <span class='ocr_line' id='line_1_39' title="bbox 274 2916 1904 2983; baseline 0.001 -20"><span class='ocrx_word' id='word_1_310' title='bbox 274 2916 419 2964; x_wconf 84' lang='lat' dir='ltr'><strong>rando</strong></span> <span class='ocrx_word' id='word_1_311' title='bbox 452 2933 537 2980; x_wconf 86' lang='lat' dir='ltr'><strong>pro</strong></span> <span class='ocrx_word' id='word_1_312' title='bbox 571 2919 855 2965; x_wconf 89' lang='lat' dir='ltr'><strong>necessitate</strong></span> <span class='ocrx_word' id='word_1_313' title='bbox 888 2934 943 2965; x_wconf 88' lang='lat' dir='ltr'><strong>ac</strong></span> <span class='ocrx_word' id='word_1_314' title='bbox 975 2918 1232 2966; x_wconf 88' lang='lat' dir='ltr'><strong>voluntate.</strong></span> <span class='ocrx_word' id='word_1_315' title='bbox 1301 2917 1474 2966; x_wconf 87' lang='lat' dir='ltr'><strong>Essent</strong></span> <span class='ocrx_word' id='word_1_316' title='bbox 1507 2917 1692 2983; x_wconf 86' lang='lat' dir='ltr'><strong>quidem</strong></span> <span class='ocrx_word' id='word_1_317' title='bbox 1724 2919 1904 2965; x_wconf 69' lang='lat' dir='ltr'><strong>tolera-⁴</strong></span> 
     </span>
    </p>
   </div>
   <div class='ocr_carea' id='block_1_3' title="bbox 391 3126 1608 3179">
    <p class='ocr_par' dir='ltr' id='par_1_3' title="bbox 391 3126 1608 3179">
     <span class='ocr_line' id='line_1_40' title="bbox 391 3126 1608 3179; baseline 0.002 -14"><span class='ocrx_word' id='word_1_318' title='bbox 391 3126 430 3176; x_wconf 86' lang='lat'><strong>1)</strong></span> <span class='ocrx_word' id='word_1_319' title='bbox 462 3128 526 3165; x_wconf 82' lang='lat' dir='ltr'><strong>Ex</strong></span> <span class='ocrx_word' id='word_1_320' title='bbox 545 3128 665 3176; x_wconf 83' lang='lat' dir='ltr'><strong>Apol.</strong></span> <span class='ocrx_word' id='word_1_321' title='bbox 698 3130 761 3166; x_wconf 89' lang='grc'><strong>13.</strong></span> <span class='ocrx_word' id='word_1_322' title='bbox 795 3131 851 3167; x_wconf 92' lang='lat' dir='ltr'><strong>in.</strong></span> <span class='ocrx_word' id='word_1_323' title='bbox 883 3131 1035 3179; x_wconf 85' lang='lat' dir='ltr'><strong>corrig.</strong></span> <span class='ocrx_word' id='word_1_324' title='bbox 1068 3130 1178 3168; x_wconf 83' lang='lat' dir='ltr'><strong>sine</strong></span> <span class='ocrx_word' id='word_1_325' title='bbox 1210 3131 1608 3178; x_wconf 80' lang='lat' dir='ltr'><strong>reprobatione.</strong></span> 
     </span>
    </p>
   </div>
  </div>
 </body>
</html>
