1942 3554
533 178 613 216 AD
659 176 933 216 UXOREM
972 177 1086 216 LIB.
1116 177 1149 216 1.
1578 175 1664 220 65

8 293 212 358 Ulnia-‘³
235 291 480 356 permittit,
512 299 564 338 ut
593 309 686 339 non
716 292 873 356 potius
904 290 963 338 ad
995 307 1125 338 suum
1150 290 1413 354 exemplum
1438 305 1524 338 nos
1548 291 1664 338 eniti

0 363 171 431 {malit
247 361 454 410 Felicem
485 363 635 420 illum,
669 364 746 426 qui
778 361 910 410 Pauli
941 363 1109 414 similis
1134 362 1362 410 extiterit.

39 455 56 488 ς
167 438 217 484 4.
280 431 379 481 Sed
410 449 600 480 carnem
632 434 831 496 legimus
860 433 1112 497 infirmam,
1153 441 1203 480 et
1239 433 1349 480 hinc
1382 431 1516 479 nohis
1547 430 1663 479 adu-

13 505 176 554 llamur
210 505 496 586 impensius3
530 504 727 565 legimus
758 513 914 551 tamen
947 513 996 551 et
1025 504 1237 567 spiritum
1270 498 1465 550 firmum.
1539 502 1661 550 Nam

0 575 73 623 Vtin
103 591 196 622 uno
227 590 367 634 sensu
388 572 642 637 uti-umque
674 575 876 637 positum
910 582 996 621 est.
1074 574 1198 621 Caro
1238 583 1432 622 terrena
1461 575 1662 622 materia

10 653 119 703 nst,
172 645 364 708 spiritus
408 659 524 691 vero
579 645 817 691 coelestis.
895 643 991 691 Cur
1035 659 1152 707 ergo
1200 644 1259 691 ad
1305 645 1659 693 excusationem

7 716 286 781 '’unior-es,
317 730 438 779 quae
469 715 517 760 in
548 715 684 762 xiohis
715 714 899 761 infirma
929 723 1035 761 sunt
1065 716 1366 778 opponimus3
1400 732 1518 779 quae
1543 733 1658 764 vero

0 786 225 842 {artiora
254 801 348 833 non
378 787 598 833 tuemur?
661 784 757 832 Cur
788 785 1077 832 coelestibus
1106 794 1300 833 terrena
1331 802 1425 832 non
1458 786 1661 835 cedant?

8 853 80 910 Si
105 857 300 921 spiritus
319 869 472 915 ’carne
503 856 699 913 fortior,
741 856 849 919 quia
887 864 937 907 et
972 857 1277 919 generosior,
1319 865 1482 904 nostra
1521 859 1660 921 culpa

7 927 324 986 iblirmiorem
362 935 612 975 sectamur.
687 925 810 973 Nam
849 925 1093 974 disiunctis
1131 928 1430 974 matrimonio
1449 930 1494 987 1)
1528 927 1656 978 *eduae

6 998 204 1063 §pecies
248 998 477 1046 humanae
522 997 858 1045 imbecillitatis
902 999 1200 1045 necessarias
1238 999 1422 1061 nuptias
1460 999 1655 1057 faciunt,

6 1069 170 1134 'rima
214 1067 400 1132 quidem
445 1069 794 1141 potentissima,
843 1084 961 1131 quae
999 1070 1132 1117 venit
1170 1066 1228 1116 de
1268 1071 1658 1134 concupiscentia

6 1141 198 1197 mnis,
231 1147 433 1202 sequens
464 1130 523 1186 de
556 1140 946 1202 concupiscentia
976 1124 1147 1186 seculi.¹
1219 1137 1327 1186 Sed
1348 1149 1546 1204 utraque
1577 1158 1656 1189 re-

5 1208 256 1274 pudianda
299 1218 373 1257 est
417 1226 446 1256 a
491 1211 639 1257 servis
669 1209 786 1267 dei,
843 1210 920 1272 qui
966 1218 1016 1256 et
1059 1209 1271 1257 luxuriae
1319 1219 1368 1257 et
1400 1212 1656 1261 ambitioni

5 1281 350 1341 rreuuntiamus.
421 1279 587 1327 Carnis
620 1281 1008 1344 eoncupiscentia
1037 1281 1207 1327 aetatis
1240 1280 1392 1328 officia
1425 1281 1653 1340 defendit,

5 1349 209 1400 «iecoris
247 1366 447 1398 messem
484 1351 706 1414 requirit,
745 1349 923 1413 gaudet
960 1350 1019 1398 de
1060 1353 1347 1399 contumelia
1385 1369 1491 1400 sua:
1539 1353 1658 1402 dicit

0 1422 164 1471 xvirum
194 1423 514 1481 necessarium
544 1422 692 1480 sexui,
725 1430 777 1467 ut
805 1422 1104 1486 auctorita-tis
1135 1430 1184 1468 et
1214 1423 1371 1469 solatii
1404 1440 1570 1471 caussa
1587 1426 1653 1485 2),

2 1492 91 1543 wel
119 1500 174 1540 ut
201 1507 230 1538 a
259 1492 392 1539 malis
422 1491 687 1538 rumoribus
718 1499 819 1538 tuta
850 1493 924 1538 sit.
1001 1491 1066 1538 Et
1101 1500 1151 1538 tu
1189 1492 1420 1541 adversus
1456 1496 1656 1543 consilia

2 1555 136 1614 [haee
168 1560 484 1611 eius'adhibe
516 1578 730 1609 sororum
762 1571 1028 1609 nostrarum
1061 1564 1299 1626 exempla,
1341 1580 1534 1627 quarum
1566 1582 1653 1613 no-

0 1633 151 1687 mina*
167 1649 315 1697 penes
346 1630 596 1690 dominum,
632 1648 749 1696 quae
781 1633 952 1679 nullam
983 1633 1272 1684 formaevel
1303 1637 1474 1683 aetatis
1507 1653 1650 1684 occa-

0 1704 194 1758 aionem
223 1704 492 1767 praemissis
520 1704 703 1751 maritis
742 1705 982 1750 sanctitati
1020 1701 1314 1767 anteponunt
1328 1707 1392 1766 ³).
1467 1706 1651 1755 Malunt

0 1775 136 1825 *onim
175 1773 266 1822 deo
305 1774 506 1831 nubere,
554 1773 645 1821 deo
692 1776 963 1837 speciosae,
1012 1772 1103 1821 deo
1142 1783 1249 1821 sunt
1285 1777 1495 1838 puellae3
1528 1779 1650 1825 ‘cum

0 1844 96 1901 iilio
124 1845 309 1903 vivunt,
351 1861 454 1892 cum
485 1845 566 1891 illo
599 1846 999 1902 sermocinantur,
1039 1845 1166 1909 illum
1205 1844 1371 1892 diebus
1410 1856 1459 1894 et
1496 1849 1651 1895 nocti-

0 1914 99 1966 ilius
134 1923 363 1977 tractant3
405 1915 646 1962 orationes
686 1931 792 1962 suas
820 1916 951 1962 velut
981 1913 1117 1961 dotes
1149 1912 1339 1962 domino
1373 1915 1647 1980 adsignant,

0 1985 79 2037 ab
97 1985 266 2034 eodem
292 1985 612 2047 dignationem
634 1986 765 2032 velut
787 2001 980 2033 munera
1006 1986 1240 2031 maritalia
1254 1987 1319 2045 4),
1348 1989 1651 2050 quotiescun-

0 2072 102 2121 ique
142 2055 435 2113 desiderant,
485 2065 848 2119 consequuntur.
927 2054 1007 2103 Sic
1053 2064 1296 2103 aeternum
1342 2058 1430 2104 sibi
1475 2058 1648 2107 bonum

0 2125 254 2188 ¹domini5)
296 2135 670 2189 occupaverunt,
711 2142 767 2173 ac
807 2128 898 2173 iam
935 2127 982 2172 iu
1021 2127 1162 2173 terris
1202 2143 1295 2173 non
1334 2128 1553 2175 nubendo
1586 2128 1647 2178 de

0 2197 190 2245 {familia
212 2197 452 2267 angelica
497 2196 795 2260 deputantur.
870 2197 1051 2243 Talium
1098 2198 1325 2261 exemplis
1370 2199 1646 2247 feminarum

0 2266 72 2321 uad
117 2262 488 2334 aemulationem
521 2276 568 2314 te
605 2269 936 2315 continentiae
984 2283 1239 2325 exercens,
1287 2269 1485 2332 spiritali
1531 2272 1648 2318 affe-

0 2337 170 2389 »stione
203 2339 438 2386 carnalem
472 2339 598 2385 illam
631 2339 1064 2405 concupiscentiam
1095 2338 1331 2397 humabi53
1366 2343 1648 2407 temporalia

0 2415 63 2462 nt
87 2409 296 2458 volatica
327 2393 565 2456 desideria
594 2409 774 2457 formae
814 2410 889 2456 vel
921 2409 1090 2456 aetatis
1128 2409 1457 2457 immortalium
1495 2411 1647 2458 bono-

7 2493 112 2540 pum
165 2480 549 2543 compensatione
605 2478 808 2527 delendo
826 2480 890 2540 6).
968 2479 1188 2526 Ceterum
1243 2480 1362 2526 haec
1417 2482 1645 2530 secularis

7 2550 400 2613 eoncupiscentia
439 2549 628 2597 caussas
667 2550 811 2612 habet
849 2551 1071 2612 gloriam,
1122 2549 1449 2612 cupiditatem,
1498 2552 1646 2599 ambi-

8 2619 209 2678 tionem,
242 2619 634 2677 insufficientiam,
674 2636 761 2683 per
792 2636 904 2683 quas
937 2621 1267 2667 necessitatem
1299 2620 1504 2668 nubendi
1536 2622 1644 2669 suh-

11 2685 170 2749 ornat,
208 2689 435 2738 videlicet
465 2691 695 2738 coelestia
732 2691 1091 2754 repromittens,
1134 2689 1364 2736 dominari
1403 2692 1450 2737 in
1489 2693 1645 2740 aliena

4 2834 32 2891 ,⁴
125 2844 170 2893 1)
206 2844 299 2893 Rig.
331 2856 357 2882 a
388 2837 742 2885 matrimonio.
875 2847 919 2895 2)
958 2846 1050 2894 Rig.
1082 2856 1334 2885 caussam.
1466 2847 1510 2897 3)
1539 2849 1644 2889 Alii·

3 2911 140 2953 auae
170 2900 319 2938 nulia
348 2901 548 2941 formae
581 2902 662 2938 vel
693 2902 886 2939 aetatis
918 2903 1202 2940 occasione
1233 2914 1450 2950 pressae
1479 2906 1644 2944 mari—

4 2957 79 3009 ξίι
109 2952 454 2995 sanctitatem
486 2959 827 3005 anteponunt.
942 2956 989 3010 4)
1021 2958 1111 3007 Rig.
1145 2959 1361 2998 dotalia.
1473 2962 1523 3011 ξι)
1552 2962 1642 3012 Rig-

2 3011 197 3066 'nuum
228 3012 409 3050 donum
443 3013 648 3051 domini.
706 3014 1230 3055 Fr.1unius:aet.aibi
1260 3017 1444 3055 bonum
1477 3018 1642 3056 domi-

2 3077 137 3125 Qum.
255 3068 299 3117 6)
331 3069 529 3116 Excepta
554 3070 618 3109 ed.
643 3070 734 3119 Rig.
760 3082 925 3110 omnes:
937 3071 1353 3115 inimicantium
1390 3076 1642 3119 bonorum

8 3134 359 3175 compensans
391 3125 622 3165 delenda.

66 3184 690 3234 '1'r:1v1·u1,1,.11.¹
1253 3190 1283 3236 5
