<?xml version="1.0" encoding="UTF-8"?>
<!DOCTYPE html PUBLIC "-//W3C//DTD XHTML 1.0 Transitional//EN"
    "http://www.w3.org/TR/xhtml1/DTD/xhtml1-transitional.dtd">
<html xmlns="http://www.w3.org/1999/xhtml" xml:lang="en" lang="en">
 <head>
  <title>
</title>
<meta http-equiv="Content-Type" content="text/html;charset=utf-8" />
  <meta name='ocr-system' content='tesseract 3.04.00' />
  <meta name='ocr-capabilities' content='ocr_page ocr_carea ocr_par ocr_line ocrx_word'/>
</head>
<body>
  <div class='ocr_page' id='page_1' title='image "./operatert12tertuoft_0043.png"; bbox 0 0 1942 3554; ppageno 0'>
   <div class='ocr_carea' id='block_1_1' title="bbox 72 0 208 179">
    <p class='ocr_par' dir='ltr' id='par_1_1' title="bbox 72 0 208 179">
     <span class='ocr_line' id='line_1_1' title="bbox 72 0 208 179; baseline 0 3375"><span class='ocrx_word' id='word_1_1' title='bbox 72 0 208 179; x_wconf 95' lang='lat' dir='ltr'> </span> 
     </span>
    </p>
   </div>
   <div class='ocr_carea' id='block_1_2' title="bbox 555 179 1665 236">
    <p class='ocr_par' dir='ltr' id='par_1_2' title="bbox 555 179 1665 236">
     <span class='ocr_line' id='line_1_2' title="bbox 555 179 1665 236; baseline 0.002 -17"><span class='ocrx_word' id='word_1_2' title='bbox 555 180 640 222; x_wconf 75' lang='lat' dir='ltr'>DE</span> <span class='ocrx_word' id='word_1_3' title='bbox 677 179 1132 220; x_wconf 71' lang='lat' dir='ltr'>mononATRiA.</span> <span class='ocrx_word' id='word_1_4' title='bbox 1595 185 1665 236; x_wconf 75' lang='lat'>51</span> 
     </span>
    </p>
   </div>
   <div class='ocr_carea' id='block_1_3' title="bbox 0 316 1686 2937">
    <p class='ocr_par' dir='ltr' id='par_1_3' title="bbox 35 316 1674 1447">
     <span class='ocr_line' id='line_1_3' title="bbox 60 316 1665 390; baseline 0.001 -17"><span class='ocrx_word' id='word_1_5' title='bbox 60 316 272 390; x_wconf 59' lang='lat' dir='ltr'>ljeusius</span> <span class='ocrx_word' id='word_1_6' title='bbox 303 323 395 371; x_wconf 81' lang='lat' dir='ltr'>ista</span> <span class='ocrx_word' id='word_1_7' title='bbox 425 316 662 386; x_wconf 76' lang='lat' dir='ltr'><strong>disponat,</strong></span> <span class='ocrx_word' id='word_1_8' title='bbox 697 321 818 368; x_wconf 84' lang='lat' dir='ltr'>certi</span> <span class='ocrx_word' id='word_1_9' title='bbox 850 337 1033 378; x_wconf 83' lang='lat' dir='ltr'>sumuS,</span> <span class='ocrx_word' id='word_1_10' title='bbox 1075 338 1177 369; x_wconf 89' lang='lat' dir='ltr'>cum</span> <span class='ocrx_word' id='word_1_11' title='bbox 1209 321 1490 372; x_wconf 88' lang='lat' dir='ltr'>adulterium</span> <span class='ocrx_word' id='word_1_12' title='bbox 1524 328 1665 374; x_wconf 88' lang='lat' dir='ltr'>etiam</span> 
     </span>
     <span class='ocr_line' id='line_1_4' title="bbox 59 389 1667 478; baseline 0 -33"><span class='ocrx_word' id='word_1_13' title='bbox 59 392 507 478; x_wconf 55' lang='lat' dir='ltr'>inconcupiscentia</span> <span class='ocrx_word' id='word_1_14' title='bbox 544 389 784 455; x_wconf 84' lang='lat' dir='ltr'>designat,</span> <span class='ocrx_word' id='word_1_15' title='bbox 834 392 874 438; x_wconf 90' lang='lat' dir='ltr'>si</span> <span class='ocrx_word' id='word_1_16' title='bbox 914 392 1100 439; x_wconf 91' lang='lat' dir='ltr'>oculum</span> <span class='ocrx_word' id='word_1_17' title='bbox 1140 394 1244 457; x_wconf 90' lang='lat' dir='ltr'>quis</span> <span class='ocrx_word' id='word_1_18' title='bbox 1276 395 1532 459; x_wconf 77' lang='lat' dir='ltr'>impegerit</span> <span class='ocrx_word' id='word_1_19' title='bbox 1563 397 1667 444; x_wconf 91' lang='lat' dir='ltr'>libi-</span> 
     </span>
     <span class='ocr_line' id='line_1_5' title="bbox 38 461 1667 527; baseline 0.002 -16.07"><span class='ocrx_word' id='word_1_20' title='bbox 38 467 201 524; x_wconf 30' lang='lat' dir='ltr'>*ipsso</span> <span class='ocrx_word' id='word_1_21' title='bbox 241 473 292 516; x_wconf 81' lang='lat' dir='ltr'>et</span> <span class='ocrx_word' id='word_1_22' title='bbox 326 464 524 512; x_wconf 83' lang='lat' dir='ltr'>animam</span> <span class='ocrx_word' id='word_1_23' title='bbox 555 462 864 510; x_wconf 90' lang='lat' dir='ltr'>commoverit</span> <span class='ocrx_word' id='word_1_24' title='bbox 900 461 1162 527; x_wconf 80' lang='lat' dir='ltr'>impudice3</span> <span class='ocrx_word' id='word_1_25' title='bbox 1211 480 1315 512; x_wconf 91' lang='lat' dir='ltr'>cum</span> <span class='ocrx_word' id='word_1_26' title='bbox 1362 466 1667 515; x_wconf 81' lang='lat' dir='ltr'>homicidium</span> 
     </span>
     <span class='ocr_line' id='line_1_6' title="bbox 55 531 1667 586; baseline 0.004 -6"><span class='ocrx_word' id='word_1_27' title='bbox 55 535 175 584; x_wconf 53' lang='lat' dir='ltr'>stiam</span> <span class='ocrx_word' id='word_1_28' title='bbox 220 536 267 583; x_wconf 90' lang='lat' dir='ltr'>in</span> <span class='ocrx_word' id='word_1_29' title='bbox 306 533 453 584; x_wconf 86' lang='lat' dir='ltr'>verbo</span> <span class='ocrx_word' id='word_1_30' title='bbox 499 531 738 580; x_wconf 84' lang='lat' dir='ltr'>maledicti</span> <span class='ocrx_word' id='word_1_31' title='bbox 786 532 861 579; x_wconf 92' lang='lat' dir='ltr'>vel</span> <span class='ocrx_word' id='word_1_32' title='bbox 902 534 1109 580; x_wconf 82' lang='lat' dir='ltr'>convicii</span> <span class='ocrx_word' id='word_1_33' title='bbox 1148 533 1327 583; x_wconf 89' lang='lat' dir='ltr'>iudicat</span> <span class='ocrx_word' id='word_1_34' title='bbox 1367 546 1416 583; x_wconf 86' lang='lat' dir='ltr'>et</span> <span class='ocrx_word' id='word_1_35' title='bbox 1453 539 1500 584; x_wconf 90' lang='lat' dir='ltr'>in</span> <span class='ocrx_word' id='word_1_36' title='bbox 1541 541 1667 586; x_wconf 90' lang='lat' dir='ltr'>omni</span> 
     </span>
     <span class='ocr_line' id='line_1_7' title="bbox 49 603 1669 671; baseline 0.001 -16"><span class='ocrx_word' id='word_1_37' title='bbox 49 615 212 671; x_wconf 77' lang='lat' dir='ltr'>mpetu</span> <span class='ocrx_word' id='word_1_38' title='bbox 242 606 348 657; x_wconf 22' lang='lat' dir='ltr'>irae.</span> <span class='ocrx_word' id='word_1_39' title='bbox 375 613 426 654; x_wconf 84' lang='lat' dir='ltr'>et</span> <span class='ocrx_word' id='word_1_40' title='bbox 453 604 499 652; x_wconf 84' lang='lat' dir='ltr'>in</span> <span class='ocrx_word' id='word_1_41' title='bbox 531 603 824 667; x_wconf 81' lang='lat' dir='ltr'>negligentia</span> <span class='ocrx_word' id='word_1_42' title='bbox 855 603 1103 651; x_wconf 78' lang='lat' dir='ltr'>charitatis</span> <span class='ocrx_word' id='word_1_43' title='bbox 1135 606 1182 652; x_wconf 90' lang='lat' dir='ltr'>in</span> <span class='ocrx_word' id='word_1_44' title='bbox 1215 605 1408 655; x_wconf 89' lang='lat' dir='ltr'>fratrem</span> <span class='ocrx_word' id='word_1_45' title='bbox 1428 609 1489 666; x_wconf 91' lang='lat'>¹).</span> <span class='ocrx_word' id='word_1_46' title='bbox 1533 608 1669 657; x_wconf 86' lang='lat' dir='ltr'>Sicut</span> 
     </span>
     <span class='ocr_line' id='line_1_8' title="bbox 61 673 1670 740; baseline 0.002 -16"><span class='ocrx_word' id='word_1_47' title='bbox 61 692 239 734; x_wconf 64' lang='lat' dir='ltr'>oum</span> <span class='ocrx_word' id='word_1_48' title='bbox 254 677 306 740; x_wconf 76' lang='grc'>2)·</span> <span class='ocrx_word' id='word_1_49' title='bbox 329 673 473 724; x_wconf 69' lang='lat' dir='ltr'>docet</span> <span class='ocrx_word' id='word_1_50' title='bbox 503 673 786 723; x_wconf 81' lang='lat' dir='ltr'>homicidam</span> <span class='ocrx_word' id='word_1_51' title='bbox 819 689 928 722; x_wconf 91' lang='lat' dir='ltr'>esse</span> <span class='ocrx_word' id='word_1_52' title='bbox 960 675 1039 739; x_wconf 92' lang='lat' dir='ltr'>qui</span> <span class='ocrx_word' id='word_1_53' title='bbox 1072 674 1230 724; x_wconf 89' lang='lat' dir='ltr'>oderit</span> <span class='ocrx_word' id='word_1_54' title='bbox 1260 676 1475 725; x_wconf 81' lang='lat' dir='ltr'>fratrem.</span> <span class='ocrx_word' id='word_1_55' title='bbox 1532 678 1670 727; x_wconf 89' lang='lat' dir='ltr'>Alio-</span> 
     </span>
     <span class='ocr_line' id='line_1_9' title="bbox 50 743 1670 813; baseline -0.001 -14"><span class='ocrx_word' id='word_1_56' title='bbox 50 748 151 813; x_wconf 65' lang='lat' dir='ltr'>{u&#39;n</span> <span class='ocrx_word' id='word_1_57' title='bbox 173 747 225 799; x_wconf 70' lang='lat' dir='ltr'>in</span> <span class='ocrx_word' id='word_1_58' title='bbox 262 744 449 796; x_wconf 81' lang='lat' dir='ltr'>modico</span> <span class='ocrx_word' id='word_1_59' title='bbox 490 746 777 794; x_wconf 84' lang='lat' dir='ltr'>consisteret</span> <span class='ocrx_word' id='word_1_60' title='bbox 815 754 866 793; x_wconf 89' lang='lat' dir='ltr'>et</span> <span class='ocrx_word' id='word_1_61' title='bbox 904 743 1083 793; x_wconf 89' lang='lat' dir='ltr'>diaboli</span> <span class='ocrx_word' id='word_1_62' title='bbox 1125 747 1366 810; x_wconf 79' lang='lat' dir='ltr'>ingenium</span> <span class='ocrx_word' id='word_1_63' title='bbox 1399 747 1457 795; x_wconf 88' lang='lat' dir='ltr'>de</span> <span class='ocrx_word' id='word_1_64' title='bbox 1490 751 1670 798; x_wconf 83' lang='lat' dir='ltr'>malitia</span> 
     </span>
     <span class='ocr_line' id='line_1_10' title="bbox 53 815 1669 880; baseline 0 -13"><span class='ocrx_word' id='word_1_65' title='bbox 53 827 90 867; x_wconf 65' lang='lat' dir='ltr'>et</span> <span class='ocrx_word' id='word_1_66' title='bbox 115 817 195 869; x_wconf 63' lang='lat' dir='ltr'>dei</span> <span class='ocrx_word' id='word_1_67' title='bbox 225 815 479 868; x_wconf 71' lang='lat' dir='ltr'>dominium</span> <span class='ocrx_word' id='word_1_68' title='bbox 494 817 540 879; x_wconf 84' lang='grc'>3)</span> <span class='ocrx_word' id='word_1_69' title='bbox 572 815 631 864; x_wconf 88' lang='lat' dir='ltr'>de</span> <span class='ocrx_word' id='word_1_70' title='bbox 665 815 937 880; x_wconf 81' lang='lat' dir='ltr'>disciplina,</span> <span class='ocrx_word' id='word_1_71' title='bbox 971 833 1061 880; x_wconf 92' lang='lat' dir='ltr'>qua</span> <span class='ocrx_word' id='word_1_72' title='bbox 1102 833 1189 864; x_wconf 89' lang='lat' dir='ltr'>nos</span> <span class='ocrx_word' id='word_1_73' title='bbox 1222 817 1452 866; x_wconf 88' lang='lat' dir='ltr'>adversus</span> <span class='ocrx_word' id='word_1_74' title='bbox 1492 819 1669 868; x_wconf 86' lang='lat' dir='ltr'>diaboli</span> 
     </span>
     <span class='ocr_line' id='line_1_11' title="bbox 35 885 1668 951; baseline 0.004 -19"><span class='ocrx_word' id='word_1_75' title='bbox 35 885 366 951; x_wconf 44' lang='lat' dir='ltr'>altitudines&amp;</span> <span class='ocrx_word' id='word_1_76' title='bbox 413 888 581 945; x_wconf 90' lang='lat' dir='ltr'>munit,</span> <span class='ocrx_word' id='word_1_77' title='bbox 628 887 666 934; x_wconf 93' lang='lat' dir='ltr'>si</span> <span class='ocrx_word' id='word_1_78' title='bbox 706 888 753 934; x_wconf 91' lang='lat' dir='ltr'>in</span> <span class='ocrx_word' id='word_1_79' title='bbox 791 887 863 934; x_wconf 87' lang='lat' dir='ltr'>his</span> <span class='ocrx_word' id='word_1_80' title='bbox 904 896 1079 935; x_wconf 86' lang='lat' dir='ltr'>tantum</span> <span class='ocrx_word' id='word_1_81' title='bbox 1113 886 1301 936; x_wconf 88' lang='lat' dir='ltr'>delictis</span> <span class='ocrx_word' id='word_1_82' title='bbox 1333 888 1668 949; x_wconf 85' lang='lat' dir='ltr'>iudicaremur,</span> 
     </span>
     <span class='ocr_line' id='line_1_12' title="bbox 38 956 1669 1025; baseline 0.001 -18"><span class='ocrx_word' id='word_1_83' title='bbox 38 973 163 1025; x_wconf 64' lang='lat' dir='ltr'>qm</span> <span class='ocrx_word' id='word_1_84' title='bbox 205 960 346 1008; x_wconf 82' lang='lat' dir='ltr'>etiam</span> <span class='ocrx_word' id='word_1_85' title='bbox 392 960 608 1007; x_wconf 89' lang='lat' dir='ltr'>nationes</span> <span class='ocrx_word' id='word_1_86' title='bbox 662 956 980 1006; x_wconf 86' lang='lat' dir='ltr'>decreverunt</span> <span class='ocrx_word' id='word_1_87' title='bbox 1032 957 1328 1007; x_wconf 84' lang='lat' dir='ltr'>vindicanda.</span> <span class='ocrx_word' id='word_1_88' title='bbox 1421 960 1669 1020; x_wconf 82' lang='lat' dir='ltr'>Quomodo</span> 
     </span>
     <span class='ocr_line' id='line_1_13' title="bbox 34 1027 1673 1093; baseline -0.001 -11.991"><span class='ocrx_word' id='word_1_89' title='bbox 34 1028 300 1086; x_wconf 44' lang='lat' dir='ltr'>&amp;uitabit</span> <span class='ocrx_word' id='word_1_90' title='bbox 336 1030 515 1078; x_wconf 88' lang='lat' dir='ltr'>iustitia</span> <span class='ocrx_word' id='word_1_91' title='bbox 559 1038 722 1076; x_wconf 88' lang='lat' dir='ltr'>nostra</span> <span class='ocrx_word' id='word_1_92' title='bbox 765 1045 908 1093; x_wconf 90' lang='lat' dir='ltr'>super</span> <span class='ocrx_word' id='word_1_93' title='bbox 940 1027 1134 1076; x_wconf 84' lang='lat' dir='ltr'>Scribas</span> <span class='ocrx_word' id='word_1_94' title='bbox 1173 1038 1222 1077; x_wconf 88' lang='lat' dir='ltr'>et</span> <span class='ocrx_word' id='word_1_95' title='bbox 1259 1029 1567 1091; x_wconf 83' lang='lat' dir='ltr'>Pharisaeos,</span> <span class='ocrx_word' id='word_1_96' title='bbox 1624 1042 1673 1080; x_wconf 92' lang='lat' dir='ltr'>ut</span> 
     </span>
     <span class='ocr_line' id='line_1_14' title="bbox 36 1099 1671 1182; baseline -0.001 -29.993"><span class='ocrx_word' id='word_1_97' title='bbox 36 1100 252 1159; x_wconf 57' lang='lat' dir='ltr'>doninus</span> <span class='ocrx_word' id='word_1_98' title='bbox 284 1101 614 1182; x_wconf 76' lang='lat' dir='ltr'>praescripsit,</span> <span class='ocrx_word' id='word_1_99' title='bbox 650 1100 739 1147; x_wconf 91' lang='lat' dir='ltr'>nisi</span> <span class='ocrx_word' id='word_1_100' title='bbox 770 1099 1100 1147; x_wconf 88' lang='lat' dir='ltr'>abundantiam</span> <span class='ocrx_word' id='word_1_101' title='bbox 1128 1099 1437 1150; x_wconf 86' lang='lat' dir='ltr'>adversariae</span> <span class='ocrx_word' id='word_1_102' title='bbox 1470 1104 1588 1162; x_wconf 92' lang='lat' dir='ltr'>eius,</span> <span class='ocrx_word' id='word_1_103' title='bbox 1622 1103 1671 1151; x_wconf 92' lang='lat' dir='ltr'>id</span> 
     </span>
     <span class='ocr_line' id='line_1_15' title="bbox 43 1169 1670 1236; baseline -0.001 -14"><span class='ocrx_word' id='word_1_104' title='bbox 43 1180 118 1222; x_wconf 71' lang='lat' dir='ltr'>est</span> <span class='ocrx_word' id='word_1_105' title='bbox 155 1172 436 1229; x_wconf 74' lang='lat' dir='ltr'>iniustitiae,</span> <span class='ocrx_word' id='word_1_106' title='bbox 483 1172 895 1235; x_wconf 81' lang='lat' dir='ltr'>perspexerimus?</span> <span class='ocrx_word' id='word_1_107' title='bbox 942 1169 1093 1230; x_wconf 82' lang='lat' dir='ltr'>Quod</span> <span class='ocrx_word' id='word_1_108' title='bbox 1139 1172 1178 1218; x_wconf 91' lang='lat' dir='ltr'>si</span> <span class='ocrx_word' id='word_1_109' title='bbox 1225 1181 1369 1236; x_wconf 84' lang='lat' dir='ltr'>caput</span> <span class='ocrx_word' id='word_1_110' title='bbox 1415 1175 1670 1221; x_wconf 86' lang='lat' dir='ltr'>iniustitiae</span> 
     </span>
     <span class='ocr_line' id='line_1_16' title="bbox 38 1240 1674 1305; baseline 0.001 -15.005"><span class='ocrx_word' id='word_1_111' title='bbox 38 1241 310 1292; x_wconf 69' lang='lat' dir='ltr'>idoiolatria</span> <span class='ocrx_word' id='word_1_112' title='bbox 347 1251 444 1300; x_wconf 89' lang='lat' dir='ltr'>est,</span> <span class='ocrx_word' id='word_1_113' title='bbox 491 1243 621 1305; x_wconf 89' lang='lat' dir='ltr'>prius</span> <span class='ocrx_word' id='word_1_114' title='bbox 653 1250 747 1298; x_wconf 84' lang='lat' dir='ltr'>est,</span> <span class='ocrx_word' id='word_1_115' title='bbox 801 1243 867 1288; x_wconf 91' lang='lat' dir='ltr'>uti</span> <span class='ocrx_word' id='word_1_116' title='bbox 898 1240 1126 1289; x_wconf 88' lang='lat' dir='ltr'>adversus</span> <span class='ocrx_word' id='word_1_117' title='bbox 1156 1241 1485 1291; x_wconf 86' lang='lat' dir='ltr'>abundantiam</span> <span class='ocrx_word' id='word_1_118' title='bbox 1518 1243 1674 1291; x_wconf 91' lang='lat' dir='ltr'>idolo-</span> 
     </span>
     <span class='ocr_line' id='line_1_17' title="bbox 46 1311 1673 1376; baseline 0.001 -16"><span class='ocrx_word' id='word_1_119' title='bbox 46 1314 209 1362; x_wconf 75' lang='lat' dir='ltr'>latriae</span> <span class='ocrx_word' id='word_1_120' title='bbox 254 1313 654 1376; x_wconf 85' lang='lat' dir='ltr'>praemuniamur,</span> <span class='ocrx_word' id='word_1_121' title='bbox 703 1311 808 1359; x_wconf 89' lang='lat' dir='ltr'>dum</span> <span class='ocrx_word' id='word_1_122' title='bbox 847 1312 972 1359; x_wconf 88' lang='lat' dir='ltr'>illam</span> <span class='ocrx_word' id='word_1_123' title='bbox 1011 1328 1105 1359; x_wconf 90' lang='lat' dir='ltr'>non</span> <span class='ocrx_word' id='word_1_124' title='bbox 1144 1313 1294 1360; x_wconf 92' lang='lat' dir='ltr'>solum</span> <span class='ocrx_word' id='word_1_125' title='bbox 1333 1314 1380 1360; x_wconf 91' lang='lat' dir='ltr'>in</span> <span class='ocrx_word' id='word_1_126' title='bbox 1412 1314 1673 1363; x_wconf 85' lang='lat' dir='ltr'>manifestis</span> 
     </span>
     <span class='ocr_line' id='line_1_18' title="bbox 45 1383 455 1447; baseline -0.002 -16"><span class='ocrx_word' id='word_1_127' title='bbox 45 1383 455 1447; x_wconf 75' lang='lat' dir='ltr'>recognoscimus.</span> 
     </span>
    </p>

    <p class='ocr_par' dir='ltr' id='par_1_4' title="bbox 0 1452 1686 2937">
     <span class='ocr_line' id='line_1_19' title="bbox 184 1452 1675 1519; baseline 0.002 -18"><span class='ocrx_word' id='word_1_128' title='bbox 184 1457 235 1505; x_wconf 81' lang='lat'>3.</span> <span class='ocrx_word' id='word_1_129' title='bbox 272 1452 451 1501; x_wconf 85' lang='lat' dir='ltr'>Idolum</span> <span class='ocrx_word' id='word_1_130' title='bbox 474 1452 757 1518; x_wconf 73' lang='lat' dir='ltr'>aliquamdiu</span> <span class='ocrx_word' id='word_1_131' title='bbox 782 1462 913 1500; x_wconf 88' lang='lat' dir='ltr'>retro</span> <span class='ocrx_word' id='word_1_132' title='bbox 939 1470 1031 1500; x_wconf 90' lang='lat' dir='ltr'>non</span> <span class='ocrx_word' id='word_1_133' title='bbox 1058 1462 1180 1500; x_wconf 88' lang='lat' dir='ltr'>erat.</span> <span class='ocrx_word' id='word_1_134' title='bbox 1238 1453 1513 1519; x_wconf 90' lang='lat' dir='ltr'>Priusquam</span> <span class='ocrx_word' id='word_1_135' title='bbox 1538 1456 1675 1505; x_wconf 89' lang='lat' dir='ltr'>huius</span> 
     </span>
     <span class='ocr_line' id='line_1_20' title="bbox 33 1523 1676 1588; baseline 0.001 -14"><span class='ocrx_word' id='word_1_136' title='bbox 33 1525 237 1574; x_wconf 65' lang='lat' dir='ltr'>rmonstri</span> <span class='ocrx_word' id='word_1_137' title='bbox 275 1524 484 1572; x_wconf 76' lang='lat' dir='ltr'>artifices</span> <span class='ocrx_word' id='word_1_138' title='bbox 525 1524 824 1581; x_wconf 89' lang='lat' dir='ltr'>ebullissent,</span> <span class='ocrx_word' id='word_1_139' title='bbox 874 1523 973 1571; x_wconf 88' lang='lat' dir='ltr'>sola</span> <span class='ocrx_word' id='word_1_140' title='bbox 1013 1524 1185 1588; x_wconf 87' lang='lat' dir='ltr'>templa</span> <span class='ocrx_word' id='word_1_141' title='bbox 1225 1533 1275 1572; x_wconf 82' lang='lat' dir='ltr'>et</span> <span class='ocrx_word' id='word_1_142' title='bbox 1310 1541 1490 1574; x_wconf 90' lang='lat' dir='ltr'>vacuae</span> <span class='ocrx_word' id='word_1_143' title='bbox 1530 1527 1676 1575; x_wconf 87' lang='lat' dir='ltr'>aedes</span> 
     </span>
     <span class='ocr_line' id='line_1_21' title="bbox 35 1593 1676 1658; baseline 0.001 -14"><span class='ocrx_word' id='word_1_144' title='bbox 35 1604 200 1654; x_wconf 67' lang='lat' dir='ltr'>emt,</span> <span class='ocrx_word' id='word_1_145' title='bbox 247 1596 371 1643; x_wconf 85' lang='lat' dir='ltr'>sicut</span> <span class='ocrx_word' id='word_1_146' title='bbox 401 1595 447 1642; x_wconf 89' lang='lat' dir='ltr'>in</span> <span class='ocrx_word' id='word_1_147' title='bbox 478 1593 757 1642; x_wconf 84' lang='lat' dir='ltr'>hodiernum</span> <span class='ocrx_word' id='word_1_148' title='bbox 790 1593 1063 1658; x_wconf 89' lang='lat' dir='ltr'>quibusdam</span> <span class='ocrx_word' id='word_1_149' title='bbox 1097 1595 1217 1643; x_wconf 91' lang='lat' dir='ltr'>locis</span> <span class='ocrx_word' id='word_1_150' title='bbox 1247 1599 1497 1644; x_wconf 88' lang='lat' dir='ltr'>vetustatis</span> <span class='ocrx_word' id='word_1_151' title='bbox 1529 1600 1676 1646; x_wconf 88' lang='lat' dir='ltr'>vesti-</span> 
     </span>
     <span class='ocr_line' id='line_1_22' title="bbox 19 1664 1675 1732; baseline 0 -16"><span class='ocrx_word' id='word_1_152' title='bbox 19 1667 123 1732; x_wconf 71' lang='lat' dir='ltr'>:gin</span> <span class='ocrx_word' id='word_1_153' title='bbox 157 1675 446 1730; x_wconf 81' lang='lat' dir='ltr'>permanent.</span> <span class='ocrx_word' id='word_1_154' title='bbox 521 1666 697 1713; x_wconf 88' lang='lat' dir='ltr'>Tamen</span> <span class='ocrx_word' id='word_1_155' title='bbox 737 1664 1010 1713; x_wconf 85' lang='lat' dir='ltr'>idololatria</span> <span class='ocrx_word' id='word_1_156' title='bbox 1048 1665 1300 1729; x_wconf 84' lang='lat' dir='ltr'>agebatur,</span> <span class='ocrx_word' id='word_1_157' title='bbox 1350 1684 1443 1714; x_wconf 89' lang='lat' dir='ltr'>non</span> <span class='ocrx_word' id='word_1_158' title='bbox 1489 1669 1536 1715; x_wconf 92' lang='lat' dir='ltr'>in</span> <span class='ocrx_word' id='word_1_159' title='bbox 1583 1670 1675 1716; x_wconf 88' lang='lat' dir='ltr'>isto</span> 
     </span>
     <span class='ocr_line' id='line_1_23' title="bbox 44 1735 1677 1803; baseline 0.001 -17"><span class='ocrx_word' id='word_1_160' title='bbox 44 1738 254 1796; x_wconf 66' lang='lat' dir='ltr'>nomine,</span> <span class='ocrx_word' id='word_1_161' title='bbox 308 1735 394 1784; x_wconf 89' lang='lat' dir='ltr'>sed</span> <span class='ocrx_word' id='word_1_162' title='bbox 425 1739 470 1784; x_wconf 91' lang='lat' dir='ltr'>in</span> <span class='ocrx_word' id='word_1_163' title='bbox 504 1737 594 1784; x_wconf 92' lang='lat' dir='ltr'>isto</span> <span class='ocrx_word' id='word_1_164' title='bbox 629 1751 793 1800; x_wconf 88' lang='lat' dir='ltr'>opere.</span> <span class='ocrx_word' id='word_1_165' title='bbox 868 1735 988 1783; x_wconf 84' lang='lat' dir='ltr'>Nam</span> <span class='ocrx_word' id='word_1_166' title='bbox 1023 1745 1071 1784; x_wconf 89' lang='lat' dir='ltr'>et</span> <span class='ocrx_word' id='word_1_167' title='bbox 1101 1736 1242 1785; x_wconf 90' lang='lat' dir='ltr'>hodie</span> <span class='ocrx_word' id='word_1_168' title='bbox 1277 1747 1414 1785; x_wconf 84' lang='lat' dir='ltr'>extra</span> <span class='ocrx_word' id='word_1_169' title='bbox 1452 1741 1677 1803; x_wconf 86' lang='lat' dir='ltr'>templum</span> 
     </span>
     <span class='ocr_line' id='line_1_24' title="bbox 24 1805 1678 1871; baseline 0.001 -15"><span class='ocrx_word' id='word_1_170' title='bbox 24 1817 98 1856; x_wconf 62' lang='lat' dir='ltr'>cta</span> <span class='ocrx_word' id='word_1_171' title='bbox 121 1809 223 1856; x_wconf 77' lang='lat' dir='ltr'>sine</span> <span class='ocrx_word' id='word_1_172' title='bbox 254 1806 384 1855; x_wconf 82' lang='lat' dir='ltr'>idolo</span> <span class='ocrx_word' id='word_1_173' title='bbox 417 1809 494 1871; x_wconf 87' lang='lat' dir='ltr'>agi</span> <span class='ocrx_word' id='word_1_174' title='bbox 524 1815 698 1871; x_wconf 83' lang='lat' dir='ltr'>potest.</span> <span class='ocrx_word' id='word_1_175' title='bbox 759 1805 825 1853; x_wconf 92' lang='lat' dir='ltr'>At</span> <span class='ocrx_word' id='word_1_176' title='bbox 855 1807 934 1853; x_wconf 88' lang='lat' dir='ltr'>ubi</span> <span class='ocrx_word' id='word_1_177' title='bbox 965 1808 1175 1855; x_wconf 88' lang='lat' dir='ltr'>artifices</span> <span class='ocrx_word' id='word_1_178' title='bbox 1207 1817 1463 1856; x_wconf 88' lang='lat' dir='ltr'>statuarum</span> <span class='ocrx_word' id='word_1_179' title='bbox 1491 1819 1540 1856; x_wconf 91' lang='lat' dir='ltr'>et</span> <span class='ocrx_word' id='word_1_180' title='bbox 1565 1812 1678 1858; x_wconf 90' lang='lat' dir='ltr'>ima-</span> 
     </span>
     <span class='ocr_line' id='line_1_25' title="bbox 46 1877 1680 1943; baseline 0 -16"><span class='ocrx_word' id='word_1_181' title='bbox 46 1880 203 1943; x_wconf 70' lang='lat' dir='ltr'>ginum</span> <span class='ocrx_word' id='word_1_182' title='bbox 243 1887 293 1925; x_wconf 92' lang='lat' dir='ltr'>et</span> <span class='ocrx_word' id='word_1_183' title='bbox 331 1879 482 1924; x_wconf 89' lang='lat' dir='ltr'>omnis</span> <span class='ocrx_word' id='word_1_184' title='bbox 523 1879 714 1940; x_wconf 85' lang='lat' dir='ltr'>generis</span> <span class='ocrx_word' id='word_1_185' title='bbox 756 1877 1114 1924; x_wconf 89' lang='lat' dir='ltr'>simulacrorum</span> <span class='ocrx_word' id='word_1_186' title='bbox 1155 1877 1371 1926; x_wconf 86' lang='lat' dir='ltr'>diabolus</span> <span class='ocrx_word' id='word_1_187' title='bbox 1411 1881 1575 1927; x_wconf 88' lang='lat' dir='ltr'>seculo</span> <span class='ocrx_word' id='word_1_188' title='bbox 1609 1882 1680 1927; x_wconf 92' lang='lat' dir='ltr'>in-</span> 
     </span>
     <span class='ocr_line' id='line_1_26' title="bbox 14 1947 1679 2011; baseline 0.001 -15"><span class='ocrx_word' id='word_1_189' title='bbox 14 1950 176 2007; x_wconf 46' lang='lat' dir='ltr'>mulie,</span> <span class='ocrx_word' id='word_1_190' title='bbox 220 1947 338 1996; x_wconf 81' lang='lat' dir='ltr'>rude</span> <span class='ocrx_word' id='word_1_191' title='bbox 383 1947 498 1995; x_wconf 86' lang='lat' dir='ltr'>illud</span> <span class='ocrx_word' id='word_1_192' title='bbox 543 1948 785 2011; x_wconf 88' lang='lat' dir='ltr'>negotium</span> <span class='ocrx_word' id='word_1_193' title='bbox 831 1948 1060 1994; x_wconf 88' lang='lat' dir='ltr'>humanae</span> <span class='ocrx_word' id='word_1_194' title='bbox 1103 1948 1380 1995; x_wconf 86' lang='lat' dir='ltr'>calamitatis</span> <span class='ocrx_word' id='word_1_195' title='bbox 1420 1958 1469 1996; x_wconf 87' lang='lat' dir='ltr'>et</span> <span class='ocrx_word' id='word_1_196' title='bbox 1510 1967 1679 1998; x_wconf 89' lang='lat' dir='ltr'>nomen</span> 
     </span>
     <span class='ocr_line' id='line_1_27' title="bbox 25 2018 1681 2084; baseline 0.001 -17"><span class='ocrx_word' id='word_1_197' title='bbox 25 2018 115 2068; x_wconf 51' lang='lat' dir='ltr'>zdo.</span> <span class='ocrx_word' id='word_1_198' title='bbox 139 2018 282 2067; x_wconf 84' lang='lat' dir='ltr'>idolis</span> <span class='ocrx_word' id='word_1_199' title='bbox 314 2027 652 2083; x_wconf 87' lang='lat' dir='ltr'>consequutum</span> <span class='ocrx_word' id='word_1_200' title='bbox 687 2027 760 2065; x_wconf 86' lang='lat' dir='ltr'>est</span> <span class='ocrx_word' id='word_1_201' title='bbox 790 2027 839 2065; x_wconf 89' lang='lat' dir='ltr'>et</span> <span class='ocrx_word' id='word_1_202' title='bbox 868 2019 1150 2081; x_wconf 82' lang='lat' dir='ltr'>profectum.</span> <span class='ocrx_word' id='word_1_203' title='bbox 1199 2018 1382 2066; x_wconf 81' lang='lat' dir='ltr'>Exinde</span> <span class='ocrx_word' id='word_1_204' title='bbox 1416 2022 1505 2068; x_wconf 91' lang='lat' dir='ltr'>iam</span> <span class='ocrx_word' id='word_1_205' title='bbox 1538 2031 1681 2084; x_wconf 84' lang='lat' dir='ltr'>caput</span> 
     </span>
     <span class='ocr_line' id='line_1_28' title="bbox 47 2088 1679 2155; baseline -0.001 -14"><span class='ocrx_word' id='word_1_206' title='bbox 47 2090 175 2141; x_wconf 76' lang='lat' dir='ltr'>faeta</span> <span class='ocrx_word' id='word_1_207' title='bbox 205 2098 278 2138; x_wconf 90' lang='lat' dir='ltr'>est</span> <span class='ocrx_word' id='word_1_208' title='bbox 307 2088 609 2137; x_wconf 88' lang='lat' dir='ltr'>idololatriae</span> <span class='ocrx_word' id='word_1_209' title='bbox 648 2104 724 2136; x_wconf 89' lang='lat' dir='ltr'>ars</span> <span class='ocrx_word' id='word_1_210' title='bbox 758 2089 929 2145; x_wconf 85' lang='lat' dir='ltr'>omnis,</span> <span class='ocrx_word' id='word_1_211' title='bbox 979 2105 1098 2152; x_wconf 86' lang='lat' dir='ltr'>quae</span> <span class='ocrx_word' id='word_1_212' title='bbox 1131 2088 1303 2136; x_wconf 88' lang='lat' dir='ltr'>idolum</span> <span class='ocrx_word' id='word_1_213' title='bbox 1346 2091 1679 2155; x_wconf 86' lang='lat' dir='ltr'>quoquomodo</span> 
     </span>
     <span class='ocr_line' id='line_1_29' title="bbox 16 2159 1682 2225; baseline 0.001 -16"><span class='ocrx_word' id='word_1_214' title='bbox 16 2159 166 2209; x_wconf 64' lang='grc' dir='ltr'>-ὀᾶἰι,</span> <span class='ocrx_word' id='word_1_215' title='bbox 227 2159 397 2225; x_wconf 77' lang='lat' dir='ltr'>Neque</span> <span class='ocrx_word' id='word_1_216' title='bbox 430 2161 555 2208; x_wconf 90' lang='lat' dir='ltr'>enim</span> <span class='ocrx_word' id='word_1_217' title='bbox 586 2161 801 2217; x_wconf 84' lang='lat' dir='ltr'>interest,</span> <span class='ocrx_word' id='word_1_218' title='bbox 833 2176 891 2206; x_wconf 87' lang='lat' dir='ltr'>an</span> <span class='ocrx_word' id='word_1_219' title='bbox 922 2159 1100 2222; x_wconf 87' lang='lat' dir='ltr'>plastes</span> <span class='ocrx_word' id='word_1_220' title='bbox 1133 2160 1342 2224; x_wconf 86' lang='lat' dir='ltr'>effingat,</span> <span class='ocrx_word' id='word_1_221' title='bbox 1376 2178 1438 2208; x_wconf 85' lang='lat' dir='ltr'>an</span> <span class='ocrx_word' id='word_1_222' title='bbox 1467 2163 1682 2210; x_wconf 89' lang='lat' dir='ltr'>caelator</span> 
     </span>
     <span class='ocr_line' id='line_1_30' title="bbox 15 2228 1679 2295; baseline 0.002 -17"><span class='ocrx_word' id='word_1_223' title='bbox 15 2252 21 2266; x_wconf 93' lang='lat'>-·</span> <span class='ocrx_word' id='word_1_224' title='bbox 51 2231 319 2295; x_wconf 66' lang='lat' dir='ltr'>mipat‚</span> <span class='ocrx_word' id='word_1_225' title='bbox 357 2247 415 2278; x_wconf 89' lang='lat' dir='ltr'>an</span> <span class='ocrx_word' id='word_1_226' title='bbox 446 2231 648 2294; x_wconf 85' lang='lat' dir='ltr'>phrygio</span> <span class='ocrx_word' id='word_1_227' title='bbox 681 2228 896 2288; x_wconf 71' lang='lat' dir='ltr'>detexat3</span> <span class='ocrx_word' id='word_1_228' title='bbox 931 2231 1039 2294; x_wconf 85' lang='lat' dir='ltr'>quia</span> <span class='ocrx_word' id='word_1_229' title='bbox 1070 2247 1158 2278; x_wconf 87' lang='lat' dir='ltr'>nec</span> <span class='ocrx_word' id='word_1_230' title='bbox 1193 2230 1250 2278; x_wconf 92' lang='lat' dir='ltr'>de</span> <span class='ocrx_word' id='word_1_231' title='bbox 1283 2234 1483 2280; x_wconf 87' lang='lat' dir='ltr'>materia</span> <span class='ocrx_word' id='word_1_232' title='bbox 1513 2234 1679 2291; x_wconf 80' lang='lat' dir='ltr'>refert,</span> 
     </span>
     <span class='ocr_line' id='line_1_31' title="bbox 24 2300 1679 2369; baseline 0.002 -21"><span class='ocrx_word' id='word_1_233' title='bbox 24 2312 315 2369; x_wconf 50' lang='lat' dir='ltr'>&gt;mmm</span> <span class='ocrx_word' id='word_1_234' title='bbox 358 2318 416 2350; x_wconf 90' lang='lat' dir='ltr'>an</span> <span class='ocrx_word' id='word_1_235' title='bbox 450 2301 713 2359; x_wconf 88' lang='lat' dir='ltr'>coloribus,</span> <span class='ocrx_word' id='word_1_236' title='bbox 761 2317 818 2349; x_wconf 87' lang='lat' dir='ltr'>an</span> <span class='ocrx_word' id='word_1_237' title='bbox 860 2300 1038 2364; x_wconf 88' lang='lat' dir='ltr'>lapide,</span> <span class='ocrx_word' id='word_1_238' title='bbox 1087 2318 1145 2348; x_wconf 85' lang='lat' dir='ltr'>an</span> <span class='ocrx_word' id='word_1_239' title='bbox 1178 2318 1317 2361; x_wconf 86' lang='lat' dir='ltr'>aere,</span> <span class='ocrx_word' id='word_1_240' title='bbox 1365 2320 1422 2350; x_wconf 88' lang='lat' dir='ltr'>an</span> <span class='ocrx_word' id='word_1_241' title='bbox 1462 2314 1679 2368; x_wconf 86' lang='lat' dir='ltr'>argento,</span> 
     </span>
     <span class='ocr_line' id='line_1_32' title="bbox 26 2359 1682 2445; baseline 0.001 -25"><span class='ocrx_word' id='word_1_242' title='bbox 26 2359 219 2445; x_wconf 53' lang='grc' dir='ltr'>ἰριίὶὶι)</span> <span class='ocrx_word' id='word_1_243' title='bbox 250 2372 481 2420; x_wconf 66' lang='lat' dir='ltr'>flormetur</span> <span class='ocrx_word' id='word_1_244' title='bbox 511 2370 702 2419; x_wconf 89' lang='lat' dir='ltr'>idolum.</span> <span class='ocrx_word' id='word_1_245' title='bbox 765 2370 961 2432; x_wconf 84' lang='lat' dir='ltr'>Quando</span> <span class='ocrx_word' id='word_1_246' title='bbox 996 2374 1119 2419; x_wconf 90' lang='lat' dir='ltr'>enim</span> <span class='ocrx_word' id='word_1_247' title='bbox 1153 2381 1198 2420; x_wconf 86' lang='lat' dir='ltr'>et</span> <span class='ocrx_word' id='word_1_248' title='bbox 1232 2374 1334 2421; x_wconf 91' lang='lat' dir='ltr'>sine</span> <span class='ocrx_word' id='word_1_249' title='bbox 1367 2372 1495 2421; x_wconf 92' lang='lat' dir='ltr'>idolo</span> <span class='ocrx_word' id='word_1_250' title='bbox 1528 2374 1682 2422; x_wconf 85' lang='lat' dir='ltr'>idolo·</span> 
     </span>
     <span class='ocr_line' id='line_1_33' title="bbox 19 2439 1679 2508; baseline 0.003 -22"><span class='ocrx_word' id='word_1_251' title='bbox 19 2455 24 2486; x_wconf 73' lang='grc' dir='ltr'><strong>ε</strong></span> <span class='ocrx_word' id='word_1_252' title='bbox 50 2439 308 2498; x_wconf 50' lang='lat' dir='ltr'>what:</span> <span class='ocrx_word' id='word_1_253' title='bbox 342 2444 520 2508; x_wconf 83' lang='lat' dir='ltr'>utique,</span> <span class='ocrx_word' id='word_1_254' title='bbox 548 2459 651 2490; x_wconf 90' lang='lat' dir='ltr'>cum</span> <span class='ocrx_word' id='word_1_255' title='bbox 669 2441 805 2490; x_wconf 77' lang='lat' dir='ltr'>adest</span> <span class='ocrx_word' id='word_1_256' title='bbox 824 2442 1013 2501; x_wconf 87' lang='lat' dir='ltr'>idolum,</span> <span class='ocrx_word' id='word_1_257' title='bbox 1047 2443 1193 2490; x_wconf 90' lang='lat' dir='ltr'>nihil</span> <span class='ocrx_word' id='word_1_258' title='bbox 1181 2453 1400 2501; x_wconf 80' lang='lat' dir='ltr'>interest,</span> <span class='ocrx_word' id='word_1_259' title='bbox 1436 2445 1575 2508; x_wconf 88' lang='lat' dir='ltr'>quale</span> <span class='ocrx_word' id='word_1_260' title='bbox 1602 2446 1679 2502; x_wconf 83' lang='lat' dir='ltr'>sit,</span> 
     </span>
     <span class='ocr_line' id='line_1_34' title="bbox 174 2512 1683 2579; baseline 0 -17"><span class='ocrx_word' id='word_1_261' title='bbox 174 2512 235 2562; x_wconf 75' lang='lat' dir='ltr'>de</span> <span class='ocrx_word' id='word_1_262' title='bbox 264 2515 475 2572; x_wconf 72' lang='lat' dir='ltr'>materia,</span> <span class='ocrx_word' id='word_1_263' title='bbox 509 2531 601 2579; x_wconf 90' lang='lat' dir='ltr'>qua</span> <span class='ocrx_word' id='word_1_264' title='bbox 633 2512 691 2561; x_wconf 90' lang='lat' dir='ltr'>de</span> <span class='ocrx_word' id='word_1_265' title='bbox 725 2513 898 2578; x_wconf 87' lang='lat' dir='ltr'>effigie,</span> <span class='ocrx_word' id='word_1_266' title='bbox 934 2530 992 2562; x_wconf 91' lang='lat' dir='ltr'>ne</span> <span class='ocrx_word' id='word_1_267' title='bbox 1026 2515 1129 2578; x_wconf 91' lang='lat' dir='ltr'>quis</span> <span class='ocrx_word' id='word_1_268' title='bbox 1161 2523 1294 2578; x_wconf 88' lang='lat' dir='ltr'>putet</span> <span class='ocrx_word' id='word_1_269' title='bbox 1325 2513 1372 2561; x_wconf 84' lang='lat' dir='ltr'>id</span> <span class='ocrx_word' id='word_1_270' title='bbox 1396 2515 1544 2562; x_wconf 88' lang='lat' dir='ltr'>solum</span> <span class='ocrx_word' id='word_1_271' title='bbox 1579 2514 1683 2562; x_wconf 89' lang='lat' dir='ltr'>ido-</span> 
     </span>
     <span class='ocr_line' id='line_1_35' title="bbox 177 2582 1684 2649; baseline 0.001 -17"><span class='ocrx_word' id='word_1_272' title='bbox 177 2582 461 2642; x_wconf 83' lang='lat' dir='ltr'>babendum‚</span> <span class='ocrx_word' id='word_1_273' title='bbox 501 2583 627 2649; x_wconf 86' lang='lat' dir='ltr'>quod</span> <span class='ocrx_word' id='word_1_274' title='bbox 658 2584 855 2632; x_wconf 86' lang='lat' dir='ltr'>humana</span> <span class='ocrx_word' id='word_1_275' title='bbox 894 2584 1050 2648; x_wconf 89' lang='lat' dir='ltr'>effigie</span> <span class='ocrx_word' id='word_1_276' title='bbox 1090 2586 1150 2632; x_wconf 91' lang='lat' dir='ltr'>sit</span> <span class='ocrx_word' id='word_1_277' title='bbox 1190 2594 1537 2634; x_wconf 87' lang='lat' dir='ltr'>consecratum.</span> <span class='ocrx_word' id='word_1_278' title='bbox 1607 2586 1684 2634; x_wconf 91' lang='lat' dir='ltr'>Ad</span> 
     </span>
     <span class='ocr_line' id='line_1_36' title="bbox 21 2645 1685 2719; baseline 0.001 -17.04"><span class='ocrx_word' id='word_1_279' title='bbox 21 2645 149 2703; x_wconf 61' lang='lat' dir='ltr'>Boe</span> <span class='ocrx_word' id='word_1_280' title='bbox 177 2656 450 2703; x_wconf 84' lang='lat' dir='ltr'>necessaria</span> <span class='ocrx_word' id='word_1_281' title='bbox 481 2664 557 2703; x_wconf 89' lang='lat' dir='ltr'>est</span> <span class='ocrx_word' id='word_1_282' title='bbox 585 2655 804 2703; x_wconf 86' lang='lat' dir='ltr'>vocabuli</span> <span class='ocrx_word' id='word_1_283' title='bbox 837 2656 1186 2718; x_wconf 84' lang='lat' dir='ltr'>interpretatio:</span> <span class='ocrx_word' id='word_1_284' title='bbox 1225 2651 1346 2714; x_wconf 83' lang='grc' dir='ltr'><em>εἶδος</em></span> <span class='ocrx_word' id='word_1_285' title='bbox 1376 2673 1552 2719; x_wconf 73' lang='lat' dir='ltr'>graece</span> <span class='ocrx_word' id='word_1_286' title='bbox 1586 2658 1685 2704; x_wconf 85' lang='lat' dir='ltr'>for-</span> 
     </span>
     <span class='ocr_line' id='line_1_37' title="bbox 21 2723 1686 2790; baseline 0.002 -18"><span class='ocrx_word' id='word_1_287' title='bbox 21 2748 27 2758; x_wconf 86' lang='lat'><strong>·</strong></span> <span class='ocrx_word' id='word_1_288' title='bbox 161 2784 175 2789; x_wconf 28' lang='lat'>‘</span> <span class='ocrx_word' id='word_1_289' title='bbox 204 2734 363 2784; x_wconf 83' lang='lat' dir='ltr'>sonat,</span> <span class='ocrx_word' id='word_1_290' title='bbox 395 2725 452 2773; x_wconf 88' lang='lat' dir='ltr'>ab</span> <span class='ocrx_word' id='word_1_291' title='bbox 485 2741 544 2774; x_wconf 91' lang='lat' dir='ltr'>eo</span> <span class='ocrx_word' id='word_1_292' title='bbox 578 2742 663 2790; x_wconf 94' lang='lat' dir='ltr'>per</span> <span class='ocrx_word' id='word_1_293' title='bbox 694 2725 1063 2773; x_wconf 88' lang='lat' dir='ltr'>deminutionem</span> <span class='ocrx_word' id='word_1_294' title='bbox 1096 2723 1289 2775; x_wconf 78' lang='grc' dir='ltr'><em>εἰδωλον</em></span> <span class='ocrx_word' id='word_1_295' title='bbox 1321 2725 1571 2775; x_wconf 89' lang='lat' dir='ltr'>deductum</span> <span class='ocrx_word' id='word_1_296' title='bbox 1604 2745 1686 2776; x_wconf 89' lang='lat' dir='ltr'>ae-</span> 
     </span>
     <span class='ocr_line' id='line_1_38' title="bbox 0 2793 1686 2874; baseline 0.001 -30"><span class='ocrx_word' id='word_1_297' title='bbox 0 2846 2 2874; x_wconf 18' lang='lat'><em>*</em></span> <span class='ocrx_word' id='word_1_298' title='bbox 97 2799 103 2804; x_wconf 88' lang='lat'>&#39;</span> <span class='ocrx_word' id='word_1_299' title='bbox 123 2793 305 2859; x_wconf 66' lang='lat' dir='ltr'>capud</span> <span class='ocrx_word' id='word_1_300' title='bbox 335 2813 420 2844; x_wconf 88' lang='lat' dir='ltr'>nos</span> <span class='ocrx_word' id='word_1_301' title='bbox 451 2796 695 2845; x_wconf 82' lang='lat' dir='ltr'>formulam</span> <span class='ocrx_word' id='word_1_302' title='bbox 728 2797 861 2844; x_wconf 83' lang='lat' dir='ltr'>fecit.</span> <span class='ocrx_word' id='word_1_303' title='bbox 929 2796 1080 2859; x_wconf 83' lang='lat' dir='ltr'>Igitur</span> <span class='ocrx_word' id='word_1_304' title='bbox 1118 2797 1266 2844; x_wconf 90' lang='lat' dir='ltr'>omnis</span> <span class='ocrx_word' id='word_1_305' title='bbox 1298 2796 1447 2846; x_wconf 87' lang='lat' dir='ltr'>forma</span> <span class='ocrx_word' id='word_1_306' title='bbox 1478 2799 1554 2846; x_wconf 89' lang='lat' dir='ltr'>vel</span> <span class='ocrx_word' id='word_1_307' title='bbox 1586 2799 1686 2846; x_wconf 87' lang='lat' dir='ltr'>for-</span> 
     </span>
     <span class='ocr_line' id='line_1_39' title="bbox 0 2863 1685 2937; baseline 0.001 -22"><span class='ocrx_word' id='word_1_308' title='bbox 0 2875 2 2920; x_wconf 71' lang='grc' dir='ltr'><em>ῑ</em></span> <span class='ocrx_word' id='word_1_309' title='bbox 47 2863 182 2937; x_wconf 46' lang='grc' dir='ltr'>με</span> <span class='ocrx_word' id='word_1_310' title='bbox 212 2864 390 2914; x_wconf 78' lang='lat' dir='ltr'>idolum</span> <span class='ocrx_word' id='word_1_311' title='bbox 418 2883 469 2916; x_wconf 91' lang='lat' dir='ltr'>se</span> <span class='ocrx_word' id='word_1_312' title='bbox 502 2866 594 2916; x_wconf 86' lang='lat' dir='ltr'>dici</span> <span class='ocrx_word' id='word_1_313' title='bbox 629 2868 862 2931; x_wconf 81' lang='lat' dir='ltr'>exposcit.</span> <span class='ocrx_word' id='word_1_314' title='bbox 925 2866 1038 2914; x_wconf 88' lang='lat' dir='ltr'>Inde</span> <span class='ocrx_word' id='word_1_315' title='bbox 1072 2865 1344 2915; x_wconf 84' lang='lat' dir='ltr'>idololatria</span> <span class='ocrx_word' id='word_1_316' title='bbox 1373 2870 1522 2916; x_wconf 88' lang='lat' dir='ltr'>omnis</span> <span class='ocrx_word' id='word_1_317' title='bbox 1556 2870 1685 2917; x_wconf 89' lang='lat' dir='ltr'>circa</span> 
     </span>
    </p>
   </div>
   <div class='ocr_carea' id='block_1_4' title="bbox 0 0 181 2844">
    <p class='ocr_par' dir='ltr' id='par_1_5' title="bbox 0 0 181 2844">
     <span class='ocr_line' id='line_1_40' title="bbox 0 0 181 2844; baseline 0 0"><span class='ocrx_word' id='word_1_318' title='bbox 0 0 181 2844; x_wconf 95' lang='lat' dir='ltr'> </span> 
     </span>
    </p>
   </div>
   <div class='ocr_carea' id='block_1_5' title="bbox 35 2938 412 3240">
    <p class='ocr_par' dir='ltr' id='par_1_6' title="bbox 35 2938 412 3240">
     <span class='ocr_line' id='line_1_41' title="bbox 35 2938 412 3023; baseline 0 531"><span class='ocrx_word' id='word_1_319' title='bbox 35 2938 412 3023; x_wconf 95' lang='lat' dir='ltr'> </span> 
     </span>
     <span class='ocr_line' id='line_1_42' title="bbox 35 3023 147 3240; baseline 0 0"><span class='ocrx_word' id='word_1_320' title='bbox 35 3023 147 3240; x_wconf 95' lang='lat' dir='ltr'>   </span> 
     </span>
    </p>
   </div>
   <div class='ocr_carea' id='block_1_6' title="bbox 43 3035 1690 3214">
    <p class='ocr_par' dir='ltr' id='par_1_7' title="bbox 40 3035 1690 3215">
     <span class='ocr_line' id='line_1_43' title="bbox 106 3035 1690 3100; baseline 0.003 -13.82"><span class='ocrx_word' id='word_1_321' title='bbox 106 3035 221 3099; x_wconf 65' lang='grc' dir='ltr'>ἐι)</span> <span class='ocrx_word' id='word_1_322' title='bbox 249 3048 401 3086; x_wconf 76' lang='lat' dir='ltr'>matth.</span> <span class='ocrx_word' id='word_1_323' title='bbox 419 3052 458 3099; x_wconf 87' lang='lat'>5,</span> <span class='ocrx_word' id='word_1_324' title='bbox 475 3051 530 3088; x_wconf 82' lang='lat'>22</span> <span class='ocrx_word' id='word_1_325' title='bbox 546 3062 608 3098; x_wconf 67' lang='lat' dir='ltr'>sq.</span> <span class='ocrx_word' id='word_1_326' title='bbox 628 3053 695 3089; x_wconf 81' lang='lat'>28.</span> <span class='ocrx_word' id='word_1_327' title='bbox 824 3053 868 3100; x_wconf 85' lang='lat'>2)</span> <span class='ocrx_word' id='word_1_328' title='bbox 897 3052 1052 3098; x_wconf 79' lang='lat' dir='ltr'>110.a‚</span> <span class='ocrx_word' id='word_1_329' title='bbox 1079 3054 1144 3089; x_wconf 82' lang='lat'>15.</span> <span class='ocrx_word' id='word_1_330' title='bbox 1268 3053 1313 3100; x_wconf 82' lang='lat'>3)</span> <span class='ocrx_word' id='word_1_331' title='bbox 1346 3053 1415 3090; x_wconf 76' lang='lat' dir='ltr'>sic</span> <span class='ocrx_word' id='word_1_332' title='bbox 1449 3054 1690 3091; x_wconf 73' lang='lat' dir='ltr'>emendavit</span> 
     </span>
     <span class='ocr_line' id='line_1_44' title="bbox 58 3097 1689 3156; baseline 0.003 -12.945"><span class='ocrx_word' id='word_1_333' title='bbox 58 3125 64 3130; x_wconf 78' lang='lat'>-·</span> <span class='ocrx_word' id='word_1_334' title='bbox 119 3097 312 3157; x_wconf 58' lang='grc' dir='ltr'><strong>Μιιίιιι”;</strong></span> <span class='ocrx_word' id='word_1_335' title='bbox 344 3106 497 3147; x_wconf 83' lang='lat' dir='ltr'>ceteri.</span> <span class='ocrx_word' id='word_1_336' title='bbox 527 3107 606 3146; x_wconf 81' lang='lat' dir='ltr'>dei</span> <span class='ocrx_word' id='word_1_337' title='bbox 637 3108 844 3146; x_wconf 83' lang='lat' dir='ltr'>domini.</span> <span class='ocrx_word' id='word_1_338' title='bbox 960 3108 1006 3154; x_wconf 85' lang='lat'>4)</span> <span class='ocrx_word' id='word_1_339' title='bbox 1038 3108 1246 3156; x_wconf 59' lang='lat' dir='ltr'>Rigalt-ius</span> <span class='ocrx_word' id='word_1_340' title='bbox 1264 3112 1307 3146; x_wconf 85' lang='lat' dir='ltr'>et</span> <span class='ocrx_word' id='word_1_341' title='bbox 1323 3110 1541 3148; x_wconf 86' lang='lat' dir='ltr'>Wouwer.</span> <span class='ocrx_word' id='word_1_342' title='bbox 1561 3122 1583 3147; x_wconf 88' lang='lat' dir='ltr'>e</span> <span class='ocrx_word' id='word_1_343' title='bbox 1599 3111 1689 3148; x_wconf 85' lang='lat' dir='ltr'>MS.</span> 
     </span>
     <span class='ocr_line' id='line_1_45' title="bbox 43 3158 1479 3214; baseline 0.003 -15"><span class='ocrx_word' id='word_1_344' title='bbox 43 3160 52 3211; x_wconf 72' lang='lat' dir='ltr'><em>J</em></span> <span class='ocrx_word' id='word_1_345' title='bbox 120 3205 131 3211; x_wconf 37' lang='lat'>,</span> <span class='ocrx_word' id='word_1_346' title='bbox 148 3159 410 3210; x_wconf 49' lang='lat' dir='ltr'>{tudinem</span> <span class='ocrx_word' id='word_1_347' title='bbox 441 3163 514 3200; x_wconf 74' lang='lat' dir='ltr'>sed</span> <span class='ocrx_word' id='word_1_348' title='bbox 530 3164 583 3200; x_wconf 77' lang='lat' dir='ltr'>cf.</span> <span class='ocrx_word' id='word_1_349' title='bbox 598 3165 776 3212; x_wconf 73' lang='lat' dir='ltr'>Apocal,</span> <span class='ocrx_word' id='word_1_350' title='bbox 794 3166 833 3213; x_wconf 85' lang='lat'>2,</span> <span class='ocrx_word' id='word_1_351' title='bbox 853 3165 918 3201; x_wconf 83' lang='lat'>24.</span> <span class='ocrx_word' id='word_1_352' title='bbox 941 3158 997 3202; x_wconf 78' lang='grc' dir='ltr'>τοὶ</span> <span class='ocrx_word' id='word_1_353' title='bbox 1020 3163 1172 3214; x_wconf 77' lang='grc' dir='ltr'><strong><em>βαθέα</em></strong></span> <span class='ocrx_word' id='word_1_354' title='bbox 1191 3165 1271 3203; x_wconf 78' lang='grc' dir='ltr'>τοῦ</span> <span class='ocrx_word' id='word_1_355' title='bbox 1294 3166 1479 3205; x_wconf 76' lang='grc' dir='ltr'>σατουνᾶ.</span> 
     </span>
    </p>
   </div>
   <div class='ocr_carea' id='block_1_7' title="bbox 51 3260 151 3285">
    <p class='ocr_par' dir='ltr' id='par_1_8' title="bbox 51 3260 151 3291">
     <span class='ocr_line' id='line_1_46' title="bbox 51 3260 151 3285; baseline -0.02 -7"><span class='ocrx_word' id='word_1_356' title='bbox 51 3262 67 3278; x_wconf 61' lang='grc' dir='ltr'>ζ’</span> <span class='ocrx_word' id='word_1_357' title='bbox 83 3260 151 3285; x_wconf 42' lang='lat' dir='ltr'>‹stra-¹</span> 
     </span>
    </p>
   </div>
  </div>
 </body>
</html>
