<?xml version="1.0" encoding="UTF-8"?>
<!DOCTYPE html PUBLIC "-//W3C//DTD XHTML 1.0 Transitional//EN"
    "http://www.w3.org/TR/xhtml1/DTD/xhtml1-transitional.dtd">
<html xmlns="http://www.w3.org/1999/xhtml" xml:lang="en" lang="en">
 <head>
  <title>
</title>
<meta http-equiv="Content-Type" content="text/html;charset=utf-8" />
  <meta name='ocr-system' content='tesseract 3.04.00' />
  <meta name='ocr-capabilities' content='ocr_page ocr_carea ocr_par ocr_line ocrx_word'/>
</head>
<body>
  <div class='ocr_page' id='page_1' title='image "./operatert12tertuoft_0203.png"; bbox 0 0 1942 3554; ppageno 0'>
   <div class='ocr_carea' id='block_1_1' title="bbox 453 83 1644 169">
    <p class='ocr_par' dir='ltr' id='par_1_1' title="bbox 453 83 1644 169">
     <span class='ocr_line' id='line_1_1' title="bbox 453 83 1644 169; baseline 0.009 -15"><span class='ocrx_word' id='word_1_1' title='bbox 453 115 546 154; x_wconf 78' lang='lat' dir='ltr'><strong>DE</strong></span> <span class='ocrx_word' id='word_1_2' title='bbox 586 83 871 154; x_wconf 77' lang='lat' dir='ltr'><strong>conoNA</strong></span> <span class='ocrx_word' id='word_1_3' title='bbox 910 116 1203 156; x_wconf 68' lang='lat' dir='ltr'><strong>numus.</strong></span> <span class='ocrx_word' id='word_1_4' title='bbox 1547 115 1644 169; x_wconf 76' lang='lat'><strong>191</strong></span> 
     </span>
    </p>
   </div>
   <div class='ocr_carea' id='block_1_2' title="bbox 9 253 1658 2790">
    <p class='ocr_par' dir='ltr' id='par_1_2' title="bbox 11 253 1652 657">
     <span class='ocr_line' id='line_1_2' title="bbox 12 253 1652 323; baseline 0.001 -19"><span class='ocrx_word' id='word_1_5' title='bbox 12 263 111 323; x_wconf 57' lang='lat' dir='ltr'><strong>&#39;il’</strong></span> <span class='ocrx_word' id='word_1_6' title='bbox 141 269 297 321; x_wconf 77' lang='lat' dir='ltr'><strong>neque</strong></span> <span class='ocrx_word' id='word_1_7' title='bbox 329 255 466 304; x_wconf 82' lang='lat' dir='ltr'><strong>color</strong></span> <span class='ocrx_word' id='word_1_8' title='bbox 497 257 730 316; x_wconf 86' lang='lat' dir='ltr'><strong>cernitur,</strong></span> <span class='ocrx_word' id='word_1_9' title='bbox 764 271 917 320; x_wconf 88' lang='lat' dir='ltr'><strong>neque</strong></span> <span class='ocrx_word' id='word_1_10' title='bbox 951 254 1070 304; x_wconf 87' lang='lat' dir='ltr'><strong>odor</strong></span> <span class='ocrx_word' id='word_1_11' title='bbox 1100 253 1311 314; x_wconf 78' lang='lat' dir='ltr'><strong>ducitur,</strong></span> <span class='ocrx_word' id='word_1_12' title='bbox 1347 271 1436 303; x_wconf 80' lang='lat' dir='ltr'><strong>nec</strong></span> <span class='ocrx_word' id='word_1_13' title='bbox 1468 257 1652 305; x_wconf 67' lang='lat' dir='ltr'><strong>teneri·</strong></span> 
     </span>
     <span class='ocr_line' id='line_1_3' title="bbox 22 325 1649 394; baseline -0.001 -17"><span class='ocrx_word' id='word_1_14' title='bbox 22 341 92 377; x_wconf 51' lang='lat' dir='ltr'><strong>aa·</strong></span> <span class='ocrx_word' id='word_1_15' title='bbox 133 325 517 375; x_wconf 75' lang='lat' dir='ltr'><strong>commendatur?</strong></span> <span class='ocrx_word' id='word_1_16' title='bbox 558 326 670 375; x_wconf 92' lang='lat' dir='ltr'><strong>Tam</strong></span> <span class='ocrx_word' id='word_1_17' title='bbox 718 335 887 375; x_wconf 81' lang='lat' dir='ltr'><strong>contra</strong></span> <span class='ocrx_word' id='word_1_18' title='bbox 925 335 1138 375; x_wconf 81' lang='lat' dir='ltr'><strong>naturam</strong></span> <span class='ocrx_word' id='word_1_19' title='bbox 1177 335 1253 373; x_wconf 86' lang='lat' dir='ltr'><strong>est</strong></span> <span class='ocrx_word' id='word_1_20' title='bbox 1286 327 1450 374; x_wconf 88' lang='lat' dir='ltr'><strong>florem</strong></span> <span class='ocrx_word' id='word_1_21' title='bbox 1490 328 1649 394; x_wconf 73' lang='lat' dir='ltr'><strong>capite</strong></span> 
     </span>
     <span class='ocr_line' id='line_1_4' title="bbox 23 396 1650 462; baseline 0.002 -20"><span class='ocrx_word' id='word_1_22' title='bbox 23 397 224 457; x_wconf 31' lang='lat' dir='ltr'><strong>sectari,</strong></span> <span class='ocrx_word' id='word_1_23' title='bbox 257 412 394 461; x_wconf 84' lang='lat' dir='ltr'><strong>quam</strong></span> <span class='ocrx_word' id='word_1_24' title='bbox 417 396 569 445; x_wconf 87' lang='lat' dir='ltr'><strong>cibum</strong></span> <span class='ocrx_word' id='word_1_25' title='bbox 593 413 733 456; x_wconf 78' lang='lat' dir='ltr'><strong>aure,</strong></span> <span class='ocrx_word' id='word_1_26' title='bbox 766 413 899 462; x_wconf 85' lang='lat' dir='ltr'><strong>quam</strong></span> <span class='ocrx_word' id='word_1_27' title='bbox 924 413 1087 445; x_wconf 86' lang='lat' dir='ltr'><strong>sonum</strong></span> <span class='ocrx_word' id='word_1_28' title='bbox 1111 412 1243 445; x_wconf 89' lang='lat' dir='ltr'><strong>nare.</strong></span> <span class='ocrx_word' id='word_1_29' title='bbox 1303 396 1451 445; x_wconf 83' lang='lat' dir='ltr'>Omne</span> <span class='ocrx_word' id='word_1_30' title='bbox 1475 406 1650 458; x_wconf 80' lang='lat' dir='ltr'><strong>autem,</strong></span> 
     </span>
     <span class='ocr_line' id='line_1_5' title="bbox 23 464 1651 533; baseline 0.001 -17"><span class='ocrx_word' id='word_1_31' title='bbox 23 464 150 533; x_wconf 72' lang='lat' dir='ltr'><strong>pind</strong></span> <span class='ocrx_word' id='word_1_32' title='bbox 193 475 361 516; x_wconf 73' lang='lat' dir='ltr'><strong>contra</strong></span> <span class='ocrx_word' id='word_1_33' title='bbox 404 476 616 515; x_wconf 85' lang='lat' dir='ltr'><strong>naturam</strong></span> <span class='ocrx_word' id='word_1_34' title='bbox 661 477 756 526; x_wconf 88' lang='lat' dir='ltr'><strong>est,</strong></span> <span class='ocrx_word' id='word_1_35' title='bbox 803 468 1001 517; x_wconf 82' lang='lat' dir='ltr'><strong>monstri</strong></span> <span class='ocrx_word' id='word_1_36' title='bbox 1046 475 1256 516; x_wconf 79' lang='lat' dir='ltr'><strong>meretur</strong></span> <span class='ocrx_word' id='word_1_37' title='bbox 1299 477 1457 515; x_wconf 85' lang='lat' dir='ltr'><strong>notam</strong></span> <span class='ocrx_word' id='word_1_38' title='bbox 1501 483 1651 532; x_wconf 78' lang='lat' dir='ltr'><strong>penes</strong></span> 
     </span>
     <span class='ocr_line' id='line_1_6' title="bbox 11 537 1648 603; baseline 0.001 -18"><span class='ocrx_word' id='word_1_39' title='bbox 11 553 207 597; x_wconf 48' lang='lat' dir='ltr'><strong>amnes,</strong></span> <span class='ocrx_word' id='word_1_40' title='bbox 244 552 392 602; x_wconf 83' lang='lat' dir='ltr'><strong>penes</strong></span> <span class='ocrx_word' id='word_1_41' title='bbox 431 553 519 585; x_wconf 89' lang='lat' dir='ltr'><strong>nos</strong></span> <span class='ocrx_word' id='word_1_42' title='bbox 557 553 673 585; x_wconf 88' lang='lat' dir='ltr'><strong>vero</strong></span> <span class='ocrx_word' id='word_1_43' title='bbox 713 538 852 586; x_wconf 87' lang='lat' dir='ltr'><strong>etiam</strong></span> <span class='ocrx_word' id='word_1_44' title='bbox 891 537 1099 603; x_wconf 89' lang='lat' dir='ltr'><strong>elogium</strong></span> <span class='ocrx_word' id='word_1_45' title='bbox 1137 538 1383 602; x_wconf 79' lang='lat' dir='ltr'><strong>sacrilegii</strong></span> <span class='ocrx_word' id='word_1_46' title='bbox 1414 539 1460 585; x_wconf 89' lang='lat' dir='ltr'><strong>in</strong></span> <span class='ocrx_word' id='word_1_47' title='bbox 1493 537 1648 600; x_wconf 83' lang='lat' dir='ltr'><strong>deum,</strong></span> 
     </span>
     <span class='ocr_line' id='line_1_7' title="bbox 11 606 849 657; baseline -0.002 0"><span class='ocrx_word' id='word_1_48' title='bbox 11 616 215 657; x_wconf 53' lang='lat' dir='ltr'><strong>iamne</strong></span> <span class='ocrx_word' id='word_1_49' title='bbox 247 606 479 656; x_wconf 83' lang='lat' dir='ltr'><strong>dominum</strong></span> <span class='ocrx_word' id='word_1_50' title='bbox 513 617 560 655; x_wconf 89' lang='lat' dir='ltr'><strong>et</strong></span> <span class='ocrx_word' id='word_1_51' title='bbox 589 616 849 656; x_wconf 76' lang='lat' dir='ltr'><strong>auctorem.</strong></span> 
     </span>
    </p>

    <p class='ocr_par' dir='ltr' id='par_1_3' title="bbox 9 676 1655 2224">
     <span class='ocr_line' id='line_1_8' title="bbox 161 676 1653 741; baseline 0.001 -16"><span class='ocrx_word' id='word_1_52' title='bbox 161 682 210 731; x_wconf 78' lang='grc'><strong>6.</strong></span> <span class='ocrx_word' id='word_1_53' title='bbox 249 676 449 737; x_wconf 79' lang='lat' dir='ltr'><strong>Quaeris</strong></span> <span class='ocrx_word' id='word_1_54' title='bbox 477 678 622 741; x_wconf 86' lang='lat' dir='ltr'><strong>igitur</strong></span> <span class='ocrx_word' id='word_1_55' title='bbox 652 676 729 727; x_wconf 89' lang='lat' dir='ltr'><strong>dei</strong></span> <span class='ocrx_word' id='word_1_56' title='bbox 761 678 950 741; x_wconf 80' lang='lat' dir='ltr'><strong>legem?</strong></span> <span class='ocrx_word' id='word_1_57' title='bbox 999 676 1156 727; x_wconf 80' lang='lat' dir='ltr'><strong>Habes</strong></span> <span class='ocrx_word' id='word_1_58' title='bbox 1189 694 1478 727; x_wconf 79' lang='lat' dir='ltr'><strong>communem</strong></span> <span class='ocrx_word' id='word_1_59' title='bbox 1512 680 1653 727; x_wconf 88' lang='lat' dir='ltr'><strong>istam</strong></span> 
     </span>
     <span class='ocr_line' id='line_1_9' title="bbox 12 746 1651 814; baseline -0.001 -15"><span class='ocrx_word' id='word_1_60' title='bbox 12 772 17 785; x_wconf 65' lang='lat'><strong>·=</strong></span> <span class='ocrx_word' id='word_1_61' title='bbox 36 765 66 799; x_wconf 80' lang='lat' dir='ltr'><strong>n</strong></span> <span class='ocrx_word' id='word_1_62' title='bbox 96 746 286 814; x_wconf 76' lang='lat' dir='ltr'><strong>publico</strong></span> <span class='ocrx_word' id='word_1_63' title='bbox 316 746 496 807; x_wconf 86' lang='lat' dir='ltr'><strong>mundi,</strong></span> <span class='ocrx_word' id='word_1_64' title='bbox 521 748 568 797; x_wconf 88' lang='lat' dir='ltr'><strong>in</strong></span> <span class='ocrx_word' id='word_1_65' title='bbox 600 747 891 796; x_wconf 87' lang='lat' dir='ltr'><strong>naturalibus</strong></span> <span class='ocrx_word' id='word_1_66' title='bbox 926 746 1120 805; x_wconf 81' lang='lat' dir='ltr'><strong>tabulis,</strong></span> <span class='ocrx_word' id='word_1_67' title='bbox 1144 746 1204 796; x_wconf 83' lang='lat' dir='ltr'><strong>ad</strong></span> <span class='ocrx_word' id='word_1_68' title='bbox 1229 764 1341 812; x_wconf 85' lang='lat' dir='ltr'><strong>quas</strong></span> <span class='ocrx_word' id='word_1_69' title='bbox 1367 757 1416 796; x_wconf 85' lang='lat' dir='ltr'><strong>et</strong></span> <span class='ocrx_word' id='word_1_70' title='bbox 1437 747 1651 813; x_wconf 81' lang='lat' dir='ltr'><strong>Aposto-</strong></span> 
     </span>
     <span class='ocr_line' id='line_1_10' title="bbox 12 817 1653 882; baseline -0.002 -12"><span class='ocrx_word' id='word_1_71' title='bbox 12 835 104 870; x_wconf 50' lang='lat' dir='ltr'><strong>nus*</strong></span> <span class='ocrx_word' id='word_1_72' title='bbox 119 817 248 870; x_wconf 82' lang='lat' dir='ltr'><strong>solet</strong></span> <span class='ocrx_word' id='word_1_73' title='bbox 271 833 562 882; x_wconf 86' lang='lat' dir='ltr'><strong>provocare,</strong></span> <span class='ocrx_word' id='word_1_74' title='bbox 616 827 669 865; x_wconf 87' lang='lat' dir='ltr'><strong>ut</strong></span> <span class='ocrx_word' id='word_1_75' title='bbox 699 834 800 867; x_wconf 88' lang='lat' dir='ltr'><strong>cum</strong></span> <span class='ocrx_word' id='word_1_76' title='bbox 834 819 880 865; x_wconf 86' lang='lat' dir='ltr'><strong>in</strong></span> <span class='ocrx_word' id='word_1_77' title='bbox 912 817 1144 866; x_wconf 87' lang='lat' dir='ltr'><strong>velamine</strong></span> <span class='ocrx_word' id='word_1_78' title='bbox 1175 818 1403 877; x_wconf 79' lang='lat' dir='ltr'><strong>feminae,</strong></span> <span class='ocrx_word' id='word_1_79' title='bbox 1443 836 1533 869; x_wconf 86' lang='lat' dir='ltr'><strong>nec</strong></span> <span class='ocrx_word' id='word_1_80' title='bbox 1565 837 1653 867; x_wconf 88' lang='lat' dir='ltr'><strong>na-</strong></span> 
     </span>
     <span class='ocr_line' id='line_1_11' title="bbox 20 886 1652 953; baseline 0.002 -19"><span class='ocrx_word' id='word_1_81' title='bbox 20 905 128 941; x_wconf 63' lang='lat' dir='ltr'><strong>mra</strong></span> <span class='ocrx_word' id='word_1_82' title='bbox 157 903 267 949; x_wconf 82' lang='lat' dir='ltr'><strong>vos,</strong></span> <span class='ocrx_word' id='word_1_83' title='bbox 303 889 454 953; x_wconf 86' lang='lat' dir='ltr'><strong>inquit</strong></span> <span class='ocrx_word' id='word_1_84' title='bbox 490 890 556 951; x_wconf 90' lang='lat'><strong>1),</strong></span> <span class='ocrx_word' id='word_1_85' title='bbox 597 887 765 947; x_wconf 88' lang='lat' dir='ltr'><strong>docet,</strong></span> <span class='ocrx_word' id='word_1_86' title='bbox 811 897 863 936; x_wconf 87' lang='lat' dir='ltr'><strong>ut</strong></span> <span class='ocrx_word' id='word_1_87' title='bbox 901 903 1004 937; x_wconf 88' lang='lat' dir='ltr'><strong>cum</strong></span> <span class='ocrx_word' id='word_1_88' title='bbox 1036 886 1095 937; x_wconf 91' lang='lat' dir='ltr'><strong>ad</strong></span> <span class='ocrx_word' id='word_1_89' title='bbox 1126 887 1364 938; x_wconf 87' lang='lat' dir='ltr'><strong>Romanos</strong></span> <span class='ocrx_word' id='word_1_90' title='bbox 1400 891 1445 953; x_wconf 80' lang='grc'><strong>2)</strong></span> <span class='ocrx_word' id='word_1_91' title='bbox 1484 899 1652 938; x_wconf 83' lang='lat' dir='ltr'><strong>natura</strong></span> 
     </span>
     <span class='ocr_line' id='line_1_12' title="bbox 14 957 1652 1025; baseline -0.001 -15"><span class='ocrx_word' id='word_1_92' title='bbox 14 960 182 1013; x_wconf 52' lang='lat' dir='ltr'><strong>«faeere</strong></span> <span class='ocrx_word' id='word_1_93' title='bbox 227 957 392 1008; x_wconf 80' lang='lat' dir='ltr'><strong>dicens</strong></span> <span class='ocrx_word' id='word_1_94' title='bbox 436 962 654 1009; x_wconf 82' lang='lat' dir='ltr'><strong>nationes</strong></span> <span class='ocrx_word' id='word_1_95' title='bbox 700 976 757 1008; x_wconf 89' lang='lat' dir='ltr'><strong>ea</strong></span> <span class='ocrx_word' id='word_1_96' title='bbox 805 975 925 1025; x_wconf 89' lang='lat' dir='ltr'><strong>quae</strong></span> <span class='ocrx_word' id='word_1_97' title='bbox 970 968 1077 1007; x_wconf 85' lang='lat' dir='ltr'><strong>sunt</strong></span> <span class='ocrx_word' id='word_1_98' title='bbox 1114 959 1257 1023; x_wconf 85' lang='lat' dir='ltr'><strong>legis,</strong></span> <span class='ocrx_word' id='word_1_99' title='bbox 1300 970 1348 1010; x_wconf 85' lang='lat' dir='ltr'><strong>et</strong></span> <span class='ocrx_word' id='word_1_100' title='bbox 1378 961 1535 1025; x_wconf 86' lang='lat' dir='ltr'><strong>legem</strong></span> <span class='ocrx_word' id='word_1_101' title='bbox 1568 978 1652 1010; x_wconf 88' lang='lat' dir='ltr'><strong>na-</strong></span> 
     </span>
     <span class='ocr_line' id='line_1_13' title="bbox 16 1029 1651 1096; baseline 0.002 -19"><span class='ocrx_word' id='word_1_102' title='bbox 16 1030 217 1081; x_wconf 44' lang='lat' dir='ltr'><strong>&gt;ruralem</strong></span> <span class='ocrx_word' id='word_1_103' title='bbox 253 1030 469 1095; x_wconf 72' lang='lat' dir='ltr'><strong>suggerit</strong></span> <span class='ocrx_word' id='word_1_104' title='bbox 504 1039 552 1078; x_wconf 90' lang='lat' dir='ltr'><strong>et</strong></span> <span class='ocrx_word' id='word_1_105' title='bbox 591 1039 801 1080; x_wconf 84' lang='lat' dir='ltr'><strong>naturam</strong></span> <span class='ocrx_word' id='word_1_106' title='bbox 849 1030 1067 1094; x_wconf 82' lang='lat' dir='ltr'><strong>legalem.</strong></span> <span class='ocrx_word' id='word_1_107' title='bbox 1158 1029 1256 1080; x_wconf 83' lang='lat' dir='ltr'><strong>Sed</strong></span> <span class='ocrx_word' id='word_1_108' title='bbox 1303 1040 1351 1080; x_wconf 91' lang='lat' dir='ltr'><strong>et</strong></span> <span class='ocrx_word' id='word_1_109' title='bbox 1394 1033 1442 1079; x_wconf 89' lang='lat' dir='ltr'><strong>in</strong></span> <span class='ocrx_word' id='word_1_110' title='bbox 1486 1032 1651 1096; x_wconf 86' lang='lat' dir='ltr'><strong>priore</strong></span> 
     </span>
     <span class='ocr_line' id='line_1_14' title="bbox 23 1099 1652 1167; baseline -0.001 -15"><span class='ocrx_word' id='word_1_111' title='bbox 23 1099 225 1167; x_wconf 56' lang='lat' dir='ltr'><strong>epistola</strong></span> <span class='ocrx_word' id='word_1_112' title='bbox 242 1101 289 1164; x_wconf 76' lang='lat'><strong>³)</strong></span> <span class='ocrx_word' id='word_1_113' title='bbox 347 1102 605 1150; x_wconf 73' lang='lat' dir='ltr'><strong>naturalem</strong></span> <span class='ocrx_word' id='word_1_114' title='bbox 650 1118 783 1150; x_wconf 85' lang='lat' dir='ltr'><strong>usum</strong></span> <span class='ocrx_word' id='word_1_115' title='bbox 831 1099 1115 1149; x_wconf 89' lang='lat' dir='ltr'><strong>conditionis</strong></span> <span class='ocrx_word' id='word_1_116' title='bbox 1160 1102 1209 1148; x_wconf 91' lang='lat' dir='ltr'><strong>in</strong></span> <span class='ocrx_word' id='word_1_117' title='bbox 1250 1118 1345 1150; x_wconf 89' lang='lat' dir='ltr'><strong>non</strong></span> <span class='ocrx_word' id='word_1_118' title='bbox 1389 1103 1652 1151; x_wconf 76' lang='lat' dir='ltr'><strong>naturalem</strong></span> 
     </span>
     <span class='ocr_line' id='line_1_15' title="bbox 10 1170 1653 1232; baseline 0.001 -12"><span class='ocrx_word' id='word_1_119' title='bbox 10 1171 254 1223; x_wconf 51' lang='lat' dir='ltr'><strong>‘enasculos</strong></span> <span class='ocrx_word' id='word_1_120' title='bbox 285 1180 336 1219; x_wconf 87' lang='lat' dir='ltr'><strong>et</strong></span> <span class='ocrx_word' id='word_1_121' title='bbox 363 1171 562 1219; x_wconf 83' lang='lat' dir='ltr'><strong>feminas</strong></span> <span class='ocrx_word' id='word_1_122' title='bbox 593 1172 722 1220; x_wconf 87' lang='lat' dir='ltr'><strong>inter</strong></span> <span class='ocrx_word' id='word_1_123' title='bbox 752 1188 803 1220; x_wconf 90' lang='lat' dir='ltr'><strong>se</strong></span> <span class='ocrx_word' id='word_1_124' title='bbox 837 1170 1106 1220; x_wconf 82' lang='lat' dir='ltr'><strong>demutasse</strong></span> <span class='ocrx_word' id='word_1_125' title='bbox 1132 1171 1385 1232; x_wconf 78' lang='lat' dir='ltr'><strong>affirmanS‚</strong></span> <span class='ocrx_word' id='word_1_126' title='bbox 1420 1189 1482 1221; x_wconf 84' lang='lat' dir='ltr'><strong>ex</strong></span> <span class='ocrx_word' id='word_1_127' title='bbox 1511 1175 1653 1221; x_wconf 83' lang='lat' dir='ltr'><strong>retri-</strong></span> 
     </span>
     <span class='ocr_line' id='line_1_16' title="bbox 27 1243 1654 1309; baseline 0.002 -19"><span class='ocrx_word' id='word_1_128' title='bbox 27 1243 214 1291; x_wconf 68' lang='lat' dir='ltr'><strong>outione</strong></span> <span class='ocrx_word' id='word_1_129' title='bbox 246 1243 427 1292; x_wconf 86' lang='lat' dir='ltr'><strong>erroris</strong></span> <span class='ocrx_word' id='word_1_130' title='bbox 454 1243 501 1290; x_wconf 91' lang='lat' dir='ltr'><strong>in</strong></span> <span class='ocrx_word' id='word_1_131' title='bbox 531 1244 684 1290; x_wconf 85' lang='lat' dir='ltr'><strong>vicem</strong></span> <span class='ocrx_word' id='word_1_132' title='bbox 716 1258 898 1307; x_wconf 87' lang='lat' dir='ltr'><strong>poenae</strong></span> <span class='ocrx_word' id='word_1_133' title='bbox 929 1243 1090 1306; x_wconf 82' lang='lat' dir='ltr'><strong>utique</strong></span> <span class='ocrx_word' id='word_1_134' title='bbox 1124 1244 1323 1292; x_wconf 85' lang='lat' dir='ltr'><strong>naturali</strong></span> <span class='ocrx_word' id='word_1_135' title='bbox 1358 1245 1458 1293; x_wconf 90' lang='lat' dir='ltr'><strong>usui</strong></span> <span class='ocrx_word' id='word_1_136' title='bbox 1491 1253 1654 1309; x_wconf 87' lang='lat' dir='ltr'><strong>patro-</strong></span> 
     </span>
     <span class='ocr_line' id='line_1_17' title="bbox 27 1311 1653 1378; baseline 0.001 -17.03"><span class='ocrx_word' id='word_1_137' title='bbox 27 1313 226 1362; x_wconf 58' lang='lat' dir='ltr'><strong>fiuntur.</strong></span> <span class='ocrx_word' id='word_1_138' title='bbox 318 1312 473 1377; x_wconf 89' lang='lat' dir='ltr'><strong>Ipsum</strong></span> <span class='ocrx_word' id='word_1_139' title='bbox 520 1312 656 1363; x_wconf 85' lang='lat' dir='ltr'><strong>deum</strong></span> <span class='ocrx_word' id='word_1_140' title='bbox 702 1311 957 1362; x_wconf 88' lang='lat' dir='ltr'><strong>secundum</strong></span> <span class='ocrx_word' id='word_1_141' title='bbox 996 1322 1207 1362; x_wconf 86' lang='lat' dir='ltr'><strong>naturam</strong></span> <span class='ocrx_word' id='word_1_142' title='bbox 1243 1315 1376 1378; x_wconf 88' lang='lat' dir='ltr'><strong>prius</strong></span> <span class='ocrx_word' id='word_1_143' title='bbox 1421 1316 1653 1374; x_wconf 86' lang='lat' dir='ltr'><strong>novimus,</strong></span> 
     </span>
     <span class='ocr_line' id='line_1_18' title="bbox 11 1381 1652 1448; baseline -0.001 -14"><span class='ocrx_word' id='word_1_144' title='bbox 11 1418 13 1420; x_wconf 95' lang='lat'>-</span> <span class='ocrx_word' id='word_1_145' title='bbox 24 1382 112 1435; x_wconf 59' lang='lat' dir='ltr'><strong>sed</strong></span> <span class='ocrx_word' id='word_1_146' title='bbox 140 1381 277 1433; x_wconf 89' lang='lat' dir='ltr'><strong>deum</strong></span> <span class='ocrx_word' id='word_1_147' title='bbox 309 1384 600 1448; x_wconf 81' lang='lat' dir='ltr'><strong>appellantes</strong></span> <span class='ocrx_word' id='word_1_148' title='bbox 640 1383 861 1442; x_wconf 86' lang='lat' dir='ltr'><strong>deorum,</strong></span> <span class='ocrx_word' id='word_1_149' title='bbox 898 1383 1070 1432; x_wconf 88' lang='lat' dir='ltr'><strong>honum</strong></span> <span class='ocrx_word' id='word_1_150' title='bbox 1108 1394 1467 1448; x_wconf 83' lang='lat' dir='ltr'><strong>praesumentes</strong></span> <span class='ocrx_word' id='word_1_151' title='bbox 1504 1395 1552 1434; x_wconf 89' lang='lat' dir='ltr'><strong>et</strong></span> <span class='ocrx_word' id='word_1_152' title='bbox 1582 1387 1652 1433; x_wconf 80' lang='lat' dir='ltr'><strong>iu·-</strong></span> 
     </span>
     <span class='ocr_line' id='line_1_19' title="bbox 13 1453 1655 1515; baseline 0 -11"><span class='ocrx_word' id='word_1_153' title='bbox 13 1453 176 1505; x_wconf 75' lang='lat' dir='ltr'><strong>&#39;dieem</strong></span> <span class='ocrx_word' id='word_1_154' title='bbox 222 1454 513 1503; x_wconf 79' lang='lat' dir='ltr'><strong>invocantes.</strong></span> <span class='ocrx_word' id='word_1_155' title='bbox 604 1453 825 1515; x_wconf 84' lang='lat' dir='ltr'><strong>Quaeris,</strong></span> <span class='ocrx_word' id='word_1_156' title='bbox 872 1470 931 1502; x_wconf 89' lang='lat' dir='ltr'><strong>an</strong></span> <span class='ocrx_word' id='word_1_157' title='bbox 979 1453 1239 1503; x_wconf 87' lang='lat' dir='ltr'><strong>conditioni</strong></span> <span class='ocrx_word' id='word_1_158' title='bbox 1280 1457 1380 1504; x_wconf 87' lang='lat' dir='ltr'><strong>eius</strong></span> <span class='ocrx_word' id='word_1_159' title='bbox 1420 1455 1655 1505; x_wconf 81' lang='lat' dir='ltr'><strong>fruendae</strong></span> 
     </span>
     <span class='ocr_line' id='line_1_20' title="bbox 11 1523 1653 1591; baseline 0.003 -20"><span class='ocrx_word' id='word_1_160' title='bbox 11 1533 190 1574; x_wconf 71' lang='lat' dir='ltr'><strong>,iatum</strong></span> <span class='ocrx_word' id='word_1_161' title='bbox 233 1523 370 1574; x_wconf 81' lang='lat' dir='ltr'><strong>nobis</strong></span> <span class='ocrx_word' id='word_1_162' title='bbox 415 1523 588 1572; x_wconf 88' lang='lat' dir='ltr'><strong>debeat</strong></span> <span class='ocrx_word' id='word_1_163' title='bbox 633 1526 844 1589; x_wconf 86' lang='lat' dir='ltr'><strong>praeire,</strong></span> <span class='ocrx_word' id='word_1_164' title='bbox 893 1540 953 1572; x_wconf 89' lang='lat' dir='ltr'><strong>ne</strong></span> <span class='ocrx_word' id='word_1_165' title='bbox 998 1525 1079 1574; x_wconf 83' lang='lat' dir='ltr'><strong>illa</strong></span> <span class='ocrx_word' id='word_1_166' title='bbox 1122 1527 1382 1590; x_wconf 79' lang='lat' dir='ltr'><strong>rapiamur,</strong></span> <span class='ocrx_word' id='word_1_167' title='bbox 1438 1543 1527 1591; x_wconf 79' lang='lat' dir='ltr'><strong>qua</strong></span> <span class='ocrx_word' id='word_1_168' title='bbox 1574 1526 1653 1576; x_wconf 82' lang='lat' dir='ltr'><strong>dei</strong></span> 
     </span>
     <span class='ocr_line' id='line_1_21' title="bbox 18 1595 1652 1647; baseline 0.001 -1"><span class='ocrx_word' id='word_1_169' title='bbox 18 1595 231 1646; x_wconf 22' lang='lat' dir='ltr'><strong>*aemulus</strong></span> <span class='ocrx_word' id='word_1_170' title='bbox 267 1596 534 1644; x_wconf 80' lang='lat' dir='ltr'><strong>universam</strong></span> <span class='ocrx_word' id='word_1_171' title='bbox 576 1595 896 1644; x_wconf 88' lang='lat' dir='ltr'><strong>conditionem</strong></span> <span class='ocrx_word' id='word_1_172' title='bbox 936 1597 1080 1644; x_wconf 84' lang='lat' dir='ltr'><strong>certis</strong></span> <span class='ocrx_word' id='word_1_173' title='bbox 1121 1596 1281 1646; x_wconf 83' lang='lat' dir='ltr'><strong>usibus</strong></span> <span class='ocrx_word' id='word_1_174' title='bbox 1311 1597 1488 1647; x_wconf 79' lang='lat' dir='ltr'><strong>homini</strong></span> <span class='ocrx_word' id='word_1_175' title='bbox 1521 1614 1652 1647; x_wconf 86' lang='lat' dir='ltr'><strong>man-</strong></span> 
     </span>
     <span class='ocr_line' id='line_1_22' title="bbox 25 1665 1654 1733; baseline 0.002 -17"><span class='ocrx_word' id='word_1_176' title='bbox 25 1667 222 1733; x_wconf 60' lang='lat' dir='ltr'><strong>cipatam</strong></span> <span class='ocrx_word' id='word_1_177' title='bbox 252 1682 358 1716; x_wconf 88' lang='lat' dir='ltr'><strong>cum</strong></span> <span class='ocrx_word' id='word_1_178' title='bbox 386 1667 487 1730; x_wconf 87' lang='lat' dir='ltr'><strong>ipso</strong></span> <span class='ocrx_word' id='word_1_179' title='bbox 512 1667 698 1715; x_wconf 82' lang='lat' dir='ltr'><strong>homine</strong></span> <span class='ocrx_word' id='word_1_180' title='bbox 725 1668 955 1730; x_wconf 88' lang='lat' dir='ltr'><strong>corrupit,</strong></span> <span class='ocrx_word' id='word_1_181' title='bbox 981 1665 1104 1715; x_wconf 85' lang='lat' dir='ltr'><strong>unde</strong></span> <span class='ocrx_word' id='word_1_182' title='bbox 1130 1683 1233 1716; x_wconf 83' lang='lat' dir='ltr'><strong>eam</strong></span> <span class='ocrx_word' id='word_1_183' title='bbox 1257 1676 1306 1716; x_wconf 86' lang='lat' dir='ltr'><strong>et</strong></span> <span class='ocrx_word' id='word_1_184' title='bbox 1320 1667 1582 1732; x_wconf 80' lang='lat' dir='ltr'><strong>Apostolus</strong></span> <span class='ocrx_word' id='word_1_185' title='bbox 1605 1669 1654 1733; x_wconf 67' lang='grc'><strong>4)</strong></span> 
     </span>
     <span class='ocr_line' id='line_1_23' title="bbox 9 1736 1654 1801; baseline -0.001 -12"><span class='ocrx_word' id='word_1_186' title='bbox 9 1737 213 1789; x_wconf 54' lang='lat' dir='ltr'><strong>aurium</strong></span> <span class='ocrx_word' id='word_1_187' title='bbox 254 1737 320 1786; x_wconf 87' lang='lat' dir='ltr'><strong>ait</strong></span> <span class='ocrx_word' id='word_1_188' title='bbox 363 1737 554 1785; x_wconf 85' lang='lat' dir='ltr'><strong>vanitati</strong></span> <span class='ocrx_word' id='word_1_189' title='bbox 594 1736 878 1796; x_wconf 87' lang='lat' dir='ltr'><strong>succidisse,</strong></span> <span class='ocrx_word' id='word_1_190' title='bbox 922 1738 1053 1786; x_wconf 86' lang='lat' dir='ltr'><strong>vanis</strong></span> <span class='ocrx_word' id='word_1_191' title='bbox 1098 1739 1298 1801; x_wconf 82' lang='lat' dir='ltr'><strong>primum</strong></span> <span class='ocrx_word' id='word_1_192' title='bbox 1325 1739 1511 1798; x_wconf 82' lang='lat' dir='ltr'><strong>usibus,</strong></span> <span class='ocrx_word' id='word_1_193' title='bbox 1556 1749 1654 1788; x_wconf 81' lang='lat' dir='ltr'><strong>tum</strong></span> 
     </span>
     <span class='ocr_line' id='line_1_24' title="bbox 28 1806 1655 1872; baseline 0.004 -22"><span class='ocrx_word' id='word_1_194' title='bbox 28 1806 234 1872; x_wconf 53' lang='lat' dir='ltr'><strong>turpibus</strong></span> <span class='ocrx_word' id='word_1_195' title='bbox 265 1815 315 1856; x_wconf 84' lang='lat' dir='ltr'><strong>et</strong></span> <span class='ocrx_word' id='word_1_196' title='bbox 343 1808 526 1855; x_wconf 87' lang='lat' dir='ltr'><strong>iniustis</strong></span> <span class='ocrx_word' id='word_1_197' title='bbox 557 1815 606 1855; x_wconf 86' lang='lat' dir='ltr'><strong>et</strong></span> <span class='ocrx_word' id='word_1_198' title='bbox 634 1808 787 1871; x_wconf 85' lang='lat' dir='ltr'><strong>impiis</strong></span> <span class='ocrx_word' id='word_1_199' title='bbox 818 1806 1105 1856; x_wconf 86' lang='lat' dir='ltr'><strong>subversam.</strong></span> <span class='ocrx_word' id='word_1_200' title='bbox 1155 1807 1236 1856; x_wconf 89' lang='lat' dir='ltr'><strong>Sic</strong></span> <span class='ocrx_word' id='word_1_201' title='bbox 1253 1810 1412 1872; x_wconf 83' lang='lat' dir='ltr'><strong>itaque</strong></span> <span class='ocrx_word' id='word_1_202' title='bbox 1444 1819 1491 1857; x_wconf 88' lang='lat' dir='ltr'><strong>et</strong></span> <span class='ocrx_word' id='word_1_203' title='bbox 1523 1811 1655 1859; x_wconf 85' lang='lat' dir='ltr'><strong>circa</strong></span> 
     </span>
     <span class='ocr_line' id='line_1_25' title="bbox 27 1877 1655 1944; baseline 0.002 -20"><span class='ocrx_word' id='word_1_204' title='bbox 27 1877 290 1943; x_wconf 60' lang='lat' dir='ltr'><strong>voluptates</strong></span> <span class='ocrx_word' id='word_1_205' title='bbox 328 1877 702 1943; x_wconf 86' lang='lat' dir='ltr'><strong>spectaculorum</strong></span> <span class='ocrx_word' id='word_1_206' title='bbox 741 1878 965 1927; x_wconf 84' lang='lat' dir='ltr'><strong>infamata</strong></span> <span class='ocrx_word' id='word_1_207' title='bbox 1001 1877 1216 1928; x_wconf 82' lang='lat' dir='ltr'><strong>conditio</strong></span> <span class='ocrx_word' id='word_1_208' title='bbox 1245 1888 1320 1928; x_wconf 75' lang='lat' dir='ltr'><strong>est</strong></span> <span class='ocrx_word' id='word_1_209' title='bbox 1349 1879 1410 1927; x_wconf 83' lang='lat' dir='ltr'><strong>ab</strong></span> <span class='ocrx_word' id='word_1_210' title='bbox 1442 1881 1534 1938; x_wconf 83' lang='lat' dir='ltr'><strong>eis,</strong></span> <span class='ocrx_word' id='word_1_211' title='bbox 1574 1882 1655 1944; x_wconf 80' lang='lat' dir='ltr'><strong>qui</strong></span> 
     </span>
     <span class='ocr_line' id='line_1_26' title="bbox 13 1946 1654 2015; baseline 0.002 -19"><span class='ocrx_word' id='word_1_212' title='bbox 13 1956 190 1998; x_wconf 52' lang='lat' dir='ltr'><strong>viatura</strong></span> <span class='ocrx_word' id='word_1_213' title='bbox 221 1946 412 2015; x_wconf 89' lang='lat' dir='ltr'><strong>quidem</strong></span> <span class='ocrx_word' id='word_1_214' title='bbox 442 1946 521 1995; x_wconf 91' lang='lat' dir='ltr'><strong>dei</strong></span> <span class='ocrx_word' id='word_1_215' title='bbox 553 1949 707 1995; x_wconf 88' lang='lat' dir='ltr'><strong>omnia</strong></span> <span class='ocrx_word' id='word_1_216' title='bbox 738 1949 965 2006; x_wconf 82' lang='lat' dir='ltr'><strong>sentiunt,</strong></span> <span class='ocrx_word' id='word_1_217' title='bbox 999 1963 1059 1995; x_wconf 87' lang='lat' dir='ltr'><strong>ex</strong></span> <span class='ocrx_word' id='word_1_218' title='bbox 1085 1949 1250 2012; x_wconf 81' lang='lat' dir='ltr'><strong>quibus</strong></span> <span class='ocrx_word' id='word_1_219' title='bbox 1274 1951 1549 2014; x_wconf 79' lang='lat' dir='ltr'><strong>spectacula</strong></span> <span class='ocrx_word' id='word_1_220' title='bbox 1580 1952 1654 1999; x_wconf 87' lang='lat' dir='ltr'><strong>in-</strong></span> 
     </span>
     <span class='ocr_line' id='line_1_27' title="bbox 37 2017 1653 2086; baseline 0.002 -20"><span class='ocrx_word' id='word_1_221' title='bbox 37 2025 291 2077; x_wconf 56' lang='lat' dir='ltr'><strong>struuntur,</strong></span> <span class='ocrx_word' id='word_1_222' title='bbox 323 2018 524 2068; x_wconf 87' lang='lat' dir='ltr'><strong>scientia</strong></span> <span class='ocrx_word' id='word_1_223' title='bbox 554 2027 708 2067; x_wconf 84' lang='lat' dir='ltr'><strong>autem</strong></span> <span class='ocrx_word' id='word_1_224' title='bbox 741 2017 969 2068; x_wconf 84' lang='lat' dir='ltr'><strong>deficiunt</strong></span> <span class='ocrx_word' id='word_1_225' title='bbox 996 2018 1110 2066; x_wconf 89' lang='lat' dir='ltr'><strong>illud</strong></span> <span class='ocrx_word' id='word_1_226' title='bbox 1142 2036 1331 2084; x_wconf 83' lang='lat' dir='ltr'><strong>quoque</strong></span> <span class='ocrx_word' id='word_1_227' title='bbox 1360 2021 1653 2086; x_wconf 84' lang='lat' dir='ltr'><strong>intelligere,</strong></span> 
     </span>
     <span class='ocr_line' id='line_1_28' title="bbox 28 2087 1652 2156; baseline 0.002 -20"><span class='ocrx_word' id='word_1_228' title='bbox 28 2089 182 2139; x_wconf 71' lang='lat' dir='ltr'><strong>omnia</strong></span> <span class='ocrx_word' id='word_1_229' title='bbox 211 2103 318 2138; x_wconf 86' lang='lat' dir='ltr'><strong>esse</strong></span> <span class='ocrx_word' id='word_1_230' title='bbox 349 2105 377 2137; x_wconf 86' lang='lat' dir='ltr'><strong>a</strong></span> <span class='ocrx_word' id='word_1_231' title='bbox 409 2087 596 2136; x_wconf 85' lang='lat' dir='ltr'><strong>diabolo</strong></span> <span class='ocrx_word' id='word_1_232' title='bbox 628 2098 815 2138; x_wconf 85' lang='lat' dir='ltr'><strong>mutata.</strong></span> <span class='ocrx_word' id='word_1_233' title='bbox 864 2087 960 2137; x_wconf 87' lang='lat' dir='ltr'><strong>Sed</strong></span> <span class='ocrx_word' id='word_1_234' title='bbox 987 2097 1035 2137; x_wconf 90' lang='lat' dir='ltr'><strong>et</strong></span> <span class='ocrx_word' id='word_1_235' title='bbox 1058 2089 1165 2137; x_wconf 86' lang='lat' dir='ltr'><strong>huic</strong></span> <span class='ocrx_word' id='word_1_236' title='bbox 1198 2092 1425 2140; x_wconf 86' lang='lat' dir='ltr'><strong>materiae</strong></span> <span class='ocrx_word' id='word_1_237' title='bbox 1456 2101 1652 2156; x_wconf 80' lang='lat' dir='ltr'><strong>propter</strong></span> 
     </span>
     <span class='ocr_line' id='line_1_29' title="bbox 13 2157 1478 2224; baseline 0.003 -16"><span class='ocrx_word' id='word_1_238' title='bbox 13 2157 315 2212; x_wconf 61' lang='lat' dir='ltr'><strong>suaviludios</strong></span> <span class='ocrx_word' id='word_1_239' title='bbox 345 2168 537 2208; x_wconf 86' lang='lat' dir='ltr'><strong>nostros</strong></span> <span class='ocrx_word' id='word_1_240' title='bbox 567 2159 753 2209; x_wconf 88' lang='lat' dir='ltr'><strong>Graeco</strong></span> <span class='ocrx_word' id='word_1_241' title='bbox 788 2176 972 2224; x_wconf 91' lang='lat' dir='ltr'><strong>quoque</strong></span> <span class='ocrx_word' id='word_1_242' title='bbox 1005 2160 1116 2208; x_wconf 86' lang='lat' dir='ltr'><strong>stilo</strong></span> <span class='ocrx_word' id='word_1_243' title='bbox 1147 2162 1478 2212; x_wconf 81' lang='lat' dir='ltr'><strong>satisfecimus.</strong></span> 
     </span>
    </p>

    <p class='ocr_par' dir='ltr' id='par_1_4' title="bbox 16 2229 1658 2790">
     <span class='ocr_line' id='line_1_30' title="bbox 169 2229 1657 2294; baseline 0.003 -16"><span class='ocrx_word' id='word_1_244' title='bbox 169 2234 216 2283; x_wconf 86' lang='grc'><strong>7.</strong></span> <span class='ocrx_word' id='word_1_245' title='bbox 291 2229 496 2280; x_wconf 87' lang='lat' dir='ltr'><strong>Proinde</strong></span> <span class='ocrx_word' id='word_1_246' title='bbox 537 2231 773 2278; x_wconf 80' lang='lat' dir='ltr'><strong>coronarii</strong></span> <span class='ocrx_word' id='word_1_247' title='bbox 812 2232 889 2278; x_wconf 89' lang='lat' dir='ltr'><strong>isti</strong></span> <span class='ocrx_word' id='word_1_248' title='bbox 927 2240 1189 2294; x_wconf 86' lang='lat' dir='ltr'><strong>agnoscant</strong></span> <span class='ocrx_word' id='word_1_249' title='bbox 1228 2233 1417 2283; x_wconf 86' lang='lat' dir='ltr'><strong>interim</strong></span> <span class='ocrx_word' id='word_1_250' title='bbox 1454 2242 1657 2283; x_wconf 80' lang='lat' dir='ltr'><strong>naturae</strong></span> 
     </span>
     <span class='ocr_line' id='line_1_31' title="bbox 16 2301 1658 2368; baseline 0.004 -23"><span class='ocrx_word' id='word_1_251' title='bbox 16 2301 380 2359; x_wconf 67' lang='lat' dir='ltr'><strong>anctoritatem,</strong></span> <span class='ocrx_word' id='word_1_252' title='bbox 413 2302 668 2349; x_wconf 87' lang='lat' dir='ltr'><strong>communis</strong></span> <span class='ocrx_word' id='word_1_253' title='bbox 694 2302 954 2366; x_wconf 88' lang='lat' dir='ltr'><strong>sapientiae</strong></span> <span class='ocrx_word' id='word_1_254' title='bbox 979 2302 1024 2362; x_wconf 90' lang='lat'><strong>⁵)</strong></span> <span class='ocrx_word' id='word_1_255' title='bbox 1059 2304 1271 2361; x_wconf 89' lang='lat' dir='ltr'><strong>nomine,</strong></span> <span class='ocrx_word' id='word_1_256' title='bbox 1306 2320 1397 2368; x_wconf 78' lang='lat' dir='ltr'><strong>qua</strong></span> <span class='ocrx_word' id='word_1_257' title='bbox 1420 2304 1658 2362; x_wconf 78' lang='lat' dir='ltr'><strong>homines,</strong></span> 
     </span>
     <span class='ocr_line' id='line_1_32' title="bbox 26 2369 1656 2438; baseline 0.001 -19"><span class='ocrx_word' id='word_1_258' title='bbox 26 2369 118 2423; x_wconf 50' lang='lat' dir='ltr'><strong>*sed</strong></span> <span class='ocrx_word' id='word_1_259' title='bbox 144 2372 365 2437; x_wconf 86' lang='lat' dir='ltr'><strong>propriae</strong></span> <span class='ocrx_word' id='word_1_260' title='bbox 397 2372 642 2438; x_wconf 87' lang='lat' dir='ltr'><strong>religionis</strong></span> <span class='ocrx_word' id='word_1_261' title='bbox 672 2373 894 2437; x_wconf 82' lang='lat' dir='ltr'><strong>pignora,</strong></span> <span class='ocrx_word' id='word_1_262' title='bbox 934 2388 1024 2436; x_wconf 88' lang='lat' dir='ltr'><strong>qua</strong></span> <span class='ocrx_word' id='word_1_263' title='bbox 1056 2372 1192 2421; x_wconf 83' lang='lat' dir='ltr'><strong>deum</strong></span> <span class='ocrx_word' id='word_1_264' title='bbox 1224 2383 1420 2423; x_wconf 81' lang='lat' dir='ltr'><strong>naturae</strong></span> <span class='ocrx_word' id='word_1_265' title='bbox 1453 2373 1511 2422; x_wconf 91' lang='lat' dir='ltr'><strong>de</strong></span> <span class='ocrx_word' id='word_1_266' title='bbox 1542 2390 1656 2437; x_wconf 91' lang='lat' dir='ltr'><strong>pro-</strong></span> 
     </span>
     <span class='ocr_line' id='line_1_33' title="bbox 31 2440 1654 2507; baseline 0.002 -19"><span class='ocrx_word' id='word_1_267' title='bbox 31 2440 154 2490; x_wconf 63' lang='lat' dir='ltr'><strong>ximo</strong></span> <span class='ocrx_word' id='word_1_268' title='bbox 185 2441 423 2502; x_wconf 80' lang='lat' dir='ltr'><strong>colentes3</strong></span> <span class='ocrx_word' id='word_1_269' title='bbox 455 2451 594 2506; x_wconf 84' lang='lat' dir='ltr'><strong>atque</strong></span> <span class='ocrx_word' id='word_1_270' title='bbox 625 2443 689 2490; x_wconf 91' lang='lat' dir='ltr'><strong>ita</strong></span> <span class='ocrx_word' id='word_1_271' title='bbox 719 2443 848 2490; x_wconf 89' lang='lat' dir='ltr'><strong>velut</strong></span> <span class='ocrx_word' id='word_1_272' title='bbox 873 2459 933 2490; x_wconf 81' lang='lat' dir='ltr'><strong>ex</strong></span> <span class='ocrx_word' id='word_1_273' title='bbox 957 2442 1211 2491; x_wconf 85' lang='lat' dir='ltr'><strong>abundanti</strong></span> <span class='ocrx_word' id='word_1_274' title='bbox 1244 2452 1432 2491; x_wconf 83' lang='lat' dir='ltr'><strong>ceteras</strong></span> <span class='ocrx_word' id='word_1_275' title='bbox 1465 2459 1654 2507; x_wconf 78' lang='lat' dir='ltr'><strong>quoque</strong></span> 
     </span>
     <span class='ocr_line' id='line_1_34' title="bbox 34 2511 1658 2578; baseline 0.002 -20"><span class='ocrx_word' id='word_1_276' title='bbox 34 2511 236 2563; x_wconf 75' lang='lat' dir='ltr'><strong>rationes</strong></span> <span class='ocrx_word' id='word_1_277' title='bbox 268 2511 553 2577; x_wconf 81' lang='lat' dir='ltr'><strong>despiciant,</strong></span> <span class='ocrx_word' id='word_1_278' title='bbox 588 2528 704 2578; x_wconf 87' lang='lat' dir='ltr'><strong>quae</strong></span> <span class='ocrx_word' id='word_1_279' title='bbox 732 2521 896 2560; x_wconf 75' lang='lat' dir='ltr'><strong>nostro</strong></span> <span class='ocrx_word' id='word_1_280' title='bbox 921 2514 1135 2576; x_wconf 86' lang='lat' dir='ltr'><strong>privatim</strong></span> <span class='ocrx_word' id='word_1_281' title='bbox 1168 2514 1311 2576; x_wconf 86' lang='lat' dir='ltr'><strong>capiti</strong></span> <span class='ocrx_word' id='word_1_282' title='bbox 1343 2529 1658 2563; x_wconf 82' lang='lat' dir='ltr'><strong>coronamen-</strong></span> 
     </span>
     <span class='ocr_line' id='line_1_35' title="bbox 38 2581 1653 2648; baseline 0.003 -20"><span class='ocrx_word' id='word_1_283' title='bbox 38 2581 173 2648; x_wconf 63' lang='lat' dir='ltr'><strong>tiset</strong></span> <span class='ocrx_word' id='word_1_284' title='bbox 210 2581 395 2647; x_wconf 78' lang='lat' dir='ltr'><strong>quidem</strong></span> <span class='ocrx_word' id='word_1_285' title='bbox 441 2583 653 2632; x_wconf 86' lang='lat' dir='ltr'><strong>omnibus</strong></span> <span class='ocrx_word' id='word_1_286' title='bbox 699 2583 1001 2630; x_wconf 85' lang='lat' dir='ltr'><strong>interdicunt.</strong></span> <span class='ocrx_word' id='word_1_287' title='bbox 1100 2582 1219 2630; x_wconf 86' lang='lat' dir='ltr'><strong>Nam</strong></span> <span class='ocrx_word' id='word_1_288' title='bbox 1266 2592 1315 2630; x_wconf 87' lang='lat' dir='ltr'><strong>et</strong></span> <span class='ocrx_word' id='word_1_289' title='bbox 1357 2598 1583 2647; x_wconf 88' lang='lat' dir='ltr'><strong>urgemur</strong></span> <span class='ocrx_word' id='word_1_290' title='bbox 1626 2601 1653 2633; x_wconf 87' lang='lat' dir='ltr'><strong>a</strong></span> 
     </span>
     <span class='ocr_line' id='line_1_36' title="bbox 33 2652 1655 2717; baseline 0.002 -18"><span class='ocrx_word' id='word_1_291' title='bbox 33 2653 358 2703; x_wconf 83' lang='lat' dir='ltr'><strong>commuuione</strong></span> <span class='ocrx_word' id='word_1_292' title='bbox 390 2653 615 2703; x_wconf 84' lang='lat' dir='ltr'><strong>naturalis</strong></span> <span class='ocrx_word' id='word_1_293' title='bbox 648 2652 922 2717; x_wconf 85' lang='lat' dir='ltr'><strong>disciplinae</strong></span> <span class='ocrx_word' id='word_1_294' title='bbox 963 2653 1175 2700; x_wconf 83' lang='lat' dir='ltr'><strong>converti</strong></span> <span class='ocrx_word' id='word_1_295' title='bbox 1215 2652 1275 2701; x_wconf 86' lang='lat' dir='ltr'><strong>ad</strong></span> <span class='ocrx_word' id='word_1_296' title='bbox 1312 2654 1655 2717; x_wconf 79' lang='lat' dir='ltr'><strong>proprietatem</strong></span> 
     </span>
     <span class='ocr_line' id='line_1_37' title="bbox 39 2719 1656 2790; baseline 0.002 -22"><span class='ocrx_word' id='word_1_297' title='bbox 39 2719 326 2771; x_wconf 70' lang='lat' dir='ltr'><strong>Christianae</strong></span> <span class='ocrx_word' id='word_1_298' title='bbox 373 2733 517 2773; x_wconf 88' lang='lat' dir='ltr'><strong>totam</strong></span> <span class='ocrx_word' id='word_1_299' title='bbox 561 2724 651 2772; x_wconf 88' lang='lat' dir='ltr'><strong>iam</strong></span> <span class='ocrx_word' id='word_1_300' title='bbox 691 2722 1061 2782; x_wconf 78' lang='lat' dir='ltr'><strong>defendendam,</strong></span> <span class='ocrx_word' id='word_1_301' title='bbox 1105 2739 1191 2786; x_wconf 87' lang='lat' dir='ltr'><strong>per</strong></span> <span class='ocrx_word' id='word_1_302' title='bbox 1242 2732 1427 2772; x_wconf 86' lang='lat' dir='ltr'><strong>ceteras</strong></span> <span class='ocrx_word' id='word_1_303' title='bbox 1466 2740 1656 2790; x_wconf 72' lang='lat' dir='ltr'><strong>quoque</strong></span> 
     </span>
    </p>
   </div>
   <div class='ocr_carea' id='block_1_3' title="bbox 22 2959 1656 3120">
    <p class='ocr_par' dir='ltr' id='par_1_5' title="bbox 22 2959 1656 3120">
     <span class='ocr_line' id='line_1_38' title="bbox 147 2959 1656 3014; baseline 0.005 -17"><span class='ocrx_word' id='word_1_304' title='bbox 147 2959 191 3009; x_wconf 86' lang='lat'><strong>1)</strong></span> <span class='ocrx_word' id='word_1_305' title='bbox 224 2961 247 2997; x_wconf 87' lang='lat'><strong>1</strong></span> <span class='ocrx_word' id='word_1_306' title='bbox 280 2961 374 2999; x_wconf 82' lang='lat' dir='ltr'><strong>eor.</strong></span> <span class='ocrx_word' id='word_1_307' title='bbox 408 2962 476 3010; x_wconf 80' lang='lat'><strong>11,</strong></span> <span class='ocrx_word' id='word_1_308' title='bbox 510 2964 577 3002; x_wconf 80' lang='lat'><strong>14.</strong></span> <span class='ocrx_word' id='word_1_309' title='bbox 694 2962 739 3008; x_wconf 84' lang='lat'><strong>2)</strong></span> <span class='ocrx_word' id='word_1_310' title='bbox 771 2964 887 3000; x_wconf 83' lang='lat' dir='ltr'><strong>Rom.</strong></span> <span class='ocrx_word' id='word_1_311' title='bbox 924 2964 970 3010; x_wconf 87' lang='grc'><strong>2,</strong></span> <span class='ocrx_word' id='word_1_312' title='bbox 1015 2964 1081 3001; x_wconf 83' lang='lat'><strong>14.</strong></span> <span class='ocrx_word' id='word_1_313' title='bbox 1205 2962 1249 3011; x_wconf 84' lang='lat'><strong>3)</strong></span> <span class='ocrx_word' id='word_1_314' title='bbox 1280 2965 1396 3002; x_wconf 88' lang='lat' dir='ltr'><strong>Rom.</strong></span> <span class='ocrx_word' id='word_1_315' title='bbox 1430 2968 1475 3014; x_wconf 87' lang='lat'><strong>1,</strong></span> <span class='ocrx_word' id='word_1_316' title='bbox 1509 2967 1561 3003; x_wconf 85' lang='lat'><strong>26</strong></span> <span class='ocrx_word' id='word_1_317' title='bbox 1593 2977 1656 3012; x_wconf 75' lang='lat' dir='ltr'><strong>sq.</strong></span> 
     </span>
     <span class='ocr_line' id='line_1_39' title="bbox 22 3015 1656 3071; baseline 0.004 -18"><span class='ocrx_word' id='word_1_318' title='bbox 22 3015 84 3065; x_wconf 53' lang='lat'><strong>3)</strong></span> <span class='ocrx_word' id='word_1_319' title='bbox 114 3015 232 3055; x_wconf 78' lang='lat' dir='ltr'><strong>Rom.</strong></span> <span class='ocrx_word' id='word_1_320' title='bbox 265 3017 305 3064; x_wconf 84' lang='lat'><strong>8,</strong></span> <span class='ocrx_word' id='word_1_321' title='bbox 337 3017 405 3055; x_wconf 85' lang='lat'><strong>20.</strong></span> <span class='ocrx_word' id='word_1_322' title='bbox 473 3017 516 3066; x_wconf 85' lang='lat'><strong>5)</strong></span> <span class='ocrx_word' id='word_1_323' title='bbox 547 3018 638 3067; x_wconf 85' lang='lat' dir='ltr'><strong>Rig.</strong></span> <span class='ocrx_word' id='word_1_324' title='bbox 671 3018 1010 3067; x_wconf 82' lang='lat' dir='ltr'><strong>sapientiae,</strong></span> <span class='ocrx_word' id='word_1_325' title='bbox 1045 3019 1173 3058; x_wconf 79' lang='lat' dir='ltr'><strong>Rhen.</strong></span> <span class='ocrx_word' id='word_1_326' title='bbox 1204 3021 1533 3071; x_wconf 74' lang='lat' dir='ltr'><strong>patientiae,</strong></span> <span class='ocrx_word' id='word_1_327' title='bbox 1567 3023 1656 3059; x_wconf 82' lang='lat' dir='ltr'><strong>Ge-</strong></span> 
     </span>
     <span class='ocr_line' id='line_1_40' title="bbox 28 3070 410 3120; baseline 0.008 -13"><span class='ocrx_word' id='word_1_328' title='bbox 28 3070 125 3110; x_wconf 70' lang='grc' dir='ltr'><strong>-Ιειι,</strong></span> <span class='ocrx_word' id='word_1_329' title='bbox 155 3072 410 3120; x_wconf 74' lang='lat' dir='ltr'><strong>parentis.</strong></span> 
     </span>
    </p>
   </div>
   <div class='ocr_carea' id='block_1_4' title="bbox 0 0 31 3554">
    <p class='ocr_par' dir='ltr' id='par_1_6' title="bbox 0 0 31 3554">
     <span class='ocr_line' id='line_1_41' title="bbox 0 0 31 3554; baseline 0 0"><span class='ocrx_word' id='word_1_330' title='bbox 0 0 31 3554; x_wconf 95' lang='lat' dir='ltr'><strong> </strong></span> 
     </span>
    </p>
   </div>
  </div>
 </body>
</html>
