1942 3554
332 388 452 436 quas
498 371 732 419 interdum
778 372 1024 428 lasciviae,
1074 370 1304 419 interdum
1345 370 1583 419 timiditati
1622 382 1811 421 nostrae
1850 371 1942 429 sub·

335 443 608 500 scribimus,
664 441 890 490 adversus
937 441 1047 490 fidei
1094 441 1384 505 disciplinam
1433 444 1830 492 communicantes
1875 445 1942 505 affl

337 514 542 561 tionibus
574 515 620 560 in
652 513 838 563 idolicis
871 513 1027 560 rebus.
1075 512 1145 560 De
1177 513 1266 560 hoc
1300 513 1484 594 quidem
1509 514 1661 595 primo
1687 510 1942 582 consistas&

336 602 395 631 an
428 601 530 632 cum
562 585 673 648 ipsis
706 601 891 648 quoque
931 583 1196 631 nationibus
1229 585 1574 631 communicare
1605 586 1652 631 in
1692 583 1942 651 huiusmodi

335 671 505 703 servus
551 654 628 702 dei
669 654 862 713 debeat,
911 656 1011 702 sive
1051 654 1231 712 habitu,
1280 654 1380 702 sive
1420 655 1568 712 victu,
1615 656 1695 703 vel
1732 672 1830 720 quo
1860 645 1941 707 atii]

336 742 516 788 genere
558 727 764 773 laetitiae
806 742 979 773 earum.
1044 723 1262 773 Gaudere
1303 741 1405 772 cum
1445 724 1766 788 gaudentibus
1801 735 1848 774 et
1887 726 1942 777 ltss·

332 811 451 860 gere
485 813 589 843 cum
621 796 903 860 lugentibus,
938 794 996 843 de
1029 795 1253 842 fratribus
1285 795 1458 842 dictum
1490 804 1563 842 est
1586 795 1644 843 ab
1675 797 1938 864 apostolo-li¹

333 865 394 913 ad
424 869 771 915 unanimitatem
805 867 1102 913 cohortante.
1184 865 1403 913 Ceterum
1435 865 1492 913 ad
1528 866 1646 914 haec
1677 866 1793 912 nihil
1825 858 1942 917 eoml-

333 939 565 985 munionis
599 947 671 985 est
702 938 859 983 lumini
893 945 941 983 et
971 935 1198 994 tenebris,
1231 938 1356 983 vitae
1389 945 1438 983 et
1468 935 1698 996 morti2).
1725 945 1804 984 aut
1828 938 1940 985 sci·-

332 1007 482 1055 dimus
515 1007 640 1072 quod
672 1017 743 1054 est
781 1009 1028 1071 scriptum:
1090 1007 1296 1054 seculum
1329 1005 1574 1070 gaudebit,
1620 1022 1705 1054 vos
1735 1022 1849 1054 vero
1883 1008 1941 1055 la·

331 1079 587 1142 gebitis3).
638 1078 689 1126 Si
722 1095 824 1125 cum
857 1077 1020 1124 seculo
1048 1076 1318 1139 gaudemus,
1353 1076 1604 1124 verendum
1637 1085 1723 1135 est,
1757 1092 1815 1124 ne
1848 1094 1942 1126 cum

329 1150 494 1197 seculo
529 1158 576 1196 et
607 1150 864 1212 lugeamus.
929 1147 1101 1194 Seculo
1135 1155 1287 1195 autem
1321 1146 1556 1211 gaudente
1589 1147 1854 1211 lugeamus,
1902 1157 1942 1196 et

329 1220 492 1267 seculo
526 1228 688 1282 postea
722 1219 912 1281 lugente
946 1216 1265 1280 gaudebimus.
1329 1217 1410 1264 Sic
1443 1226 1494 1265 et
1521 1217 1732 1265 Lazarus
1749 1219 1794 1277 4)
1829 1216 1942 1282 apud

328 1291 509 1337 inferos
556 1291 600 1336 in
649 1290 751 1335 sinu
794 1288 1016 1335 Abrahae
1070 1288 1372 1350 refrigerium
1419 1297 1721 1346 consecutus,
1785 1294 1940 1349 contr}

328 1361 458 1409 dives
506 1361 552 1406 in
598 1367 833 1406 tormento
880 1359 1002 1421 ignis
1042 1359 1346 1415 constitutus,
1394 1357 1599 1405 alternas
1638 1358 1863 1406 malorum
1901 1364 1940 1411 ost

326 1432 557 1479 bonorum
589 1431 718 1477 vices
750 1430 931 1476 aemula
963 1427 1276 1475 retributione
1311 1436 1635 1491 compensant.
1699 1428 1817 1477 Sunt
1848 1426 1940 1493 quis·

326 1502 429 1549 dam
463 1500 564 1548 dies
596 1515 858 1556 munerum,
901 1514 1017 1561 quae
1050 1497 1171 1560 apud
1202 1498 1320 1545 alios
1352 1498 1546 1546 honoris
1576 1499 1780 1558 titulum,
1827 1498 1941 1564 apud

325 1573 444 1618 alios
478 1569 708 1617 mercedis
742 1569 947 1615 debitum
981 1577 1265 1631 expungunt.
1321 1568 1459 1616 Nunc
1492 1584 1632 1633 ergo,
1665 1570 1835 1634 inquis,
1868 1586 1939 1626 πα,-

325 1643 493 1704 cipiam
527 1656 700 1697 meum,
734 1640 808 1686 vel
841 1637 1094 1701 rependam
1128 1639 1348 1685 alienum.
1414 1638 1464 1686 Si
1497 1640 1618 1687 hunc
1650 1656 1827 1688 morem
1858 1638 1940 1698 sibi

322 1713 536 1759 homines
570 1709 628 1756 de
661 1709 995 1772 superstitione
1029 1718 1450 1766 consecraverunt,
1509 1718 1555 1755 tu
1597 1719 1849 1758 extraneus
1887 1701 1940 1759 ab

322 1783 446 1829 omni
487 1797 648 1828 eorum
686 1780 916 1837 vanitate,
964 1777 1074 1841 quid
1104 1779 1356 1841 participas
1389 1777 1651 1844 idolothyta
1683 1781 1940 1840 sollemnia,

325 1853 453 1916 quasi
501 1851 583 1897 tibi
632 1865 817 1913 quoque
863 1850 1204 1912 praescriptum
1252 1851 1311 1896 sit
1351 1848 1408 1896 de
1449 1848 1548 1908 die,
1597 1851 1840 1914 quominus
1878 1843 1939 1910 id,

319 1921 446 1987 quod
477 1921 654 1968 homini
686 1919 831 1967 debes
869 1919 944 1966 vel
985 1919 1069 1965 tibi
1108 1919 1165 1966 ab
1205 1919 1391 1966 homine
1424 1919 1646 1978 debetur,
1695 1922 1814 1969 citra
1847 1921 1938 1971 diei

321 1993 701 2039 observationem
735 1991 836 2036 luas
867 1990 942 2035 vel
974 1991 1194 2052 recipias.
1244 1990 1313 2037 Da
1344 1990 1555 2049 formam,
1590 1992 1635 2038 in
1663 2008 1796 2056 quam
1821 1993 1942 2043 velis-

315 2066 394 2126 agi
435 2072 610 2110 tecum.
691 2060 785 2107 Cur
824 2061 946 2107 enim
987 2069 1035 2106 et
1073 2061 1243 2118 lateas,
1300 2077 1401 2108 cum
1441 2062 1708 2124 ignorantia
1745 2063 1939 2111 alterius

318 2142 440 2180 tuam
473 2131 811 2179 conscientiam
844 2132 1163 2177 contamines?
1221 2130 1352 2189 Non,
1400 2132 1438 2177 si
1456 2132 1499 2193 5)
1539 2133 1774 2196 ignoraris
1815 2132 1942 2197 quod}

317 2205 382 2250 sis
430 2202 749 2259 Christianus,
813 2201 1007 2247 tentaris
1055 2209 1102 2247 et
1149 2210 1314 2248 contra
1363 2202 1702 2250 conscientiam
1746 2203 1940 2256 alterius

314 2275 419 2337 agis
447 2282 661 2336 tanquam
687 2287 782 2317 non>
799 2269 1119 2318 Christianus?
1163 2270 1412 2318 Enimvero
1439 2274 1529 2319 etsi
1553 2271 1934 2332 dissimulaveris,

315 2352 543 2400 tentatus,
590 2340 803 2389 addictus
843 2356 912 2387 es.
989 2340 1130 2388 Certe
1170 2342 1268 2389 sive
1309 2342 1395 2389 hac
1435 2343 1534 2389 sive
1566 2343 1698 2402 illac,
1744 2359 1939 2397 reus„es

314 2414 606 2461 confusionis
646 2413 691 2458 in
733 2410 838 2458 deo.
925 2411 1013 2471 Qui
1051 2420 1204 2459 autem
1244 2413 1463 2460 confusus
1502 2429 1644 2477 super
1680 2429 1752 2462 me
1790 2411 1940 2465 fuerit

313 2499 459 2548 penes
493 2484 725 2539 homineS,
767 2491 815 2528 et
847 2497 938 2544 ego
972 2481 1233 2531 confundar
1263 2498 1404 2549 super
1434 2483 1537 2545 illc,
1578 2484 1748 2550 inquit,
1787 2499 1934 2551 penes

314 2563 496 2618 patrem
530 2569 702 2609 meum,
744 2554 820 2616 qui
855 2561 926 2599 est
957 2554 1003 2598 in
1035 2553 1183 2600 coelis
1200 2552 1259 2615 6).

459 2629 539 2674 14.
599 2621 695 2670 Sed
726 2624 846 2669 enim
879 2623 1091 2687 plerique
1124 2624 1212 2671 iam
1244 2624 1528 2673 induxerunt
1565 2627 1743 2685 animo,
1797 2618 1933 2692 igno}

312 2693 535 2741 scendum
569 2709 696 2750 csse,
731 2693 769 2739 si
803 2693 1009 2756 quand0,
1044 2709 1162 2758 quae
1197 2695 1394 2753 ethnici,
1430 2697 1630 2754 faciunt,
1670 2713 1728 2744 ne
1760 2714 1930 2747 nomen

310 2763 679 2827 blasphemetur.
759 2763 908 2810 Porro
946 2763 1254 2827 blasphemia,
1303 2782 1420 2829 quae
1460 2766 1594 2813 nobis
1627 2769 1813 2815 omnino
1847 2767 1929 2816 de-

310 2833 500 2881 vitanda
540 2843 635 2890 est,
693 2834 810 2881 baec
853 2834 1022 2896 opinor
1061 2844 1155 2882 est:
1205 2836 1242 2881 si
1283 2837 1385 2899 quis
1416 2845 1623 2884 nostrum
1662 2837 1722 2884 ad
1761 2839 1930 2886 iustam.

336 231 416 280 42
865 232 947 269 DE
984 232 1432 270 [DOLOLATRIA.

423 3031 466 3078 1)
499 3032 616 3069 Rom.
645 3032 718 3078 12,
753 3033 817 3067 15.
991 3031 1032 3081 2)
1066 3033 1201 3069 zcor.
1225 3034 1268 3080 6,
1305 3034 1370 3069 14.
1543 3034 1588 3082 3)
1619 3035 1733 3072 toan.
1758 3037 1825 3083 16,
1859 3036 1925 3071 20.

307 3087 354 3135 4)
385 3087 611 3125 Eleazar
641 3087 732 3134 alii,
767 3089 893 3135 atque
924 3088 1003 3134 ita,
1051 3099 1135 3125 non
1167 3089 1396 3126 Lazarus
1429 3090 1580 3136 ubique
1611 3090 1656 3127 in
1686 3091 1778 3128 cod.
1811 3092 1925 3138 Ago·x

307 3143 425 3182 bardi
455 3143 659 3191 scriptum
690 3145 766 3180 est.
883 3142 927 3195 5)
961 3145 1030 3181 Sic
1054 3144 1194 3182 locum
1219 3145 1457 3182 emendavit
1479 3147 1818 3194 Havercamptu3
1849 3157 1925 3184 ce·-

306 3201 407 3238 teri:
443 3201 486 3237 si
516 3212 613 3237 non
644 3201 741 3249 ign.
858 3201 901 3247 6)
934 3200 1080 3238 Matth.
1100 3203 1165 3249 10,
1185 3201 1236 3237 32
1255 3212 1314 3247 sq.
1373 3202 1476 3239 Luc.
1497 3204 1536 3247 9,
1555 3203 1628 3239 26..
