1942 3554
447 148 535 187 An
579 121 951 188 NATlioNES
996 149 1208 186 L18.11.
1526 149 1640 199 167

12 287 179 350 (minae
225 287 433 335 Punicae
487 286 828 346 subiiciendus,
883 304 1001 352 quae
1048 289 1261 335 maritum
1309 288 1649 340 Hasdrubalem

25 352 221 416 Aeneae
261 356 510 405 timiditate
549 358 886 421 supplicantem
924 358 1047 406 hosti
1079 375 1171 405 non
1204 361 1448 418 comitata,
1504 362 1652 426 raptis

14 431 186 498 -sjecum
225 428 354 510 filiis,
401 428 596 475 formam
629 436 678 475 et
704 436 887 491 patrem
927 429 1016 476 sibi
1056 429 1231 477 habere
1271 447 1364 477 non
1404 433 1450 478 in
1490 432 1651 495 fugam

11 501 170 582 sapit,
218 497 303 547 sed
333 499 381 544 in
412 498 549 561 ignes
578 496 788 545 ardentis
821 497 1120 561 Carthaginis
1153 508 1203 546 ut
1226 499 1271 546 in
1296 501 1537 565 amplexus
1569 519 1657 566 pa-

12 571 148 620 1triae
179 568 422 633 pereuntis
453 566 679 614 incubuit
754 567 862 614 Pius
899 566 1090 616 Aeneas
1132 568 1190 616 ob
1230 571 1415 618 unicum
1457 589 1654 635 puerum

0 649 78 689 ‘et
107 639 399 702 decrepitum
424 653 611 695 senem,
634 637 827 685 Priamo
861 647 909 685 et
944 637 1238 703 Astyanacte
1279 639 1540 699 destitutis3
1581 651 1658 690 at-

12 708 390 777 aquiniRomanis
421 708 571 771 magis
604 707 922 755 detestandus.
987 708 1073 767 Qui
1104 725 1189 772 pro
1217 711 1366 758 salute
1392 712 1655 776 principum

15 788 82 838 vet
108 777 270 828 domus
303 793 464 826 eorum
496 777 724 826 adversus
750 778 926 826 liberos
959 788 1007 826 et
1039 781 1266 843 coniuges
1308 790 1356 827 et
1403 797 1539 829 omne
1586 784 1658 846 pi-

16 861 147 917 zgnus
170 864 300 897 suum
326 847 558 896 deierant.
607 848 869 897 Consecrat
898 849 1042 896 filium
1074 850 1303 909 Veneris,
1338 860 1387 898 et
1417 852 1508 899 hoc
1539 851 1659 900 Vul-

15 936 174 973 »canus
211 919 366 967 sciens
404 919 579 982 patitur
615 928 666 966 et
709 918 825 966 Iuno
872 919 1110 968 concedit.
1202 920 1254 968 Si
1286 920 1451 970 veredi
1491 924 1533 982 ¹)
1576 939 1660 988 pa-

14 998 212 1054 tentum
251 989 298 1036 in
345 989 483 1037 coelo
530 988 719 1047 sedent,
775 1006 861 1038 cur
904 1007 997 1038 non
1043 993 1200 1073 potius
1232 990 1415 1056 Argivi
1460 993 1657 1042 iuvenes

14 1058 107 1109 ‹ssei
135 1059 306 1116 babiti,
341 1058 466 1124 quod
519 1069 735 1118 matrem,
782 1077 841 1108 ne
888 1063 933 1108 in
982 1063 1130 1109 sacris
1169 1063 1401 1125 piaculum
1443 1065 1655 1111 commit-

15 1138 178 1189 teret,
209 1129 310 1194 plus
329 1146 463 1194 quam
486 1129 685 1178 humano
713 1147 843 1178 more
870 1132 1050 1195 iugales
1074 1149 1131 1195 pl
1135 1135 1430 1180 evexerunt?
1454 1150 1539 1182 cur
1563 1150 1658 1181 non

25 1203 179 1265 magis
210 1199 314 1258 dea,
347 1216 466 1264 quae
498 1202 646 1264 magis
678 1203 767 1264 pia,
801 1202 879 1249 illa
911 1202 1004 1249 filia
1042 1204 1190 1266 patris
1229 1205 1275 1250 in
1305 1219 1502 1252 carcere
1535 1205 1658 1253 fame

27 1271 212 1321 {defecti
242 1270 467 1318 uberibus
498 1272 594 1318 suis
627 1271 902 1319 educatrix?
931 1272 1061 1336 ‘Quid
1093 1272 1218 1320 aliud
1246 1271 1443 1322 Aeneae
1477 1275 1659 1338 glorio-

24 1358 156 1400 sum,
181 1341 272 1390 nisi
296 1339 422 1405 quod
443 1341 627 1405 proelio
652 1341 941 1390 Laurentino
967 1360 1188 1406 nusquam
1216 1346 1508 1407 comparuit?
1540 1344 1662 1392 Rur-

37 1429 113 1463 sus
156 1412 352 1460 forsitan
398 1412 538 1459 solito
578 1428 710 1459 more
751 1414 882 1476 quasi
923 1413 1143 1460 desertor
1182 1430 1206 1461 e
1246 1415 1432 1477 proelio
1465 1416 1659 1477 fugerit.

32 1482 256 1543 Remulus
287 1497 441 1547 aeque
467 1490 576 1545 post
603 1491 802 1530 mortem
843 1482 981 1539 deus,
1021 1484 1059 1530 si
1099 1484 1209 1547 quia
1246 1484 1407 1532 urbem
1449 1485 1662 1533 condidit

30 1553 177 1613 fideus,
206 1568 353 1618 usque
385 1553 430 1600 in
463 1553 686 1610 feminas,
728 1553 908 1600 urbium
942 1562 1181 1602 auctores.
1270 1553 1395 1603 Sane
1436 1555 1661 1603 Romulus

26 1634 92 1680 et
115 1625 308 1672 fratrem
338 1623 582 1672 interfecit
613 1633 661 1672 et
691 1624 870 1671 alienas
901 1625 1112 1688 virgines
1151 1622 1261 1672 dolo
1301 1626 1468 1690 rapuit.
1545 1626 1660 1675 ldeo

31 1693 182 1755 dem,
223 1693 338 1744 ideo.
374 1693 594 1753 Quirinus
633 1703 728 1753 est,
783 1695 891 1759 quia
930 1704 1042 1742 tunc
1079 1696 1352 1758 parentibus
1393 1697 1661 1760 quiritatum

30 1774 113 1820 »est
140 1781 228 1830 per
265 1765 407 1813 illum.
500 1764 620 1824 Quid
660 1764 905 1812 Sterculus
947 1767 1117 1812 meruit
1156 1765 1215 1812 ad
1256 1765 1579 1815 divinitatem?
1625 1768 1662 1813 si

30 1851 182 1902 agros
227 1835 519 1884 stercoribus
563 1834 765 1883 iuvando
807 1835 1006 1899 diligens
1044 1836 1153 1893 fuit,
1200 1837 1301 1898 plus
1347 1837 1440 1884 fimi
1483 1835 1665 1901 Augias

36 1906 338 1965 conferebat.
415 1905 464 1952 Si
497 1905 679 1952 Faunus
713 1906 811 1953 Pic‘i
842 1906 964 1952 filius
1003 1906 1050 1952 in
1090 1907 1162 1953 ius
1202 1906 1472 1970 agitabatur
1507 1916 1665 1955 mente

38 1980 188 2034 dctus,
223 1977 378 2023 curari
404 1991 506 2023 eum
533 1977 678 2039 magis
704 1993 836 2040 quam
863 1978 1136 2024 consecrari
1164 1975 1380 2024 decebat.
1445 1977 1496 2025 Si
1521 1978 1665 2025 Fauni

34 2047 138 2095 ‘fitia
161 2045 386 2111 pudicitia
409 2046 754 2110 praecellebat,
783 2056 831 2094 ut
862 2062 919 2094 ne
947 2056 1313 2095 conversaretur
1338 2046 1524 2112 quidem
1543 2049 1669 2096 inter

52 2118 195 2176 viros,
226 2125 308 2165 aut
334 2116 553 2165 barbaria
590 2125 669 2164 aut
707 2119 999 2165 conscientia
1030 2116 1342 2166 deformitatis
1374 2127 1454 2165 aut
1490 2118 1667 2166 rubore

55 2189 256 2250 'nasaniae
294 2195 543 2252 paternae,
577 2196 747 2252 quanto
775 2187 962 2252 dignior
982 2187 1108 2236 bona
1131 2187 1221 2236 dea
1253 2188 1513 2253 Penelopa,
1547 2205 1667 2253 quae

56 2259 173 2319 'W
213 2258 484 2306 utilissimos
530 2267 763 2306 amatores
810 2258 1069 2317 diversata,
1117 2258 1356 2307 obsessam
1405 2261 1669 2308 castitatem

5 2354 10 2364 ·
44 2338 215 2389 itenere
245 2329 482 2392 protexit?
533 2327 619 2377 Est
665 2338 713 2377 et
742 2338 952 2401 sanctus,
1004 2339 1200 2394 propter
1237 2330 1604 2393 hospitalitatem
1643 2346 1669 2377 a

50 2413 167 2464 tege
197 2397 351 2452 Plotio
382 2400 538 2447 fanum
571 2398 879 2460 consecutus,
931 2401 1083 2463 potuit
1120 2409 1169 2448 et
1205 2400 1372 2448 Vlixes
1407 2399 1465 2447 de
1511 2400 1674 2448 huma-

59 2469 242 2529 nissimo
269 2467 475 2518 Alcinoo
507 2487 644 2518 unum
677 2472 872 2534 amplius
906 2469 1040 2518 deum
1074 2470 1207 2517 vobis
1240 2471 1514 2517 contulisse.

155 2585 168 2604 ,
198 2538 278 2593 10.
350 2539 428 2589 Ad
458 2540 675 2588 foediora
706 2542 894 2589 festino.
972 2540 1080 2587 Non
1120 2539 1284 2603 puduit
1320 2538 1560 2589 Auctores
1590 2557 1673 2589 ve-

0 2605 6 2614 ‘
53 2607 179 2677 ⁸33⁵.oe
210 2609 268 2658 de
298 2609 556 2659 Larentina
591 2611 640 2676 2)
670 2612 821 2674 palam
853 2611 1031 2659 facere.
1122 2610 1340 2658 Scortum
1380 2611 1500 2658 haec
1531 2611 1677 2660 meri·

50 2681 222 2744 antium
246 2681 349 2740 fuit,
381 2682 479 2729 sive
505 2680 610 2728 dum
637 2682 819 2729 Romuli
842 2682 1015 2739 nutrix,
1049 2689 1098 2728 et
1120 2680 1230 2728 ideo
1257 2681 1387 2744 lupa,
1415 2682 1522 2745 quia
1540 2698 1673 2730 seor—

0 2739 3 2802 ¹⁴
52 2761 178 2815 κως
212 2751 310 2799 sive
342 2749 447 2799 dum
479 2751 696 2800 Herculis
725 2753 877 2799 amica
908 2760 1002 2809 est,
1038 2760 1086 2799 et
1115 2752 1204 2798 iam
1236 2752 1406 2798 mortui
1439 2751 1673 2811 Herculis,

1 2870 5 2880 ,
50 2817 108 2871 ud
144 2828 239 2878 est,
279 2819 371 2868 iam
418 2819 523 2887 dei.»
591 2821 710 2869 Nam
743 2823 922 2879 ferunt,
970 2821 1205 2869 aedituum
1238 2822 1518 2871 eius'solum
1549 2824 1674 2870 forte

54 2905 108 2938 m
137 2887 257 2939 aede
289 2890 480 2938 calculis
511 2890 745 2939 ludentem
777 2902 828 2940 ut
859 2893 947 2940 sibi
974 2892 1278 2950 collusorem,
1313 2909 1446 2956 quem
1473 2910 1566 2941 non
1593 2894 1675 2940 ha-

72 2997 355 3004 ·--·----——-<--
364 2997 408 3003 -—

3 3097 9 3115 ζ
173 3055 436 3108 1),God.ms.
467 3060 510 3097 si
539 3060 744 3109 bisepte
777 3064 1066 3109 parentum.
1185 3063 1230 3113 2)
1260 3064 1411 3113 Rigalt.
1444 3066 1679 3102 Lauren-

64 3111 196 3164 2zign23
227 3115 283 3160 cf.
302 3116 477 3164 Apolog.
496 3118 559 3154 13.
