1942 3554
42 175 85 202 ι.

677 237 768 276 DE
810 235 1090 285 PA12L10.
1571 230 1695 276 231

0 354 14 406 i
65 353 297 408 maculas!
328 353 440 402 item
471 367 562 416 qua
591 350 753 400 lances
785 351 1048 400 centenarii
1078 346 1302 415 ponderis
1319 345 1451 396 Sulla
1479 346 1692 396 molitur!

0 422 4 465 ἓ
62 423 256 475 Vereor
298 440 435 483 sane,
481 439 540 472 ne
585 439 731 487 parva
776 423 838 470 sit
873 423 967 470 ista
1001 423 1200 479 trutina,
1249 436 1352 468 cum
1383 419 1694 478 Drusillanus‚

0 524 2 527 >
62 495 282 563 equidem
319 511 482 545 servus
521 493 729 553 Claudii,
763 495 1119 559 quingenariam
1156 491 1491 558 promulsidem
1528 491 1695 541 aedifi-

62 576 158 626 cat,
190 567 522 632 suprascriptis
552 567 756 614 fortasse
802 566 974 614 mensis
1013 564 1353 623 necessariam,
1403 564 1502 624 cui,
1550 565 1589 612 si
1621 565 1694 612 of-

60 639 204 689 ficina
235 642 478 687 exstructa
508 646 603 696 est,
651 637 815 686 debuit
852 647 901 686 et
940 637 1208 685 triclinium.
1269 634 1502 701 Immergo
1541 653 1693 702 aeque

34 710 334 775 ,scalpellum
366 709 618 759 acerbitati
649 711 710 768 ei,
743 726 834 774 qua
861 708 1042 757 Vedius
1073 707 1225 755 Pollio
1257 723 1421 768 servos
1458 709 1694 757 muraenis

32 819 34 822 >
58 780 353 831 invadendos
384 781 672 839 obiectabat,
706 797 827 829 nova
857 781 1044 828 scilicet
1073 780 1271 828 saevitia
1301 777 1566 828 delectatus
1595 788 1694 827 ter-

0 846 3 847 ⁷
27 871 34 877 ·
58 869 206 903 rene
235 852 419 901 bestiae
451 862 501 901 et
530 852 782 902 edentulae
814 860 864 900 et
894 852 1124 915 exunguis
1155 859 1205 899 et
1234 831 1478 901 excoriiis:
1525 850 1584 899 de
1623 853 1694 915 pi-

34 924 219 977 scibus
248 924 426 988 placuit
454 925 583 973 feras
614 940 816 988 cogere,
848 924 1010 987 utique
1041 923 1198 970 statim
1230 920 1512 986 coquendis,
1558 931 1610 970 ut
1645 923 1694 979 in

27 995 322 1048 Jvisceribus
352 1011 512 1043 earum
543 994 718 1060 aliquid
751 994 809 1043 de
842 1010 1084 1042 servorum
1116 1008 1305 1040 suorum
1338 993 1620 1057 corporibus
1644 1002 1695 1042 et

58 1067 162 1131 ipse
208 1075 437 1130 gustaret.
514 1065 792 1114 Praecidam
840 1065 1017 1128 gulam,
1066 1080 1157 1128 qua
1203 1063 1483 1112 Hortensius
1530 1074 1695 1113 orator

34 1138 234 1202 *primus
278 1154 444 1202 pavum
491 1138 584 1185 cibi
632 1153 799 1185 caussa
843 1137 997 1200 potuit
1043 1133 1294 1194 occidere3
1342 1151 1434 1199 qua
1474 1133 1691 1184 Aufidius

59 1207 218 1256 Lurco
258 1209 433 1272 primus
472 1210 637 1271 sagina
675 1224 879 1272 corpora
907 1207 1112 1264 vitiavit,
1160 1215 1210 1253 et
1248 1208 1429 1254 coactis
1459 1206 1693 1257 alimentis

58 1280 109 1327 in
138 1278 450 1327 adulterinum
489 1280 708 1344 provexit
744 1294 984 1343 saporem3
1027 1294 1117 1342 qua
1152 1277 1344 1326 Asinius
1385 1277 1528 1326 Celer
1564 1280 1693 1327 mulli

45 1351 194 1403 ‚unius
225 1350 469 1398 obs'onium
499 1368 561 1398 vi.
594 1367 663 1397 ns.
698 1349 1012 1415 detulit3-qua
1040 1347 1259 1413 Aesopus
1298 1349 1464 1398 histrio
1505 1367 1566 1398 ex
1595 1352 1694 1398 avi-

57 1420 144 1470 bus
176 1420 385 1469 eiusdem
415 1422 725 1485 pretiositatis
756 1430 806 1468 ut
838 1421 1026 1468 canoris
1058 1429 1107 1468 et
1137 1421 1411 1485 loquacibus
1436 1421 1693 1485 quibusque

60 1494 309 1553 centum1)
349 1493 542 1540 millium
572 1494 777 1557 patinam
818 1493 1117 1551 confiscavit3
1160 1508 1249 1556 qua
1288 1492 1409 1540 filius
1449 1493 1548 1540 eius
1586 1502 1695 1558 post

27 1563 153 1612 *tale
185 1564 531 1628 pulpamentum
563 1565 716 1628 potuit
746 1563 925 1627 aliquid
966 1564 1281 1628 sumptuosius
1322 1565 1528 1623 esurire3
1569 1581 1693 1612 mar-

59 1636 216 1698 garita
248 1651 445 1700 namque
476 1636 551 1683 vel
583 1636 685 1700 ipso
718 1635 905 1682 nomine
935 1636 1148 1699 pretiosa
1180 1632 1418 1693 dehausit,
1454 1634 1598 1683 credo
1631 1652 1691 1684 ne

15 1750 23 1759 .,
57 1703 319 1754 mendicius
357 1715 492 1770 patre
534 1714 798 1754 coenasset.
859 1706 1019 1753 Taceo
1059 1703 1280 1754 Nerones
1320 1715 1368 1753 et
1403 1703 1604 1770 Apicios
1644 1716 1694 1755 et

9 1788 18 1801 “’
51 1775 221 1825 Rufos.
295 1777 430 1825 Dabo
463 1778 773 1825 catharticum
810 1778 1067 1841 impuritati
1100 1774 1270 1824 Scauri
1309 1786 1358 1824 et
1394 1778 1528 1825 aleae
1563 1777 1692 1827 Curii

57 1857 108 1896 et
135 1848 422 1896 vinolentiae
452 1847 664 1895 Antonii.
726 1847 788 1895 Et
818 1856 1051 1895 memento
1082 1848 1199 1895 istos
1229 1849 1415 1895 interim
1447 1865 1508 1896 ex
1537 1849 1692 1899 multis

57 1927 249 1982 togatos
278 1919 439 1978 fuisse,
473 1913 633 1983 quales
664 1918 787 1983 apud
818 1919 1008 1983 pallium
1039 1918 1163 1967 haud
1194 1919 1335 1966 facile
1352 1920 1417 1980 2).
1480 1919 1575 1967 Has
1605 1937 1691 1984 pu-

57 1990 286 2038 rulentias
327 1991 531 2038 civitatis
570 1991 671 2054 quis
710 1991 871 2038 eliciet
909 1999 959 2038 et
996 1990 1419 2055 exsuppurabitss),
1452 1992 1499 2038 ui
1531 2007 1686 2039 sermo

56 2061 306 2109 nalliatus?

0 2187 12 2198 ι’
199 2137 247 2185 6.
310 2130 564 2191 Sermone,
604 2133 774 2197 inquit,
815 2148 888 2187 me
928 2133 1113 2181 suasisti
1151 2131 1463 2182 medicamine
1503 2135 1689 2198 sapien·

55 2202 252 2251 tissimo.
312 2202 490 2252 Verum
522 2205 611 2252 etsi
643 2205 876 2267 eloquium
910 2205 1145 2268 quiescat,
1178 2214 1259 2252 aut
1288 2206 1486 2252 infantia
1516 2204 1688 2253 subdu-

57 2281 183 2322 ctum
214 2283 295 2322 aut
323 2273 614 2323 verecundia
643 2283 879 2322 retentum
913 2279 1038 2336 (nam
1071 2284 1120 2323 et
1150 2276 1352 2339 elinguis
1389 2276 1690 2340 philosophia

0 2363 12 2383 2·
47 2345 153 2392 ‘vita
183 2354 408 2396 contenta
440 2350 556 2407 est),
603 2347 704 2409 ipse
735 2346 922 2393 habitus
954 2355 1112 2406 sonat,
1154 2347 1222 2395 sic
1264 2345 1467 2412 denique
1500 2347 1690 2396 auditur

0 2384 17 2502 ἶ
55 2414 379 2480 philosophus,
412 2415 518 2464 dum
548 2416 749 2464 videtur.
826 2417 896 2465 De
930 2433 1132 2465 occursu
1163 2433 1269 2464 meo
1300 2419 1415 2465 vitia
1453 2418 1685 2466 suffundo.

16 2487 21 2550 'y
55 2481 170 2544 Quis
201 2503 295 2534 non
326 2488 557 2535 aemulum
588 2504 733 2544 suum,
769 2504 871 2534 cum
901 2487 1047 2546 videt,
1080 2489 1288 2552 patitur?
1326 2490 1427 2552 quis
1458 2489 1607 2536 oculis
1639 2491 1687 2544 in

55 2572 162 2604 eum
192 2566 372 2621 potest,
419 2559 467 2605 in
499 2575 633 2623 quem
671 2558 903 2605 mentibus
941 2575 1034 2605 non
1072 2559 1261 2622 potest?
1336 2557 1524 2606 Grande
1555 2561 1688 2625 pallii

22 2634 32 2638 ’“
54 2626 336 2676 beneficium
368 2637 455 2687 est,
487 2630 570 2677 sub
605 2631 735 2676 cuius
766 2629 1035 2692 recogitatu
1059 2630 1260 2693 improbi
1291 2646 1447 2678 mores
1470 2631 1545 2678 vel
1577 2647 1683 2679 eru-

20 2703 25 2754 ζ
54 2697 270 2747 bescunt.
330 2699 522 2748 Viderit
551 2717 674 2748 nunc
706 2699 1021 2764 philosophia,
1055 2699 1166 2764 quid
1195 2702 1362 2764 prosit.
1422 2700 1528 2749 Nec
1562 2704 1682 2751 enim

54 2769 159 2817 sola
188 2783 369 2819 mecum
401 2780 488 2819 est.
530 2771 694 2819 Habeo
728 2779 776 2818 et
805 2771 922 2818 alias
952 2779 1080 2818 artes
1111 2772 1158 2818 in
1188 2772 1378 2835 publico
1410 2773 1564 2821 utiles.
1612 2773 1682 2822 De

11 2840 18 2910 '⁴
57 2855 163 2888 meo
193 2843 477 2898 vestiuntur,
525 2851 574 2890 et
603 2843 777 2906 primus
808 2842 1088 2889 informator
1118 2843 1383 2901 literarum,
1432 2852 1480 2892 et
1509 2846 1682 2909 primus

57 2910 292 2960 enodator
307 2915 352 2973 4)
383 2914 532 2971 vocis,
566 2922 615 2960 et
643 2914 818 2977 primus
849 2928 1147 2960 numerorum
1164 2917 1423 2973 arenarius,
1457 2924 1506 2963 et
1528 2932 1682 2980 gram-

172 3039 217 3088 1)
247 3039 325 3079 Ed.
358 3041 503 3080 Fran..
493 3053 503 3062 ·
536 3045 908 3082 sexcentorum
941 3042 1164 3080 millium
1197 3044 1428 3091 patinam
1471 3044 1680 3082 confla-

58 3093 143 3132 vit.
330 3094 376 3149 2)
407 3097 471 3134 Al.
495 3100 865 3146 exvaporabit.
1056 3100 1099 3149 3)
1140 3100 1288 3139 Salm..
1280 3112 1288 3120 ·
1331 3101 1515 3148 quales
1548 3102 1682 3149 apud

60 3150 298 3198 pallium!
331 3154 476 3192 Haud
508 3155 669 3193 facile
699 3156 791 3193 has
826 3180 871 3184 —
907 3157 1181 3204 palliatus.
1332 3159 1377 3207 4)
1404 3158 1531 3196 Rhen.
1557 3158 1598 3196 in
1617 3159 1680 3198 ed.

55 3207 417 3259 1-:edonator‚
464 3212 562 3251 Cod.
594 3212 742 3252 Salm.:
775 3213 1053 3262 enodator;
1086 3214 1228 3254 ceteri:
1260 3215 1538 3254 edomator.
