1942 3554
676 145 760 184 DE
797 144 1135 184 BAPTISMO.
1646 140 1723 185 32

75 268 300 334 ροτπιιιῐ,
333 258 492 308 deleta
521 268 672 308 morte
704 275 791 324 per
821 260 1110 308 ablutionem
1143 256 1440 305 delictorum.
1487 256 1722 321 Exempto

75 323 276 383 2scilicet
305 339 442 381 reatu
472 332 692 388 eximitur
724 340 772 379 ct
796 347 973 414 poena.
1050 329 1121 378 Ita
1159 330 1424 377 restituitur
1455 328 1594 376 homo
1628 327 1720 377 deo

86 401 149 450 ad
179 401 528 450 similitudinem
560 403 683 459 eius,
732 403 810 466 qui
853 411 987 450 retro
1034 400 1094 449 ad
1139 401 1389 463 imaginem
1436 399 1513 447 dei
1551 401 1722 459 fuerat,

86 474 262 556 imagp·
276 474 325 521 in
356 473 540 536 effigie,
573 472 827 520 similitudo
859 475 907 521 in
946 474 1229 521 aeternitate
1270 480 1504 519 censetur.
1580 471 1722 519 Reci-

86 546 158 610 pit
187 545 310 592 enim
340 545 468 597 illum
500 543 577 591 dei
607 546 843 609 spiritum,
892 560 1027 608 quem
1073 553 1183 590 tunc
1225 542 1283 590 de
1316 543 1477 590 afflatu
1510 543 1610 590 eius
1642 559 1724 591 ac-

89 624 307 699 ceperat,
340 614 425 662 sed
454 623 563 679 post
592 616 815 662 amiserat
843 631 931 679 per
961 614 1200 662 delictum.

230 690 278 738 6.
338 685 449 734 Non
482 685 606 750 quod
636 687 684 732 in
715 686 847 749 aquis
880 686 1093 749 spiritum
1124 693 1335 734 sanctum
1364 701 1723 749 consequamur,

87 754 173 807 sed
216 757 266 804 in
305 773 427 821 aqua
458 755 694 804 emundati
726 757 809 804 sub
842 757 1014 819 angelo
1054 756 1238 819 spiritui
1270 763 1434 802 sancto
1466 773 1725 820 praepara-

86 843 204 877 mur.
280 826 369 875 Hic
416 843 598 891 quoque
647 827 799 890 figura
843 828 1122 891 praecessit.
1215 824 1297 873 Sic
1353 827 1476 873 enim
1522 827 1725 875 Ioannes

66 902 518 963 fantepraecursor
548 897 724 947 domini
754 899 863 956 fuit,
911 913 1200 963 praeparans
1245 898 1346 945 vias
1394 898 1518 956 eius3
1567 900 1633 945 ita
1677 908 1727 946 et

88 970 286 1034 angelus
314 970 533 1034 baptismi
578 970 759 1017 arbiter
804 978 1144 1034 superventuro
1185 969 1369 1033 spiritui
1415 978 1579 1016 sancto
1624 971 1726 1018 vias

88 1040 253 1104 dirigit
281 1037 520 1103 ablutione
554 1040 859 1099 delictorum,
908 1057 1042 1105 quam
1075 1038 1192 1087 fides
1224 1041 1446 1104 impetrat
1477 1041 1727 1104 obsignata

87 1113 136 1162 in
166 1111 307 1160 Patre
339 1121 390 1160 et
419 1111 538 1159 Filio
571 1121 620 1160 et
652 1110 831 1176 Spiritu
864 1110 1057 1159 Sancto.
1133 1110 1255 1158 Nam
1302 1112 1342 1158 si
1388 1112 1435 1158 in
1473 1112 1622 1160 tribus
1654 1122 1726 1160 te-

88 1183 237 1232 stibus
281 1183 426 1232 stabit
456 1199 591 1239 omne
637 1183 855 1241 verbum,
907 1192 1080 1247 quanto
1127 1183 1299 1246 magis,
1348 1181 1454 1229 dum
1500 1183 1724 1231 habemus

88 1270 178 1320 per
205 1253 587 1302 benedictionem
620 1253 813 1302 eosdem
845 1255 1050 1317 arbitros
1082 1252 1216 1312 fidei,
1251 1269 1366 1317 quos
1393 1262 1442 1300 et
1471 1270 1725 1317 sponsores

89 1326 275 1384 salutis,
308 1317 484 1374 sufficit
513 1324 573 1373 ad
603 1325 823 1373 fiduciam
855 1327 957 1390 spei
987 1334 1180 1373 nostrae
1214 1326 1355 1372 etiam
1387 1341 1606 1373 numerus
1637 1343 1724 1373 no·-

88 1398 262 1444 minum
293 1395 573 1448 divinorum.
651 1396 799 1455 Quum
830 1405 985 1445 autem
1017 1396 1101 1444 sub
1133 1396 1284 1443 tribus
1317 1404 1365 1443 et
1387 1398 1579 1444 testatio
1612 1396 1725 1445 fidei

90 1476 140 1516 et
168 1468 360 1532 sponsio
407 1467 569 1514 salutis
613 1469 948 1531 pignerentur,
996 1469 1271 1516 necessario
1311 1466 1536 1516 adiicitur
1566 1469 1726 1517 eccle·-

89 1540 189 1587 siae
219 1539 420 1596 mentio,
469 1539 689 1602 quoniam
734 1538 814 1586 ubi
859 1547 981 1597 tres,
1029 1537 1078 1586 id
1124 1547 1198 1586 est
1241 1537 1387 1586 Pater
1416 1547 1474 1585 vet
1503 1537 1647 1588 Filius
1678 1549 1729 1588 et

91 1608 294 1675 Spiritus
327 1608 552 1668 Sanctus,
586 1610 651 1656 ibi
683 1610 915 1668 ecclesia,
949 1626 1069 1675 quae
1101 1612 1240 1658 trium
1273 1626 1446 1674 corpus
1477 1618 1564 1658 est.

231 1684 281 1733 7.
341 1679 528 1738 Exinde
560 1683 744 1744 egressi
791 1680 850 1729 de
896 1682 1088 1730 lavacro
1134 1682 1442 1746 perungimur
1469 1680 1727 1730 benedicta

89 1754 312 1802 unctione
345 1751 404 1800 (16
435 1753 634 1817 pristina
666 1751 939 1816 disciplina,
989 1769 1081 1816 qua
1117 1753 1230 1815 ungi
1246 1753 1370 1804 ‚oleo
1393 1751 1463 1800 ‘de
1498 1769 1647 1802 cornu
1677 1755 1726 1806 in

90 1823 408 1872 sacerdotium
439 1823 671 1871 solebant.
747 1823 823 1870 Ex
853 1839 943 1887 quo
974 1822 1139 1870 Aaron
1171 1840 1199 1870 a
1227 1822 1397 1887 Moyse
1436 1832 1604 1871 unctus
1636 1834 1723 1883 est,

90 1894 214 1944 unde
246 1894 460 1943 Christus
492 1893 668 1942 dicitur
697 1910 726 1941 a
758 1894 1033 1952 chrismate,
1083 1893 1207 1958 quod
1254 1903 1327 1941 est
1370 1895 1556 1952 unctio,
1605 1911 1725 1958 quae

91 1965 281 2014 domino
313 1981 485 2013 nomen
516 1964 915 2023 accommodavit,
962 1966 1091 2013 facta
1121 1965 1368 2030 spiritalis,
1420 1966 1529 2028 quia
1559 1967 1725 2030 spiritu

89 2045 258 2085 unctus
290 2044 365 2085 est
393 2052 421 2084 a
453 2034 543 2084 deo
574 2044 734 2100 patre,
768 2038 891 2084 sicut
927 2038 974 2084 in
1003 2035 1165 2084 Actis:
1215 2036 1419 2084 Collecti
1457 2046 1565 2084 sunt
1602 2039 1725 2085 enim

89 2124 203 2157 vere
230 2104 282 2156 in
313 2109 403 2156 ista
442 2108 633 2155 civitate
672 2106 897 2155 adversus
943 2116 1156 2155 sanctum
1202 2107 1345 2155 filium
1391 2115 1540 2166 tuum,
1589 2125 1726 2174 quem

88 2179 263 2228 unxisti
280 2179 343 2241 ¹).
393 2176 474 2226 Sic
493 2187 545 2227 et
570 2179 618 2226 in
643 2178 780 2226 nobis
806 2179 1065 2235 carnaliter
1089 2180 1238 2226 currit
1260 2179 1452 2245 unctio,
1471 2178 1557 2227 sed
1587 2181 1726 2244 spiri·
1760 2225 1765 2231 ὁ

87 2251 250 2299 taliter
271 2249 492 2315 proficit,
540 2248 774 2314 quomodo
821 2259 870 2298 et
900 2250 1055 2314 'ipsi-us
1083 2249 1304 2314 baptismi
1336 2250 1541 2298 carnalis
1572 2260 1723 2309 actus,

89 2319 217 2387 quod
244 2321 293 2368 in
337 2336 473 2385 aqua-
497 2322 774 2385 mergimur,
821 2322 1045 2386 spiritalis
1093 2322 1315 2380 effectus,
1364 2320 1488 2386 quod
1535 2321 1723 2370 delictis

88 2393 358 2443 liberamur.

231 2468 279 2515 8.
327 2461 525 2519 Dehinc,
553 2480 714 2511 manus
746 2465 1022 2527 imponitur,
1054 2480 1142 2528 per
1166 2462 1550 2512 benedictionem
1577 2462 1723 2515 advo-

27 2584 39 2603 ‹
90 2551 203 2584 cans
235 2542 285 2582 et
314 2534 514 2582 invitans
545 2537 756 2599 spiritum
795 2543 1022 2590 sanctum.
1108 2533 1233 2582 Sane
1280 2535 1480 2581 humano
1527 2535 1721 2598 ingenio

89 2605 255 2654 licebit
291 2605 502 2670 spiritum
549 2607 596 2652 in
641 2622 807 2669 aquam
853 2620 1099 2652 arcessere
1146 2613 1195 2653 et
1240 2606 1720 2668 concorporationem

32 2722 36 2725 ,
91 2687 255 2731 eorum
285 2675 655 2725 accommodatis
703 2675 907 2740 desuper
951 2675 1162 2725 manibus
1208 2675 1302 2722 alio
1348 2677 1516 2739 spiritu
1560 2685 1720 2725 tantae

93 2746 322 2796 claritatis
352 2748 584 2865 signare,
619 2746 709 2794 deo
742 2755 896 2795 autem
928 2749 974 2794 in
1006 2763 1089 2794 suo
1123 2762 1303 2809 organo
1329 2762 1422 2794 non
1448 2747 1612 2795 licebit
1633 2765 1722 2813 per

90 2833 254 2866 manus
285 2833 396 2865 sanc
451 2834 472 2866 s
504 2818 834 2866 sublimitatem
865 2817 1097 2865 modulari
1135 2817 1429 2882 spiritalem?
1501 2816 1599 2867 Sed
1647 2829 1721 2868 est

90 2889 184 2938 hoc
216 2902 399 2953 quoque
432 2887 490 2936 de
519 2889 671 2936 veteri
703 2898 1023 2946 sacramento,
1058 2905 1148 2952 quo
1180 2896 1378 2952 nepotes
1408 2906 1517 2938 suos
1550 2907 1611 2938 ex
1641 2891 1719 2939 Io-

91 2959 231 3024 seph,
264 2958 487 3023 Ephraim
525 2968 573 3007 et
601 2959 888 3020 Manassem,
935 2959 1079 3008 Iacob
1127 2959 1356 3026 capitibus
1400 2961 1631 3026 impositis
1670 2971 1719 3010 et

208 3113 254 3168 1)
286 3117 381 3156 Act.
395 3117 542 3165 Apost.
557 3118 598 3170 4,
618 3118 684 3155 27.
