1942 3554
599 245 682 283 DE
711 245 1048 284 PUDICITIA.
1510 243 1630 288 14?

73 351 294 418 ellitur,
325 374 414 406 nec
445 359 539 406 illic
570 367 746 416 manet,
793 373 881 405 nec
913 356 1143 421 gaudium.
1162 358 1349 406 confert
1378 360 1628 423 repertrici

83 450 112 477 ν
141 431 279 487 siae,
310 427 394 477 sed
425 429 618 478 luctum.⁴
672 427 779 476 Nec
810 428 1263 491 congratulationem
1289 427 1491 477 advocat
1511 430 1629 477 vici-

148 523 167 544 «ι
188 533 202 559 ,
234 497 318 548 sed
335 499 737 547 contristationem
760 499 1072 562 proximarum
1096 499 1457 547 fraternitatum.
1491 499 1630 547 Com-

27 564 142 636 ,”..Ῐ.ε
185 571 513 634 itaque'etiam
542 570 631 616 hac
663 576 823 618 nostra
854 585 956 616 cum
993 569 1177 616 illorum
1222 571 1629 634 interpretatione,

35 664 37 666 ·
65 638 254 704 fmagis
283 642 332 688 in
361 640 596 688 ethnicum
626 640 904 704 spectabunt
933 647 982 686 et
1012 640 1112 686 ovis
1141 648 1191 687 et
1215 638 1465 689 drachmae
1490 657 1632 704 argu-

63 719 195 773 ‚sta‚·
241 719 414 776 quanto
458 725 546 758 nec
592 711 639 757 in
684 711 784 758 eius
821 708 982 756 delicti
1014 708 1327 757 Christianum
1359 721 1630 774 competere

77 788 232 840 ·‘unt,
277 789 473 846 propter
502 779 625 845 quod
655 780 702 826 in
733 780 1045 832 Christianum
1076 778 1135 827 de
1168 778 1354 827 diversa
1381 790 1516 846 parte
1549 799 1632 831 co-

55 920 88 936 ”
155 927 204 973 8.
265 919 362 968 Sed
391 921 513 968 enim
542 920 794 983 plerosque
825 920 1110 982 interpretes
1147 919 1476 982 parabolarum
1507 920 1631 970 idem

26 1016 93 1040 f
115 1008 168 1040 us
197 989 396 1054 decipit,
444 1006 578 1054 quem
624 990 671 1037 in
707 988 914 1038 vestibus
944 1004 1149 1052 purpura
1180 990 1424 1039 oculandis
1453 994 1632 1056 saepis-

102 1077 129 1110 c
159 1062 350 1110 evenire
382 1069 477 1118 est,
523 1076 659 1124 quum
702 1059 940 1123 putaveris
969 1067 1104 1106 recte
1137 1060 1419 1108 conciliasse
1451 1071 1631 1127 tempe-

66 1127 67 1130 *
96 1141 226 1181 enta
255 1132 464 1180 colorum
495 1139 545 1178 et
581 1128 842 1177 credideris
887 1131 1264 1192 comparationes
1309 1146 1471 1179 eorum
1506 1134 1634 1181 inter

22 1232 25 1235 ε
64 1202 65 1208 ’
95 1204 349 1259 animasse,
382 1199 567 1250 erudito
598 1216 708 1247 mox
737 1208 935 1262 utroque
968 1215 1170 1262 corpore
1197 1208 1246 1247 et
1269 1200 1516 1249 luminibus
1547 1218 1631 1251 ex-

64 1310 69 1315 .
108 1273 210 1331 sis,
243 1287 454 1320 errorem
484 1287 667 1318 omnem
697 1268 913 1317 traducta
938 1267 1186 1317 diversitas
1209 1280 1411 1319 evomet.
1451 1271 1630 1322 Eadem

65 1358 173 1407 qne
204 1344 406 1406 caligine
437 1341 568 1389 circa
598 1340 798 1387 filiorum
829 1355 1011 1403 quoque
1052 1338 1247 1387 duorum
1291 1342 1564 1405 parabolam
1583 1346 1629 1405 1)

74 1411 285 1474 Ϊ.ιιει1ειιιι
317 1411 376 1460 ad
406 1426 631 1475 praesens
662 1410 1076 1458 concolorantibus
1109 1410 1294 1474 figuris,
1341 1429 1370 1459 a
1406 1429 1521 1461 vero
1561 1416 1630 1462 lu-

43 1505 122 1525 ιι·
166 1483 434 1531 exorbitant
462 1482 562 1529 eius
594 1481 979 1544 comparationis,
1026 1496 1160 1543 quam
1198 1482 1453 1545 parabolae
1484 1494 1632 1534 mate-

52 1551 56 1553 ’
113 1554 362 1619 praetexit.
422 1551 550 1599 Duos
581 1552 703 1598 enim
733 1552 931 1614 populos
961 1551 1008 1597 in
1032 1549 1212 1599 duobus
1236 1552 1343 1599 filiis
1368 1555 1629 1614 collocant,

50 1625 252 1672 aicum
282 1623 528 1680 maiorem,
562 1621 874 1669 Christianum
905 1622 1147 1669 minorem.
1223 1621 1327 1670 Nec
1364 1627 1489 1677 enim
1521 1643 1631 1690 pos-

38 1715 42 1725 *
83 1702 121 1743 t
148 1693 322 1755 exinde,
350 1693 661 1742 Christianum
690 1701 993 1755 peccatorem
1014 1735 1017 1737 .
1038 1694 1086 1739 in
1124 1693 1220 1740 filio
1259 1695 1439 1760 minore
1473 1695 1630 1761 dispo-

51 1770 77 1824 ι’,
99 1769 129 1806 .⁵
157 1767 338 1813 veniam
370 1772 751 1820 consecuturum,
784 1763 873 1809 nisi
903 1764 949 1809 in
974 1764 1152 1810 maiore
1172 1762 1410 1811 Iudaicum
1436 1782 1630 1830 expres-

81 1837 174 1883 'nt.
250 1834 398 1882 Porro
437 1835 477 1881 si
514 1832 753 1881 Iudaicum
794 1831 1047 1880 ostendero
1088 1831 1294 1881 deficere
1326 1851 1355 1881 a
1386 1852 1630 1900 compara-

18 1919 23 1922 '
173 1905 255 1954 filii
285 1905 499 1962 maioris,
546 1911 860 1966 consequetur
874 1904 920 1963 2)
968 1904 1153 1966 utique,
1201 1920 1290 1951 nec
1337 1905 1628 1955 Christianus

0 1977 13 2035 ss.
33 1977 58 2038 j
75 1977 286 2024 mittetur
316 1973 375 2023 de
407 1974 781 2037 configuratione
814 1973 897 2020 filii
929 1974 1137 2021 minoris.
1184 1972 1324 2021 Licet
1353 1977 1475 2024 enim
1507 1978 1628 2026 filius

0 2039 4 2048 ἶ
42 2045 172 2094 diat
201 2055 250 2094 et
280 2044 478 2093 Iudaeus
509 2053 557 2092 et
585 2045 754 2101 maior,
803 2045 909 2108 quia
938 2045 1071 2108 prior
1107 2045 1154 2091 in
1185 2043 1439 2108 adoptione
1456 2048 1526 2106 3),
1574 2049 1631 2096 li-

0 2112 94 2197 *t
121 2125 171 2164 et
201 2116 467 2169 Christiano
497 2115 932 2164 reconciliationem
964 2114 1040 2162 dei
1070 2116 1216 2178 patris
1242 2115 1469 2175 invideat,
1505 2119 1628 2183 quod

31 2208 41 2241 ῃ
62 2186 89 2250 ιΙ
117 2187 315 2235 maxime
346 2185 531 2234 diversa
560 2201 668 2250 pars
700 2186 872 2249 carpit,
901 2184 987 2232 sed
1019 2202 1111 2232 non
1143 2186 1235 2233 erit
1259 2185 1421 2235 Iudaei
1452 2187 1628 2252 dictum

48 2266 304 2322 patrem:
336 2255 465 2304 Ecce
497 2257 741 2320 quotannis
771 2256 855 2303 tibi
886 2257 1063 2313 servio,
1096 2264 1145 2303 et
1173 2268 1476 2321 praeceptum
1502 2269 1627 2308 tuum

54 2340 242 2387 suamm·
270 2328 522 2391 praeterivi
535 2328 600 2388 4).
648 2325 842 2385 Quando
874 2328 995 2373 enim
1027 2343 1120 2374 non
1151 2335 1476 2390 transgressor
1507 2331 1627 2393 legis

68 2448 70 2451 ,
111 2414 234 2457 eus,
266 2414 378 2446 aure
409 2396 602 2445 audiens
633 2405 681 2445 et
711 2414 803 2444 non
835 2395 1050 2452 audiens,
1099 2396 1208 2444 odio
1246 2398 1424 2447 habens
1467 2401 1622 2447 tradu-

105 2477 196 2516 tem
227 2469 275 2515 in
303 2469 451 2531 portis
481 2477 530 2516 et
559 2483 813 2531 aspernans
844 2482 1103 2514 sermonem
1135 2471 1377 2515 sanctum?
1427 2467 1507 2517 Sic
1534 2486 1623 2518 nec
1648 2510 1654 2514 ,

59 2547 97 2582 ’ἠ
121 2539 159 2586 's
188 2536 247 2586 ad
278 2536 496 2588 Iudaeum
526 2539 616 2586 erit
642 2554 758 2586 vox:
789 2537 858 2583 Tu
888 2552 1072 2600 semper
1095 2552 1274 2584 mecum
1300 2554 1366 2595 cs,
1400 2547 1448 2586 et
1472 2542 1627 2609 omnia

83 2660 85 2662 ,
146 2617 226 2656 tua
255 2616 360 2655 sunt
374 2610 438 2668 ⁵).
511 2607 671 2657 ludaei
710 2608 830 2654 enim
862 2614 1104 2669 apostatae
1137 2606 1220 2653 filii
1250 2610 1623 2670 pronuntiantur,

63 2679 228 2738 ffel-ati
258 2676 442 2742 quidem
472 2686 521 2726 et
549 2679 596 2725 in
625 2679 766 2730 altum
797 2677 931 2733 elati,
978 2675 1061 2723 sed
1094 2677 1169 2739 qui
1200 2693 1294 2723 non
1325 2687 1626 2744 computave-

57 2762 74 2800 ,’
131 2747 391 2807 dominum,
437 2757 486 2796 et
528 2749 604 2812 qui
648 2746 984 2810 dereliquerint
1027 2745 1284 2805 dominum,
1332 2758 1381 2796 et
1416 2751 1462 2797 in
1507 2753 1623 2800 iram

132 2820 377 2868 ocaverint
405 2826 612 2866 sanctum
644 2817 909 2874 Israe'lisss).
950 2815 1115 2864 Omnia
1143 2818 1280 2880 plane
1307 2817 1481 2869 Iudaeo
1509 2839 1622 2871 con-

86 2891 89 2897 “
135 2912 138 2932 ι
182 2888 411 2946 dicemus,
457 2889 531 2936 cui
561 2889 699 2936 etiam
732 2885 937 2935 conditio
969 2887 1151 2949 gratior
1181 2903 1391 2952 quaeque
1423 2890 1480 2939 de
1511 2894 1621 2956 gula

27 3066 30 3067 ⁷
56 3051 64 3090 r.
79 3102 113 3121 ὼ
132 3068 176 3126 1)
193 3073 371 3123 Luc-15,
388 3074 438 3110 11
457 3083 543 3120 ,qm
655 3073 700 3123 2)
718 3072 883 3122 Gelen.‚
908 3073 1085 3118 Pame1.,
1104 3071 1193 3119 Rig.
1220 3084 1312 3111 con
1326 3080 1620 3124 sequenter.

67 3166 95 3196 J*
111 3170 117 3185 ¹·
185 3156 195 3167 ,
213 3131 251 3193 ρ,
267 3129 306 3166 4.
419 3128 464 3178 4)
481 3129 581 3168 Luc.
599 3130 665 3180 15,
684 3131 749 3169 29.
879 3128 923 3184 5)
940 3132 1042 3169 Luc.
1061 3130 1126 3177 15,
1147 3129 1213 3165 31.
1341 3132 1383 3180 6)
1401 3136 1474 3173 les.
1495 3138 1533 3184 6,
1554 3137 1619 3176 10.

1173 3248 1267 3295 10*
