1942 3554
1635 0 1640 7 ’
1685 15 1688 17 ·
1728 3 1742 18 ³
1768 15 1805 29 ·.ῆ-
1868 11 1892 27 ’Δ

1830 34 1835 39 ,
1894 29 1902 37 ι.

329 264 410 316 53
862 261 943 300 DE
981 258 1428 299 mono-LATR'iA.
1915 275 1942 317 ᾖ

1927 322 1942 358 3

331 408 472 463 tiare,
506 414 600 452 tum
633 403 877 450 sollemnia
908 402 1124 465 festaque
1157 399 1413 448 eorundem
1445 399 1726 460 observare,
1766 410 1815 449 ut
1847 418 1923 466 qui

329 477 413 523 bus
445 474 694 538 vestigalia
732 489 814 519 sua
853 479 1113 535 suppetant.
1191 471 1304 530 Quis
1343 469 1692 535 ludimagister,
1739 471 1841 518 sine

329 546 436 593 bula
475 554 654 607 septem
693 542 950 599 idolorum,
997 542 1291 605 quinquatria
1331 549 1490 589 tamen·
1527 541 1848 605 frequentabit
1866 539 1910 601 ¹)

330 616 478 678 Ipsam
510 616 701 678 primam
741 614 848 659 novi
888 609 1104 674 discipuli
1142 612 1307 675 stipem
1338 610 1580 658 Minervae
1620 619 1669 658 et
1698 610 1865 658 honori

328 687 502 732 nomini
535 692 799 741 consecrat,
839 692 909 739 ut,
944 682 1035 729 etsi
1066 697 1158 727 non
1189 681 1460 745 profanatus
1491 681 1631 728 alicui
1661 680 1806 739 idolo,
1841 675 1942 741 ver}

327 755 527 802 botenus
559 754 616 801 de
651 753 914 817 idolothyto
947 767 1055 799 esse
1088 747 1293 807 dicatur,
1347 767 1432 814 pro
1471 749 1720 799 idololatra
1755 732 1942 806 vitetuffi

329 824 449 883 Quid
479 825 629 871 minus
662 833 732 871 est
763 822 1097 886 inquinamenti
1130 838 1213 878 eo,
1255 819 1378 885 quod
1406 829 1614 883 praestat
1646 830 1865 885 quaestus
1897 809 1942 875 ef

328 894 589 941 nominibus
628 902 676 940 et
713 892 967 940 honoribus
1006 890 1133 938 idolo
1172 893 1492 953 nuncupatus?
1544 899 1633 937 tam
1664 878 1942 947 Minervalifi

326 965 592 1022 Minervae,
641 980 775 1028 quam
809 962 1073 1010 Saturnalia
1107 961 1318 1016 Saturni,
1367 975 1485 1023 quae
1525 961 1664 1007 etiam
1696 950 1942 1015 serviculil

327 1034 410 1081 sub
460 1043 668 1098 tempore
717 1033 1030 1080 Saturnalium
1078 1030 1310 1078 celebrari
1363 1045 1561 1078 necesse
1609 1039 1698 1078 est.
1789 1029 1942 1084 Etiam

327 1113 514 1151 strenae
563 1102 843 1167 captandae,
907 1112 954 1150 ct
999 1101 1342 1164 septimontium
1389 1109 1438 1146 et
1479 1099 1670 1148 brumae
1717 1109 1765 1148 et
1802 1095 1942 1154 carate

327 1175 624 1238 cognationis
657 1174 908 1220 honoraria
941 1170 1174 1235 exigenda
1207 1170 1383 1228 omnia3
1432 1170 1600 1218 Florae
1633 1170 1826 1218 scholae
1859 1180 1942 1219 cd*

326 1243 583 1303 conandae,
618 1243 880 1290 flaminicae
916 1251 963 1289 et
986 1240 1165 1289 aediles
1189 1240 1473 1298 sacrificant,
1508 1241 1682 1288 creatis
1697 1241 1743 1299 2)
1778 1241 1942 1298 schola.

324 1314 583 1361 honoratur
612 1314 763 1360 feriis.
815 1312 941 1359 Idem
975 1313 1024 1358 lit
1055 1310 1169 1357 idoli
1202 1311 1358 1366 natali,
1393 1311 1542 1358 omnis
1575 1309 1942 1375 dia-bolipompff

325 1384 664 1447 frequentatur.
742 1383 852 1441 Quis
883 1383 1002 1429 haec
1036 1390 1306 1443 competere
1341 1379 1606 1428 Christiano
1639 1380 1936 1440 existimabit,

324 1454 411 1500 nisi
445 1455 521 1517 qui
553 1454 734 1516 putabit
765 1453 1021 1499 convenire
1056 1453 1192 1498 etiam
1227 1467 1318 1498 non
1350 1452 1605 1514 magistro?
1638 1451 1820 1498 Scimus
1847 1448 1940 1506 diei

323 1540 490 1587 posse:
538 1524 576 1569 si
622 1522 799 1570 docere
840 1522 1021 1568 litteras
1055 1521 1131 1567 dei
1163 1523 1311 1568 servis
1358 1537 1449 1567 non
1488 1521 1623 1579 licet,
1674 1523 1811 1568 etiam
1851 1518 1942 1590 nei}

324 1592 511 1640 discere
544 1593 723 1640 licebit.
788 1591 847 1638 Et
885 1590 1117 1655 quomodo
1151 1593 1252 1653 quis
1291 1593 1616 1638 institueretur
1645 1590 1705 1638 ad
1734 1591 1939 1655 prudens

322 1664 432 1709 tiam
465 1663 650 1710 interim
682 1663 945 1719 humanam,
986 1662 1060 1709 vel
1092 1659 1151 1706 ad
1183 1676 1503 1724 quemcunque
1536 1676 1721 1708 sensum
1754 1662 1827 1709 vel
1859 1675 1938 1709 ac*

321 1741 439 1790 tum,
503 1750 605 1780 cum
651 1734 1003 1779 instrumentum
1050 1733 1109 1777 sit
1139 1730 1198 1778 ad
1238 1747 1417 1777 omnem
1464 1731 1602 1778 vitam
1644 1731 1938 1779 litteratura!

324 1802 567 1860 Quomodo
607 1802 903 1865 repudiamus
942 1801 1174 1848 secularia
1214 1800 1388 1858 studia,
1437 1801 1538 1848 sine
1579 1801 1743 1864 quibus
1781 1800 1942 1849 divina

319 1889 412 1918 non
459 1874 681 1936 possunt?
745 1872 999 1920 Videamus
1051 1872 1196 1934 igitur
1240 1872 1572 1918 necessitatem
1620 1867 1934 1921 litteratoriae

320 1941 624 2000 eruditionis,
673 1943 977 2005 respiciamus
1024 1957 1084 1988 ex
1121 1949 1255 2003 parte
1299 1957 1400 1987 eam
1440 1939 1619 1987 admitti
1650 1957 1741 1987 non
1773 1955 1931 2004 possen,

319 2029 379 2059 ex
403 2022 536 2075 parte
568 2014 723 2059 vitari.
774 2011 961 2059 Fideles
993 2013 1140 2074 magis
1173 2010 1358 2058 discere
1391 2027 1525 2074 qnam
1551 2010 1726 2058 docere
1754 2011 1937 2058 litteras*

320 2084 467 2144 capit3
521 2082 706 2129 diversa
746 2092 817 2128 est
858 2083 978 2129 enim
1017 2082 1138 2128 ratio
1172 2080 1385 2128 discendi
1425 2090 1472 2128 et
1503 2080 1720 2128 docendi.
1800 2080 1850 2128 Si
1882 2081 1934 2130 fie-

319 2152 438 2199 delis
478 2153 660 2199 litteras
695 2151 866 2199 doceat
906 2153 1077 2198 inserta
1121 2150 1351 2197 idolorum
1396 2149 1775 2214 praedicatione,
1831 2151 1940 2198 sine

319 2221 482 2279 dubio,
525 2221 629 2268 dum
662 2221 824 2279 docet,
867 2220 1183 2278 commendat,
1231 2220 1335 2267 dum
1367 2220 1529 2278 tradit,
1569 2220 1786 2278 affirmat,
1828 2220 1933 2268 dum

321 2301 676 2349 commemorat,
732 2293 1045 2339 testimonium
1085 2292 1214 2339 dicit.
1290 2291 1418 2338 Deos
1448 2293 1584 2354 ipsos
1625 2291 1716 2338 hoc
1747 2288 1936 2339 nomine

318 2362 558 2425 obsignat,
614 2379 717 2409 cum
750 2363 826 2410 lex
841 2364 885 2425 3)
917 2363 1186 2426 prohibeat,
1235 2370 1284 2408 ut
1315 2361 1533 2418 diximus,
1583 2360 1699 2408 deos
1729 2377 1932 2424 pronun—

316 2433 424 2478 tiari
457 2442 504 2478 et
536 2448 701 2479 nomen
735 2433 824 2480 hoc
857 2434 902 2479 in
935 2450 1054 2480 vano
1089 2432 1330 2480 collocari.
1407 2432 1524 2478 Hinc
1564 2432 1712 2495 prim-a
1744 2430 1929 2478 diabolo

317 2501 430 2548 fides
463 2501 738 2550 aedificatur
769 2503 824 2549 ab
858 2505 1001 2551 initiis
1034 2502 1326 2551 eruditionis.
1396 2502 1605 2560 Quaere,
1645 2517 1702 2548 an
1733 2500 1933 2547 idolola-

316 2573 450 2618 triam
483 2574 762 2630 committat,
812 2575 888 2637 qui
922 2574 978 2621 de
1012 2573 1151 2620 idolis
1192 2572 1468 2619 catechizat.
1543 2569 1607 2617 At
1645 2586 1747 2618 cum
1780 2570 1929 2617 fidelis

317 2640 435 2687 haec
469 2641 630 2701 discit3
689 2644 727 2690 si
760 2644 848 2690 iam
882 2645 1003 2707 sapit
1035 2645 1111 2708 qui
1143 2644 1224 2700 sit,
1274 2658 1424 2704 neque
1463 2641 1633 2703 recipit
1665 2655 1814 2703 neque
1847 2639 1929 2687 ad-

316 2710 475 2767 mittit,
529 2713 670 2759 multo
718 2714 864 2778 magis
911 2716 948 2761 si
989 2713 1155 2761 dudum
1172 2710 1224 2781 4)
1272 2713 1407 2775 sapit.
1478 2709 1576 2758 Aut
1605 2709 1683 2757 ubi
1716 2711 1931 2774 coeperit

429 2931 474 2986 1)
507 2936 576 2974 Sic
603 2938 805 2983 scriptum
836 2942 898 2975 est
926 2940 968 2975 in
988 2938 1076 2976 cod.
1098 2937 1318 2987 Agobardi.
1348 2935 1501 2973 Rhen.:
1547 2936 1675 2979 Quis
1703 2935 1925 2973 ludima‘-

313 2989 500 3038 gister,
551 2992 591 3027 si
630 3004 725 3029 non
757 2996 1019 3032 tabularia
1058 2994 1336 3039 idolorum,
1382 2992 1720 3039 quinquatria
1757 2995 1925 3028 tamen

314 3046 694 3092 frequentabit?
727 3050 949 3097 Rigaltius:
983 3055 1283 3088 tamennon
1315 3048 1697 3094 frequentabit?
1729 3047 1924 3087 Sedante

314 3101 426 3138 sine
459 3103 621 3139 videtur
654 3115 742 3140 voc.
774 3107 874 3142 etsi
905 3107 1126 3144 excidisse.
1245 3103 1288 3148 2)
1320 3104 1568 3142 Rhenanus:
1602 3103 1736 3142 flore
1772 3103 1922 3139 scho-

311 3155 392 3193 lae
418 3160 755 3197 coronandae.
795 3161 1113 3200 Flaminicae
1145 3164 1193 3199 et
1221 3161 1471 3198 aed-sacr.
1494 3160 1691 3211 cereri,
1722 3158 1923 3198 sch.h.f.

313 3208 356 3258 3)
390 3213 607 3264 Exod.23,
627 3218 692 3267 13,
808 3216 849 3264 4)
881 3218 1008 3256 Rhen.
1029 3222 1071 3256 et
1087 3219 1148 3255 ed.
1166 3218 1290 3254 Fran.
1322 3217 1554 3254 nondum.
