1942 3554
368 286 493 331 148
948 289 1029 326 DE
1058 289 1397 327 rumci‘rm.

367 409 531 463 erepta
561 408 654 457 est,
684 398 853 446 nedum
885 402 986 463 ipsa
1015 409 1146 448 terra
1174 411 1398 465 paternae
1428 402 1761 466 promissionis.
1819 403 1942 471 Atqu

365 472 484 519 adeo
516 486 609 516 non
640 471 786 517 minus
817 470 957 519 hodie
990 471 1209 554 Iudaeus,
1244 489 1376 536 quam
1401 475 1552 520 minor
1574 473 1715 532 filius,
1747 474 1942 538 prodacit

363 540 620 590 substantia
652 534 725 587 dei
758 543 804 587 in
836 543 989 589 aliena
1019 544 1214 605 regione
1247 543 1482 591 mendicat
1497 545 1567 604 ¹),
1599 546 1806 592 serviens
1831 561 1942 611 usqp

361 614 513 661 adhuc
544 611 831 674 principibus
863 615 983 670 eius,
1017 613 1064 660 id
1095 623 1166 661 est
1196 615 1342 661 seculi
1371 614 1518 661 huius.
1568 613 1804 673 Quaerant
1833 618 1942 680 igitn

358 686 498 731 alium
531 680 784 730 Christiani
815 700 943 731 suum
974 685 1188 741 fratrem,
1214 683 1441 732 *Iudaeum
1473 684 1594 732 enim
1623 686 1847 749 parabola
1878 687 1942 738 n&

357 757 543 820 recipit·
603 753 750 801 Multo
797 757 948 818 aptius
981 755 1290 802 Christianum
1336 757 1501 803 maiori
1545 764 1593 803 ct
1631 755 1849 805 Iudaeum
1885 755 1942 815 mi

355 828 460 873 nori
506 827 600 873 filio
649 825 990 889 adaequassent
1034 825 1285 873 secundum
1325 825 1433 875 fidei
1466 828 1884 890 comparationem,
1916 846 1942 881 ξε

357 896 474 944 ordo
506 898 742 959 utriusque
789 897 947 960 populi
992 896 1048 943 ab
1094 906 1228 943 utero
1275 896 1522 944 Rebeccae
1563 896 1831 960 designatus
1861 915 1942 963 peu.

353 969 561 1015 mitteret
591 966 975 1024 demutationem,
1008 968 1094 1012 nisi
1121 966 1242 1029 quod
1269 976 1316 1013 et
1340 968 1546 1014 clausula
1568 969 1939 1031 refragaretur2)

355 1037 666 1085 Christianum
712 1039 833 1083 enim
879 1036 936 1084 de
982 1037 1277 1083 restitutione
1324 1036 1484 1084 Iudaei
1529 1037 1736 1100 gaudere
1782 1049 1830 1087 et
1873 1057 1933 1088 no

353 1107 517 1156 dolere
565 1108 834 1163 conveniet,
896 1105 1121 1170 siquidem
1166 1115 1265 1152 tota
1309 1123 1415 1171 spes
1459 1116 1620 1155 nostra
1665 1125 1766 1156 cum
1811 1111 1933 1174 aliqu

350 1179 539 1225 Israe'lis
571 1178 924 1241 exspectatione
958 1177 1207 1223 coniuncta
1238 1185 1324 1223 est.
1400 1177 1470 1224 Ita
1501 1178 1609 1224 etsi
1641 1179 1863 1242 quaedam
1894 1183 1936 1228 fa

351 1250 498 1305 cient,
545 1247 628 1294 sed
674 1247 776 1295 aliis
821 1255 987 1294 contra
1025 1247 1309 1309 sapientibus
1340 1248 1620 1295 interimitur
1648 1252 1935 1314 exemplorur

347 1320 641 1383 praequatio.
706 1317 988 1380 Quamquam
1020 1317 1108 1364 etsi
1141 1318 1294 1364 omnia
1324 1316 1383 1364 ad
1414 1320 1650 1381 speculum
1674 1321 1938 1384 respondet·

346 1391 549 1453 possint,
595 1405 732 1435 unum
778 1389 839 1434 sit
882 1389 1184 1451 praecipuum
1222 1388 1476 1451 periculum
1509 1389 1942 1454 interpretationum

338 1476 405 1507 -ne
438 1461 657 1507 aliorsum
688 1468 978 1522 temperetur
1005 1459 1208 1506 felicitas
1240 1460 1658 1523 comparationum,
1707 1477 1839 1524 quam
1871 1479 1942 1528 qu.

344 1531 601 1594 parabolae
635 1531 855 1592 cuiusque
887 1530 1083 1576 materia
1112 1528 1359 1579 mandavit.
1433 1530 1723 1578 Meminimus
1762 1534 1882 1580 enim
1912 1548 1941 1582 ε·

344 1602 619 1658 histriones,
669 1617 770 1648 cum
815 1600 1100 1663 allegoricos
1146 1609 1303 1661 gestus
1347 1600 1703 1648 accommodant
1746 1605 1929 1655 canticis

307 1668 310 1675 ¹
345 1673 438 1718 alia
470 1673 608 1734 longe
640 1688 667 1718 a
697 1673 933 1734 praesenti
966 1679 1014 1719 et
1043 1670 1199 1717 fabula
1231 1680 1279 1717 et
1307 1686 1448 1718 scena
1481 1681 1528 1719 et
1551 1687 1775 1734 persona,
1809 1683 1857 1721 et
1885 1683 1942 1723 ta.

343 1759 449 1789 men
495 1743 910 1805 congruentissime
958 1743 1286 1804 exprimentes.
1363 1739 1458 1788 Sed
1501 1741 1671 1789 viderit
1721 1745 1926 1807 ingenim

307 1809 310 1812 ’
343 1812 782 1859 extraordinarium.
830 1812 957 1859 Nihil
989 1813 1110 1860 enim
1142 1811 1197 1858 ad
1215 1811 1606 1860 Andromacham.
1660 1812 1739 1862 Sic
1771 1824 1818 1862 et
1841 1816 1925 1864 hae

342 1885 479 1930 retici
511 1883 698 1930 easdem
729 1883 979 1947 parabolas
1012 1900 1100 1947 quo
1130 1884 1292 1929 volunt
1316 1883 1520 1930 tribuunt
1534 1885 1604 1944 ³),
1636 1899 1730 1932 non
1755 1902 1844 1949 quo
1871 1886 1925 1935 de

341 1954 454 2003 bent
498 1956 732 2018 aptissime
780 1953 1046 2001 excludunt.
1133 1953 1283 2011 Quare
1337 1955 1610 2017 aptissime‘P
1667 1957 1880 2020 quoniam

339 2024 598 2088 primordio
632 2024 883 2072 secundum
917 2026 1193 2073 occasiones
1221 2024 1547 2088 parabolarum
1579 2026 1701 2088 ipsas
1731 2027 1934 2076 materia>

342 2097 666 2143 confinxerunt
697 2094 1029 2143 doctrinarum.
1089 2094 1262 2144 Vacuit
1278 2096 1323 2155 4)
1370 2096 1552 2143 scilicet
1594 2096 1684 2143 illis
1729 2098 1891 2146 solutis

338 2167 502 2228 regula
546 2167 755 2213 veritatis
802 2183 859 2214 ea
904 2167 1180 2230 conquirere
1220 2175 1357 2229 atque
1403 2183 1707 2231 componere,
1755 2185 1939 2233 quorm-

337 2237 591 2299 parabolae
621 2235 853 2283 videntur.

479 2312 525 2358 9.
586 2306 685 2353 Nos
731 2316 883 2354 autem
928 2307 1033 2370 quia
1079 2323 1169 2353 non
1208 2322 1267 2353 ex
1302 2306 1536 2368 parabolis
1567 2309 1785 2356 materias
1817 2326 1918 2357 com

292 2401 297 2412 ι’
334 2387 617 2436 mentamur,
664 2376 746 2424 sed
785 2393 844 2424 ex
888 2378 1094 2424 materiis
1138 2377 1383 2440 parabolas
1429 2378 1807 2440 interpretamur,
1854 2397 1910 2428 nc

330 2448 470 2497 valde
503 2449 765 2501 laboramus
798 2449 950 2494 omnia
979 2447 1026 2495 in
1058 2448 1349 2510 expositione
1389 2455 1630 2510 torquere,
1678 2448 1782 2496 dum
1829 2463 1942 2498 con*

333 2522 482 2568 traria
527 2535 735 2584 quaeque
783 2535 1041 2566 caveamus.
1118 2518 1269 2576 Quare
1317 2526 1498 2564 centum
1544 2522 1683 2566 oves?
1741 2528 1789 2567 et
1833 2522 1942 2584 quil

333 2593 491 2655 utique
524 2590 686 2638 decem
719 2589 997 2637 drachmae?
1055 2598 1102 2636 et
1133 2605 1248 2652 quae
1280 2588 1386 2635 illae
1420 2605 1590 2652 scopae
1608 2591 1685 2649 ⁵)?
1729 2590 1942 2645 Necessi

334 2671 459 2719 erat,
495 2663 598 2732 qui
600 2662 731 2708 unius
761 2661 1026 2724 peccatoris
1058 2660 1250 2706 salutem
1282 2660 1584 2721 gratissimam
1622 2659 1711 2708 deo
1749 2662 1942 2711 volcbal

334 2734 620 2795 exprimere,
655 2732 851 2794 aliquam
882 2732 1059 2777 numeri
1091 2731 1390 2793 quantitatem
1421 2731 1702 2788 nominaret,
1749 2731 1806 2780 de
1847 2748 1903 2796 qu
1932 2728 1942 2785 l

326 2820 469 2849 unum
502 2802 683 2867 quidem
714 2803 892 2866 perisse
925 2801 1239 2859 describeret,
1273 2816 1466 2848 necesse
1506 2809 1628 2858 erat,
1667 2810 1717 2848 ut
1752 2795 1942 2851 habitui

325 2874 612 2934 *requiientis
644 2871 908 2919 drachmam
941 2873 986 2918 in
1011 2869 1146 2918 domo
1176 2880 1265 2918 tam
1290 2887 1532 2935 scoparum
1558 2888 1690 2935 quam
1715 2873 1913 2922 lucerna
1932 2874 1942 2924 i

333 2941 611 2991 adminiculo
645 2941 1091 2991 accommodaretur.
1168 2941 1436 2989 Huiusmodi
1479 2943 1599 2989 enim
1639 2944 1908 2992 curiositate
1940 2943 1942 2948 ’

443 3127 608 3169 1)'1.ue.
623 3131 694 3172 515,
712 3129 778 3165 13.
895 3124 939 3179 2)
966 3127 1066 3165 Gen.
1086 3127 1150 3175 25,
1171 3127 1221 3162 22
1246 3137 1304 3173 sq.
1426 3126 1470 3175 3)
1494 3126 1628 3165 Latin.
1652 3130 1694 3164 et
1715 3127 1903 3165 Neande1

327 3183 441 3220 trah
455 3189 554 3220 unt.
668 3181 711 3233 4)
732 3185 896 3221 u'ouw.
914 3197 935 3221 e
954 3196 1025 3221 ms.
1044 3186 1085 3220 et
1102 3184 1189 3232 Rig.
1210 3182 1425 3221 vacavit.
1535 3185 1579 3232 5)
1596 3184 1695 3221 Luc.
1715 3183 1779 3230 15,
1798 3182 1823 3218 4
1840 3194 1902 3231 sq(

319 3242 351 3276 8
379 3251 462 3287 sqq.
