<?xml version="1.0" encoding="UTF-8"?>
<!DOCTYPE html PUBLIC "-//W3C//DTD XHTML 1.0 Transitional//EN"
    "http://www.w3.org/TR/xhtml1/DTD/xhtml1-transitional.dtd">
<html xmlns="http://www.w3.org/1999/xhtml" xml:lang="en" lang="en">
 <head>
  <title>
</title>
<meta http-equiv="Content-Type" content="text/html;charset=utf-8" />
  <meta name='ocr-system' content='tesseract 3.04.00' />
  <meta name='ocr-capabilities' content='ocr_page ocr_carea ocr_par ocr_line ocrx_word'/>
</head>
<body>
  <div class='ocr_page' id='page_1' title='image "./operatert12tertuoft_0283.png"; bbox 0 0 1942 3554; ppageno 0'>
   <div class='ocr_carea' id='block_1_1' title="bbox 569 107 1612 153">
    <p class='ocr_par' dir='ltr' id='par_1_1' title="bbox 569 107 1612 153">
     <span class='ocr_line' id='line_1_1' title="bbox 569 107 1612 153; baseline -0.003 0"><span class='ocrx_word' id='word_1_1' title='bbox 569 114 652 153; x_wconf 83' lang='lat' dir='ltr'>DE</span> <span class='ocrx_word' id='word_1_2' title='bbox 690 111 1033 152; x_wconf 84' lang='lat' dir='ltr'>ORATIONE.</span> <span class='ocrx_word' id='word_1_3' title='bbox 1534 107 1612 150; x_wconf 84' lang='grc'>11</span> 
     </span>
    </p>
   </div>
   <div class='ocr_carea' id='block_1_2' title="bbox 0 219 1627 1630">
    <p class='ocr_par' dir='ltr' id='par_1_2' title="bbox 0 219 1610 361">
     <span class='ocr_line' id='line_1_2' title="bbox 0 219 1610 292; baseline -0.006 -15"><span class='ocrx_word' id='word_1_4' title='bbox 0 227 178 292; x_wconf 61' lang='lat' dir='ltr'>fodant,</span> <span class='ocrx_word' id='word_1_5' title='bbox 209 234 290 274; x_wconf 82' lang='lat' dir='ltr'>aut</span> <span class='ocrx_word' id='word_1_6' title='bbox 317 235 368 274; x_wconf 84' lang='lat' dir='ltr'>et</span> <span class='ocrx_word' id='word_1_7' title='bbox 394 227 603 290; x_wconf 88' lang='lat' dir='ltr'>virgines</span> <span class='ocrx_word' id='word_1_8' title='bbox 632 227 872 274; x_wconf 90' lang='lat' dir='ltr'>nominare</span> <span class='ocrx_word' id='word_1_9' title='bbox 904 223 1189 290; x_wconf 70' lang='lat' dir='ltr'>specialiter,</span> <span class='ocrx_word' id='word_1_10' title='bbox 1222 231 1302 271; x_wconf 91' lang='lat' dir='ltr'>aut</span> <span class='ocrx_word' id='word_1_11' title='bbox 1331 219 1610 286; x_wconf 88' lang='lat' dir='ltr'>compendio</span> 
     </span>
     <span class='ocr_line' id='line_1_3' title="bbox 0 297 523 361; baseline -0.004 -15"><span class='ocrx_word' id='word_1_12' title='bbox 0 297 284 361; x_wconf 56' lang='lat' dir='ltr'>mneraliter</span> <span class='ocrx_word' id='word_1_13' title='bbox 311 298 523 346; x_wconf 83' lang='lat' dir='ltr'>feminas.</span> 
     </span>
    </p>

    <p class='ocr_par' dir='ltr' id='par_1_3' title="bbox 0 363 1627 1630">
     <span class='ocr_line' id='line_1_4' title="bbox 139 363 1613 429; baseline -0.005 -10"><span class='ocrx_word' id='word_1_14' title='bbox 139 372 218 419; x_wconf 90' lang='grc'>17.</span> <span class='ocrx_word' id='word_1_15' title='bbox 244 370 289 429; x_wconf 87' lang='lat'>1)</span> <span class='ocrx_word' id='word_1_16' title='bbox 363 368 453 427; x_wconf 80' lang='lat' dir='ltr'>Qui</span> <span class='ocrx_word' id='word_1_17' title='bbox 479 370 550 415; x_wconf 83' lang='lat' dir='ltr'>ita</span> <span class='ocrx_word' id='word_1_18' title='bbox 581 367 868 425; x_wconf 86' lang='lat' dir='ltr'>concedunt,</span> <span class='ocrx_word' id='word_1_19' title='bbox 901 367 1170 429; x_wconf 82' lang='lat' dir='ltr'>recogitare</span> <span class='ocrx_word' id='word_1_20' title='bbox 1196 363 1372 413; x_wconf 83' lang='lat' dir='ltr'>dehent</span> <span class='ocrx_word' id='word_1_21' title='bbox 1400 363 1459 412; x_wconf 89' lang='lat' dir='ltr'>de</span> <span class='ocrx_word' id='word_1_22' title='bbox 1491 372 1613 412; x_wconf 89' lang='lat' dir='ltr'>statu</span> 
     </span>
     <span class='ocr_line' id='line_1_5' title="bbox 0 435 1615 503; baseline -0.003 -16"><span class='ocrx_word' id='word_1_23' title='bbox 0 437 211 488; x_wconf 45' lang='lat' dir='ltr'>:mahali</span> <span class='ocrx_word' id='word_1_24' title='bbox 254 439 412 503; x_wconf 84' lang='lat' dir='ltr'>ipsius.</span> <span class='ocrx_word' id='word_1_25' title='bbox 488 437 609 497; x_wconf 80' lang='lat' dir='ltr'>Quid</span> <span class='ocrx_word' id='word_1_26' title='bbox 652 448 726 486; x_wconf 91' lang='lat' dir='ltr'>est</span> <span class='ocrx_word' id='word_1_27' title='bbox 769 440 937 486; x_wconf 90' lang='lat' dir='ltr'>mulier</span> <span class='ocrx_word' id='word_1_28' title='bbox 980 453 1008 484; x_wconf 88' lang='lat' dir='ltr'>a</span> <span class='ocrx_word' id='word_1_29' title='bbox 1051 437 1211 500; x_wconf 88' lang='lat' dir='ltr'>primis</span> <span class='ocrx_word' id='word_1_30' title='bbox 1250 435 1434 500; x_wconf 91' lang='lat' dir='ltr'>quidem</span> <span class='ocrx_word' id='word_1_31' title='bbox 1465 436 1615 483; x_wconf 88' lang='lat' dir='ltr'>literis</span> 
     </span>
     <span class='ocr_line' id='line_1_6' title="bbox 0 508 1614 565; baseline 0 -12"><span class='ocrx_word' id='word_1_32' title='bbox 0 517 262 565; x_wconf 32' lang='lat' dir='ltr'>*anctorum</span> <span class='ocrx_word' id='word_1_33' title='bbox 295 511 764 557; x_wconf 82' lang='lat' dir='ltr'><strong>commentariorum?</strong></span> <span class='ocrx_word' id='word_1_34' title='bbox 821 508 942 556; x_wconf 88' lang='lat' dir='ltr'>Nam</span> <span class='ocrx_word' id='word_1_35' title='bbox 973 508 1214 554; x_wconf 91' lang='lat' dir='ltr'>inveniunt</span> <span class='ocrx_word' id='word_1_36' title='bbox 1237 523 1375 554; x_wconf 86' lang='lat' dir='ltr'>sexus</span> <span class='ocrx_word' id='word_1_37' title='bbox 1401 521 1504 554; x_wconf 87' lang='lat' dir='ltr'>esse</span> <span class='ocrx_word' id='word_1_38' title='bbox 1530 522 1614 553; x_wconf 92' lang='lat' dir='ltr'>no-</span> 
     </span>
     <span class='ocr_line' id='line_1_7' title="bbox 0 576 1614 642; baseline -0.003 -15"><span class='ocrx_word' id='word_1_39' title='bbox 0 595 124 638; x_wconf 64' lang='lat' dir='ltr'>men,</span> <span class='ocrx_word' id='word_1_40' title='bbox 156 595 249 626; x_wconf 87' lang='lat' dir='ltr'>non</span> <span class='ocrx_word' id='word_1_41' title='bbox 279 578 474 642; x_wconf 85' lang='lat' dir='ltr'>gradum</span> <span class='ocrx_word' id='word_1_42' title='bbox 505 596 659 627; x_wconf 83' lang='lat' dir='ltr'>sexus.</span> <span class='ocrx_word' id='word_1_43' title='bbox 745 578 984 642; x_wconf 81' lang='lat' dir='ltr'>Siquidem</span> <span class='ocrx_word' id='word_1_44' title='bbox 1029 577 1174 624; x_wconf 88' lang='lat' dir='ltr'>Evam</span> <span class='ocrx_word' id='word_1_45' title='bbox 1220 576 1422 623; x_wconf 90' lang='lat' dir='ltr'>nondum</span> <span class='ocrx_word' id='word_1_46' title='bbox 1466 578 1614 624; x_wconf 88' lang='lat' dir='ltr'>virum</span> 
     </span>
     <span class='ocr_line' id='line_1_8' title="bbox 0 648 1616 714; baseline -0.003 -16"><span class='ocrx_word' id='word_1_47' title='bbox 0 659 238 714; x_wconf 63' lang='lat' dir='ltr'>*xpertam</span> <span class='ocrx_word' id='word_1_48' title='bbox 269 648 383 697; x_wconf 85' lang='lat' dir='ltr'>deus</span> <span class='ocrx_word' id='word_1_49' title='bbox 411 650 653 697; x_wconf 82' lang='lat' dir='ltr'>mulierem</span> <span class='ocrx_word' id='word_1_50' title='bbox 684 657 734 696; x_wconf 88' lang='lat' dir='ltr'>et</span> <span class='ocrx_word' id='word_1_51' title='bbox 763 650 980 697; x_wconf 87' lang='lat' dir='ltr'>feminam</span> <span class='ocrx_word' id='word_1_52' title='bbox 1005 649 1354 709; x_wconf 72' lang='lat' dir='ltr'>cognominavit</span> <span class='ocrx_word' id='word_1_53' title='bbox 1375 649 1447 706; x_wconf 85' lang='lat'>2):</span> <span class='ocrx_word' id='word_1_54' title='bbox 1481 648 1616 693; x_wconf 89' lang='lat' dir='ltr'>femi-</span> 
     </span>
     <span class='ocr_line' id='line_1_9' title="bbox 0 716 1616 784; baseline -0.002 -18"><span class='ocrx_word' id='word_1_55' title='bbox 0 736 122 778; x_wconf 64' lang='lat' dir='ltr'>nam,</span> <span class='ocrx_word' id='word_1_56' title='bbox 169 736 258 784; x_wconf 88' lang='lat' dir='ltr'>qua</span> <span class='ocrx_word' id='word_1_57' title='bbox 294 736 433 768; x_wconf 89' lang='lat' dir='ltr'>sexus</span> <span class='ocrx_word' id='word_1_58' title='bbox 469 720 781 782; x_wconf 83' lang='lat' dir='ltr'>generaliter,</span> <span class='ocrx_word' id='word_1_59' title='bbox 826 719 1089 774; x_wconf 90' lang='lat' dir='ltr'>mulierem,</span> <span class='ocrx_word' id='word_1_60' title='bbox 1139 733 1228 780; x_wconf 90' lang='lat' dir='ltr'>qua</span> <span class='ocrx_word' id='word_1_61' title='bbox 1267 716 1439 779; x_wconf 86' lang='lat' dir='ltr'>gradus</span> <span class='ocrx_word' id='word_1_62' title='bbox 1478 733 1616 764; x_wconf 86' lang='lat' dir='ltr'>sexus</span> 
     </span>
     <span class='ocr_line' id='line_1_10' title="bbox 0 787 1617 854; baseline -0.003 -16"><span class='ocrx_word' id='word_1_63' title='bbox 0 790 280 854; x_wconf 60' lang='lat' dir='ltr'>wecialiter.</span> <span class='ocrx_word' id='word_1_64' title='bbox 341 788 502 854; x_wconf 89' lang='lat' dir='ltr'>Itaque</span> <span class='ocrx_word' id='word_1_65' title='bbox 525 791 616 837; x_wconf 88' lang='lat' dir='ltr'>iam</span> <span class='ocrx_word' id='word_1_66' title='bbox 640 799 749 836; x_wconf 89' lang='lat' dir='ltr'>tunc</span> <span class='ocrx_word' id='word_1_67' title='bbox 781 791 974 852; x_wconf 90' lang='lat' dir='ltr'>innupta</span> <span class='ocrx_word' id='word_1_68' title='bbox 991 787 1148 834; x_wconf 80' lang='lat' dir='ltr'>adhuc</span> <span class='ocrx_word' id='word_1_69' title='bbox 1174 787 1272 834; x_wconf 88' lang='lat' dir='ltr'>Eva</span> <span class='ocrx_word' id='word_1_70' title='bbox 1296 788 1503 834; x_wconf 87' lang='lat' dir='ltr'>mulieris</span> <span class='ocrx_word' id='word_1_71' title='bbox 1533 803 1617 834; x_wconf 85' lang='lat' dir='ltr'>vo-</span> 
     </span>
     <span class='ocr_line' id='line_1_11' title="bbox 0 859 1615 921; baseline -0.004 -12"><span class='ocrx_word' id='word_1_72' title='bbox 0 860 164 913; x_wconf 62' lang='lat' dir='ltr'>:nbulo</span> <span class='ocrx_word' id='word_1_73' title='bbox 207 861 319 918; x_wconf 80' lang='lat' dir='ltr'>fuit,</span> <span class='ocrx_word' id='word_1_74' title='bbox 366 876 608 908; x_wconf 89' lang='lat' dir='ltr'>commune</span> <span class='ocrx_word' id='word_1_75' title='bbox 646 859 694 907; x_wconf 88' lang='lat' dir='ltr'>id</span> <span class='ocrx_word' id='word_1_76' title='bbox 730 859 1010 907; x_wconf 85' lang='lat' dir='ltr'>vocabulum</span> <span class='ocrx_word' id='word_1_77' title='bbox 1043 867 1091 905; x_wconf 91' lang='lat' dir='ltr'>et</span> <span class='ocrx_word' id='word_1_78' title='bbox 1119 859 1290 921; x_wconf 84' lang='lat' dir='ltr'>virgini</span> <span class='ocrx_word' id='word_1_79' title='bbox 1322 859 1496 905; x_wconf 87' lang='lat' dir='ltr'>factum</span> <span class='ocrx_word' id='word_1_80' title='bbox 1529 865 1615 904; x_wconf 86' lang='lat' dir='ltr'>est.</span> 
     </span>
     <span class='ocr_line' id='line_1_12' title="bbox 0 929 1619 994; baseline -0.002 -16"><span class='ocrx_word' id='word_1_81' title='bbox 0 929 100 994; x_wconf 45' lang='lat' dir='ltr'>Qec</span> <span class='ocrx_word' id='word_1_82' title='bbox 130 931 317 989; x_wconf 88' lang='lat' dir='ltr'>mirum,</span> <span class='ocrx_word' id='word_1_83' title='bbox 363 931 403 977; x_wconf 91' lang='lat' dir='ltr'>si</span> <span class='ocrx_word' id='word_1_84' title='bbox 433 932 673 994; x_wconf 86' lang='lat' dir='ltr'>apostolus</span> <span class='ocrx_word' id='word_1_85' title='bbox 704 929 872 978; x_wconf 86' lang='lat' dir='ltr'>eodem</span> <span class='ocrx_word' id='word_1_86' title='bbox 910 930 1069 992; x_wconf 89' lang='lat' dir='ltr'>utique</span> <span class='ocrx_word' id='word_1_87' title='bbox 1102 930 1266 992; x_wconf 88' lang='lat' dir='ltr'>spiritu</span> <span class='ocrx_word' id='word_1_88' title='bbox 1299 938 1454 985; x_wconf 87' lang='lat' dir='ltr'>actus,</span> <span class='ocrx_word' id='word_1_89' title='bbox 1504 944 1619 992; x_wconf 89' lang='lat' dir='ltr'>quo-</span> 
     </span>
     <span class='ocr_line' id='line_1_13' title="bbox 0 998 1618 1064; baseline -0.004 -13"><span class='ocrx_word' id='word_1_90' title='bbox 0 1016 100 1058; x_wconf 64' lang='lat' dir='ltr'>rnm</span> <span class='ocrx_word' id='word_1_91' title='bbox 132 1002 280 1050; x_wconf 82' lang='lat' dir='ltr'>omnis</span> <span class='ocrx_word' id='word_1_92' title='bbox 309 1002 542 1064; x_wconf 88' lang='lat' dir='ltr'>scriptura</span> <span class='ocrx_word' id='word_1_93' title='bbox 573 1000 863 1049; x_wconf 78' lang='lat' dir='ltr'>divinitatum</span> <span class='ocrx_word' id='word_1_94' title='bbox 895 1009 944 1047; x_wconf 91' lang='lat' dir='ltr'>et</span> <span class='ocrx_word' id='word_1_95' title='bbox 972 1001 1054 1046; x_wconf 88' lang='lat' dir='ltr'>illa</span> <span class='ocrx_word' id='word_1_96' title='bbox 1087 999 1284 1047; x_wconf 81' lang='lat' dir='ltr'>Genesis</span> <span class='ocrx_word' id='word_1_97' title='bbox 1316 998 1499 1062; x_wconf 84' lang='lat' dir='ltr'>digesta</span> <span class='ocrx_word' id='word_1_98' title='bbox 1530 1007 1618 1055; x_wconf 86' lang='lat' dir='ltr'>est,</span> 
     </span>
     <span class='ocr_line' id='line_1_14' title="bbox 0 1068 1619 1135; baseline -0.004 -12"><span class='ocrx_word' id='word_1_99' title='bbox 0 1070 162 1126; x_wconf 53' lang='lat' dir='ltr'>,adem</span> <span class='ocrx_word' id='word_1_100' title='bbox 189 1068 310 1120; x_wconf 78' lang='lat' dir='ltr'>voce</span> <span class='ocrx_word' id='word_1_101' title='bbox 339 1088 448 1119; x_wconf 91' lang='lat' dir='ltr'>usus</span> <span class='ocrx_word' id='word_1_102' title='bbox 479 1081 552 1119; x_wconf 89' lang='lat' dir='ltr'>est</span> <span class='ocrx_word' id='word_1_103' title='bbox 573 1073 814 1120; x_wconf 87' lang='lat' dir='ltr'>mulierem</span> <span class='ocrx_word' id='word_1_104' title='bbox 840 1069 1076 1135; x_wconf 87' lang='lat' dir='ltr'>ponendo,</span> <span class='ocrx_word' id='word_1_105' title='bbox 1111 1085 1228 1134; x_wconf 89' lang='lat' dir='ltr'>quae</span> <span class='ocrx_word' id='word_1_106' title='bbox 1256 1070 1470 1134; x_wconf 86' lang='lat' dir='ltr'>exemplo</span> <span class='ocrx_word' id='word_1_107' title='bbox 1491 1069 1619 1116; x_wconf 86' lang='lat' dir='ltr'>Evae</span> 
     </span>
     <span class='ocr_line' id='line_1_15' title="bbox 0 1140 1619 1207; baseline 0 -21"><span class='ocrx_word' id='word_1_108' title='bbox 0 1151 218 1207; x_wconf 55' lang='lat' dir='ltr'>&gt;aliptae</span> <span class='ocrx_word' id='word_1_109' title='bbox 249 1151 300 1190; x_wconf 87' lang='lat' dir='ltr'>et</span> <span class='ocrx_word' id='word_1_110' title='bbox 325 1143 497 1205; x_wconf 84' lang='lat' dir='ltr'>virgini</span> <span class='ocrx_word' id='word_1_111' title='bbox 530 1151 782 1206; x_wconf 83' lang='lat' dir='ltr'>competat.</span> <span class='ocrx_word' id='word_1_112' title='bbox 860 1141 1036 1188; x_wconf 78' lang='lat' dir='ltr'>Cetera</span> <span class='ocrx_word' id='word_1_113' title='bbox 1067 1140 1269 1204; x_wconf 88' lang='lat' dir='ltr'>denique</span> <span class='ocrx_word' id='word_1_114' title='bbox 1301 1143 1397 1187; x_wconf 35' lang='lat' dir='ltr'>non*</span> <span class='ocrx_word' id='word_1_115' title='bbox 1428 1149 1619 1198; x_wconf 77' lang='lat' dir='ltr'>sonant3</span> 
     </span>
     <span class='ocr_line' id='line_1_16' title="bbox 0 1211 1621 1276; baseline -0.002 -17"><span class='ocrx_word' id='word_1_116' title='bbox 0 1228 104 1262; x_wconf 72' lang='lat' dir='ltr'>nam</span> <span class='ocrx_word' id='word_1_117' title='bbox 135 1222 185 1262; x_wconf 75' lang='lat' dir='ltr'>et</span> <span class='ocrx_word' id='word_1_118' title='bbox 213 1212 304 1260; x_wconf 83' lang='lat' dir='ltr'>hoc</span> <span class='ocrx_word' id='word_1_119' title='bbox 335 1213 461 1276; x_wconf 89' lang='lat' dir='ltr'>ipso,</span> <span class='ocrx_word' id='word_1_120' title='bbox 510 1212 634 1276; x_wconf 89' lang='lat' dir='ltr'>quod</span> <span class='ocrx_word' id='word_1_121' title='bbox 669 1214 878 1275; x_wconf 86' lang='lat' dir='ltr'>virgines</span> <span class='ocrx_word' id='word_1_122' title='bbox 918 1229 1011 1263; x_wconf 88' lang='lat' dir='ltr'>non</span> <span class='ocrx_word' id='word_1_123' title='bbox 1050 1213 1328 1268; x_wconf 89' lang='lat' dir='ltr'>nominavit,</span> <span class='ocrx_word' id='word_1_124' title='bbox 1377 1212 1499 1259; x_wconf 88' lang='lat' dir='ltr'>sicut</span> <span class='ocrx_word' id='word_1_125' title='bbox 1527 1211 1621 1257; x_wconf 87' lang='lat' dir='ltr'>alio</span> 
     </span>
     <span class='ocr_line' id='line_1_17' title="bbox 0 1278 1623 1346; baseline -0.002 -15"><span class='ocrx_word' id='word_1_126' title='bbox 0 1283 210 1342; x_wconf 50' lang='lat' dir='ltr'>pnloco,</span> <span class='ocrx_word' id='word_1_127' title='bbox 256 1283 336 1330; x_wconf 78' lang='lat' dir='ltr'>ubi</span> <span class='ocrx_word' id='word_1_128' title='bbox 383 1278 458 1331; x_wconf 48' lang='lat' dir='ltr'>dex</span> <span class='ocrx_word' id='word_1_129' title='bbox 486 1282 704 1330; x_wconf 87' lang='lat' dir='ltr'>nubendo</span> <span class='ocrx_word' id='word_1_130' title='bbox 752 1283 915 1340; x_wconf 90' lang='lat' dir='ltr'>docet,</span> <span class='ocrx_word' id='word_1_131' title='bbox 964 1283 1075 1329; x_wconf 85' lang='lat' dir='ltr'>satis</span> <span class='ocrx_word' id='word_1_132' title='bbox 1120 1281 1381 1346; x_wconf 70' lang='lat' dir='ltr'>praedicat</span> <span class='ocrx_word' id='word_1_133' title='bbox 1407 1280 1465 1328; x_wconf 86' lang='lat' dir='ltr'>de</span> <span class='ocrx_word' id='word_1_134' title='bbox 1498 1282 1623 1327; x_wconf 92' lang='lat' dir='ltr'>omni</span> 
     </span>
     <span class='ocr_line' id='line_1_18' title="bbox 0 1347 1626 1430; baseline -0.003 -27"><span class='ocrx_word' id='word_1_135' title='bbox 0 1353 275 1430; x_wconf 48' lang='lat' dir='ltr'>luuliereet</span> <span class='ocrx_word' id='word_1_136' title='bbox 304 1352 362 1400; x_wconf 89' lang='lat' dir='ltr'>de</span> <span class='ocrx_word' id='word_1_137' title='bbox 392 1363 494 1401; x_wconf 85' lang='lat' dir='ltr'>toto</span> <span class='ocrx_word' id='word_1_138' title='bbox 526 1370 641 1401; x_wconf 78' lang='lat' dir='ltr'>sexu</span> <span class='ocrx_word' id='word_1_139' title='bbox 671 1353 868 1411; x_wconf 88' lang='lat' dir='ltr'>dictum,</span> <span class='ocrx_word' id='word_1_140' title='bbox 915 1360 1003 1400; x_wconf 82' lang='lat' dir='ltr'>&#39;nec</span> <span class='ocrx_word' id='word_1_141' title='bbox 1049 1351 1318 1400; x_wconf 81' lang='lat' dir='ltr'>distinctum</span> <span class='ocrx_word' id='word_1_142' title='bbox 1356 1368 1460 1399; x_wconf 90' lang='lat' dir='ltr'>esse</span> <span class='ocrx_word' id='word_1_143' title='bbox 1501 1347 1626 1398; x_wconf 88' lang='lat' dir='ltr'>inter</span> 
     </span>
     <span class='ocr_line' id='line_1_19' title="bbox 13 1422 1621 1488; baseline -0.002 -17"><span class='ocrx_word' id='word_1_144' title='bbox 13 1425 250 1488; x_wconf 69' lang='lat' dir='ltr'>iirginem,</span> <span class='ocrx_word' id='word_1_145' title='bbox 282 1425 469 1471; x_wconf 89' lang='lat' dir='ltr'>omnino</span> <span class='ocrx_word' id='word_1_146' title='bbox 502 1441 595 1471; x_wconf 89' lang='lat' dir='ltr'>non</span> <span class='ocrx_word' id='word_1_147' title='bbox 625 1426 848 1471; x_wconf 88' lang='lat' dir='ltr'>nominat.</span> <span class='ocrx_word' id='word_1_148' title='bbox 912 1423 1000 1482; x_wconf 81' lang='lat' dir='ltr'>Qui</span> <span class='ocrx_word' id='word_1_149' title='bbox 1031 1424 1154 1470; x_wconf 90' lang='lat' dir='ltr'>enim</span> <span class='ocrx_word' id='word_1_150' title='bbox 1186 1423 1297 1469; x_wconf 85' lang='lat' dir='ltr'>alibi</span> <span class='ocrx_word' id='word_1_151' title='bbox 1330 1422 1621 1485; x_wconf 82' lang='lat' dir='ltr'>distinguere</span> 
     </span>
     <span class='ocr_line' id='line_1_20' title="bbox 11 1493 1623 1558; baseline 0.001 -21"><span class='ocrx_word' id='word_1_152' title='bbox 11 1515 62 1539; x_wconf 55' lang='grc' dir='ltr'>..μ</span> <span class='ocrx_word' id='word_1_153' title='bbox 88 1495 229 1552; x_wconf 80' lang='lat' dir='ltr'>init,</span> <span class='ocrx_word' id='word_1_154' title='bbox 268 1494 350 1546; x_wconf 81' lang='lat' dir='ltr'>ubi</span> <span class='ocrx_word' id='word_1_155' title='bbox 378 1495 565 1542; x_wconf 87' lang='lat' dir='ltr'>scilicet</span> <span class='ocrx_word' id='word_1_156' title='bbox 594 1493 862 1541; x_wconf 83' lang='lat' dir='ltr'>differentia</span> <span class='ocrx_word' id='word_1_157' title='bbox 892 1494 1120 1558; x_wconf 85' lang='lat' dir='ltr'>postulat,</span> <span class='ocrx_word' id='word_1_158' title='bbox 1170 1493 1437 1556; x_wconf 85' lang='lat' dir='ltr'>(distinguit</span> <span class='ocrx_word' id='word_1_159' title='bbox 1465 1501 1623 1539; x_wconf 83' lang='lat' dir='ltr'>autem</span> 
     </span>
     <span class='ocr_line' id='line_1_21' title="bbox 49 1560 1627 1630; baseline -0.004 -14"><span class='ocrx_word' id='word_1_160' title='bbox 49 1580 241 1630; x_wconf 58' lang='grc' dir='ltr'>ΥιιιιῙιιθ</span> <span class='ocrx_word' id='word_1_161' title='bbox 273 1566 478 1628; x_wconf 81' lang='lat' dir='ltr'>speeiem</span> <span class='ocrx_word' id='word_1_162' title='bbox 510 1566 604 1612; x_wconf 90' lang='lat' dir='ltr'>suis</span> <span class='ocrx_word' id='word_1_163' title='bbox 632 1565 875 1613; x_wconf 81' lang='lat' dir='ltr'>vocabulis</span> <span class='ocrx_word' id='word_1_164' title='bbox 901 1563 1204 1626; x_wconf 86' lang='lat' dir='ltr'>designans,)</span> <span class='ocrx_word' id='word_1_165' title='bbox 1237 1560 1315 1611; x_wconf 83' lang='lat' dir='ltr'>uhi</span> <span class='ocrx_word' id='word_1_166' title='bbox 1343 1580 1436 1610; x_wconf 88' lang='lat' dir='ltr'>non</span> <span class='ocrx_word' id='word_1_167' title='bbox 1462 1562 1627 1610; x_wconf 88' lang='lat' dir='ltr'>distin-</span> 
     </span>
    </p>
   </div>
   <div class='ocr_carea' id='block_1_3' title="bbox 0 1432 133 3554">
    <p class='ocr_par' dir='ltr' id='par_1_4' title="bbox 0 1432 133 3554">
     <span class='ocr_line' id='line_1_22' title="bbox 0 1432 8 1515; baseline 0 2039"><span class='ocrx_word' id='word_1_168' title='bbox 0 1432 8 1515; x_wconf 95' lang='lat' dir='ltr'> </span> 
     </span>
     <span class='ocr_line' id='line_1_23' title="bbox 0 1515 83 1731; baseline 0 -69"><span class='ocrx_word' id='word_1_169' title='bbox 0 1515 83 1731; x_wconf 95' lang='lat' dir='ltr'>    </span> 
     </span>
     <span class='ocr_line' id='line_1_24' title="bbox 0 1731 133 2038; baseline 0 -25"><span class='ocrx_word' id='word_1_170' title='bbox 0 1731 133 2038; x_wconf 95' lang='lat' dir='ltr'>       </span> 
     </span>
     <span class='ocr_line' id='line_1_25' title="bbox 0 2038 16 2150; baseline 0 -67"><span class='ocrx_word' id='word_1_171' title='bbox 0 2038 16 2150; x_wconf 95' lang='lat' dir='ltr'>   </span> 
     </span>
     <span class='ocr_line' id='line_1_26' title="bbox 0 2150 114 2358; baseline 0 -133"><span class='ocrx_word' id='word_1_172' title='bbox 0 2150 114 2358; x_wconf 95' lang='lat' dir='ltr'>   </span> 
     </span>
     <span class='ocr_line' id='line_1_27' title="bbox 0 2376 131 2733; baseline 0 -225"><span class='ocrx_word' id='word_1_173' title='bbox 0 2376 131 2733; x_wconf 95' lang='lat' dir='ltr'>      </span> 
     </span>
     <span class='ocr_line' id='line_1_28' title="bbox 0 2733 99 3554; baseline 0 -580"><span class='ocrx_word' id='word_1_174' title='bbox 0 2733 99 3554; x_wconf 95' lang='lat' dir='ltr'>     </span> 
     </span>
    </p>
   </div>
   <div class='ocr_carea' id='block_1_4' title="bbox 4 1634 1633 2971">
    <p class='ocr_par' dir='ltr' id='par_1_5' title="bbox 4 1634 1633 2971">
     <span class='ocr_line' id='line_1_29' title="bbox 11 1634 1623 1699; baseline -0.002 -16"><span class='ocrx_word' id='word_1_175' title='bbox 11 1637 124 1694; x_wconf 82' lang='lat' dir='ltr'>-··&#39;t‚</span> <span class='ocrx_word' id='word_1_176' title='bbox 153 1634 270 1685; x_wconf 19' lang='lat' dir='ltr'>dum*</span> <span class='ocrx_word' id='word_1_177' title='bbox 291 1644 532 1699; x_wconf 79' lang='lat' dir='ltr'>utramque</span> <span class='ocrx_word' id='word_1_178' title='bbox 564 1653 658 1683; x_wconf 91' lang='lat' dir='ltr'>non</span> <span class='ocrx_word' id='word_1_179' title='bbox 688 1637 919 1693; x_wconf 87' lang='lat' dir='ltr'>nominat,</span> <span class='ocrx_word' id='word_1_180' title='bbox 966 1636 1136 1682; x_wconf 84' lang='lat' dir='ltr'>nullam</span> <span class='ocrx_word' id='word_1_181' title='bbox 1173 1635 1272 1682; x_wconf 88' lang='lat' dir='ltr'>vult</span> <span class='ocrx_word' id='word_1_182' title='bbox 1310 1634 1623 1682; x_wconf 84' lang='lat' dir='ltr'>differentiam</span> 
     </span>
     <span class='ocr_line' id='line_1_30' title="bbox 4 1703 1625 1774; baseline -0.001 -21"><span class='ocrx_word' id='word_1_183' title='bbox 4 1703 6 1706; x_wconf 66' lang='grc'><strong>’</strong></span> <span class='ocrx_word' id='word_1_184' title='bbox 53 1707 218 1774; x_wconf 48' lang='lat' dir='ltr'>gligi.</span> <span class='ocrx_word' id='word_1_185' title='bbox 291 1705 445 1765; x_wconf 73' lang='lat' dir='ltr'>Quid?</span> <span class='ocrx_word' id='word_1_186' title='bbox 504 1705 628 1770; x_wconf 90' lang='lat' dir='ltr'>quod</span> <span class='ocrx_word' id='word_1_187' title='bbox 659 1722 835 1769; x_wconf 85' lang='lat' dir='ltr'>gracco</span> <span class='ocrx_word' id='word_1_188' title='bbox 874 1722 1116 1762; x_wconf 77' lang='lat' dir='ltr'>sermone,</span> <span class='ocrx_word' id='word_1_189' title='bbox 1165 1722 1254 1768; x_wconf 92' lang='lat' dir='ltr'>quo</span> <span class='ocrx_word' id='word_1_190' title='bbox 1303 1706 1464 1752; x_wconf 88' lang='lat' dir='ltr'>literas</span> <span class='ocrx_word' id='word_1_191' title='bbox 1510 1722 1625 1768; x_wconf 90' lang='lat' dir='ltr'>apo-</span> 
     </span>
     <span class='ocr_line' id='line_1_31' title="bbox 15 1774 1629 1845; baseline -0.003 -19"><span class='ocrx_word' id='word_1_192' title='bbox 15 1827 18 1830; x_wconf 61' lang='lat'>,</span> <span class='ocrx_word' id='word_1_193' title='bbox 90 1794 148 1826; x_wconf 65' lang='lat' dir='ltr'>vs</span> <span class='ocrx_word' id='word_1_194' title='bbox 177 1777 314 1845; x_wconf 72' lang='lat' dir='ltr'>fecit,</span> <span class='ocrx_word' id='word_1_195' title='bbox 361 1778 488 1828; x_wconf 70' lang='lat' dir='ltr'>usuis</span> <span class='ocrx_word' id='word_1_196' title='bbox 506 1786 580 1824; x_wconf 88' lang='lat' dir='ltr'>est</span> <span class='ocrx_word' id='word_1_197' title='bbox 617 1778 836 1824; x_wconf 87' lang='lat' dir='ltr'>mulieres</span> <span class='ocrx_word' id='word_1_198' title='bbox 873 1792 1049 1823; x_wconf 88' lang='lat' dir='ltr'>vocare</span> <span class='ocrx_word' id='word_1_199' title='bbox 1082 1784 1176 1822; x_wconf 88' lang='lat' dir='ltr'>tam</span> <span class='ocrx_word' id='word_1_200' title='bbox 1206 1777 1427 1832; x_wconf 84' lang='lat' dir='ltr'>feminas,</span> <span class='ocrx_word' id='word_1_201' title='bbox 1475 1774 1524 1822; x_wconf 90' lang='lat' dir='ltr'>id</span> <span class='ocrx_word' id='word_1_202' title='bbox 1556 1784 1629 1822; x_wconf 82' lang='lat' dir='ltr'>est</span> 
     </span>
     <span class='ocr_line' id='line_1_32' title="bbox 74 1847 1628 1911; baseline -0.003 -14"><span class='ocrx_word' id='word_1_203' title='bbox 74 1875 77 1881; x_wconf 45' lang='grc' dir='ltr'><em>ν</em></span> <span class='ocrx_word' id='word_1_204' title='bbox 108 1857 243 1907; x_wconf 55' lang='grc' dir='ltr'>ἥκοις,</span> <span class='ocrx_word' id='word_1_205' title='bbox 273 1864 410 1911; x_wconf 81' lang='lat' dir='ltr'>quam</span> <span class='ocrx_word' id='word_1_206' title='bbox 433 1849 647 1911; x_wconf 76' lang='grc' dir='ltr'><em>θηλείας.</em></span> <span class='ocrx_word' id='word_1_207' title='bbox 723 1847 873 1910; x_wconf 86' lang='lat' dir='ltr'>Igitur</span> <span class='ocrx_word' id='word_1_208' title='bbox 901 1847 940 1893; x_wconf 86' lang='lat' dir='ltr'>si</span> <span class='ocrx_word' id='word_1_209' title='bbox 970 1863 1056 1910; x_wconf 87' lang='lat' dir='ltr'>pro</span> <span class='ocrx_word' id='word_1_210' title='bbox 1088 1861 1226 1893; x_wconf 80' lang='lat' dir='ltr'>sexus</span> <span class='ocrx_word' id='word_1_211' title='bbox 1266 1847 1452 1893; x_wconf 88' lang='lat' dir='ltr'>nominc</span> <span class='ocrx_word' id='word_1_212' title='bbox 1482 1862 1628 1892; x_wconf 87' lang='lat' dir='ltr'>voea-</span> 
     </span>
     <span class='ocr_line' id='line_1_33' title="bbox 14 1916 1627 1981; baseline -0.004 -13"><span class='ocrx_word' id='word_1_213' title='bbox 14 1955 17 1959; x_wconf 62' lang='grc'><strong><em>«</em></strong></span> <span class='ocrx_word' id='word_1_214' title='bbox 67 1918 158 1969; x_wconf 85' lang='lat' dir='ltr'>lum</span> <span class='ocrx_word' id='word_1_215' title='bbox 188 1917 313 1966; x_wconf 81' lang='lat' dir='ltr'>istud</span> <span class='ocrx_word' id='word_1_216' title='bbox 341 1918 690 1981; x_wconf 78' lang='lat' dir='ltr'>frequentatur,</span> <span class='ocrx_word' id='word_1_217' title='bbox 740 1916 864 1981; x_wconf 89' lang='lat' dir='ltr'>quod</span> <span class='ocrx_word' id='word_1_218' title='bbox 904 1926 977 1964; x_wconf 91' lang='lat' dir='ltr'>est</span> <span class='ocrx_word' id='word_1_219' title='bbox 1007 1917 1399 1980; x_wconf 82' lang='lat' dir='ltr'>interpretatione</span> <span class='ocrx_word' id='word_1_220' title='bbox 1431 1932 1518 1980; x_wconf 89' lang='lat' dir='ltr'>pro</span> <span class='ocrx_word' id='word_1_221' title='bbox 1551 1931 1627 1973; x_wconf 91' lang='lat' dir='ltr'>eo,</span> 
     </span>
     <span class='ocr_line' id='line_1_34' title="bbox 48 1986 1630 2051; baseline -0.003 -14"><span class='ocrx_word' id='word_1_222' title='bbox 48 1988 130 2037; x_wconf 89' lang='lat' dir='ltr'>od</span> <span class='ocrx_word' id='word_1_223' title='bbox 159 1997 234 2038; x_wconf 86' lang='lat' dir='ltr'>est</span> <span class='ocrx_word' id='word_1_224' title='bbox 249 1988 448 2045; x_wconf 80' lang='lat' dir='ltr'>femina,</span> <span class='ocrx_word' id='word_1_225' title='bbox 478 2003 641 2035; x_wconf 82' lang='lat' dir='ltr'>sexum</span> <span class='ocrx_word' id='word_1_226' title='bbox 666 1989 944 2044; x_wconf 88' lang='lat' dir='ltr'>nominavit,</span> <span class='ocrx_word' id='word_1_227' title='bbox 979 1986 1141 2034; x_wconf 87' lang='lat' dir='ltr'>dicens</span> <span class='ocrx_word' id='word_1_228' title='bbox 1167 1996 1376 2051; x_wconf 77' lang='grc' dir='ltr'><em>γυναῖκα.</em></span> <span class='ocrx_word' id='word_1_229' title='bbox 1437 1987 1489 2034; x_wconf 92' lang='lat' dir='ltr'>In</span> <span class='ocrx_word' id='word_1_230' title='bbox 1514 2002 1630 2050; x_wconf 83' lang='lat' dir='ltr'>sexu</span> 
     </span>
     <span class='ocr_line' id='line_1_35' title="bbox 18 2057 1628 2126; baseline -0.003 -19"><span class='ocrx_word' id='word_1_231' title='bbox 18 2068 162 2126; x_wconf 68' lang='lat' dir='ltr'>tutem</span> <span class='ocrx_word' id='word_1_232' title='bbox 189 2066 241 2107; x_wconf 90' lang='lat' dir='ltr'>et</span> <span class='ocrx_word' id='word_1_233' title='bbox 267 2059 402 2122; x_wconf 84' lang='lat' dir='ltr'>virgo</span> <span class='ocrx_word' id='word_1_234' title='bbox 435 2060 737 2122; x_wconf 83' lang='lat' dir='ltr'>contingitur.</span> <span class='ocrx_word' id='word_1_235' title='bbox 814 2057 911 2106; x_wconf 87' lang='lat' dir='ltr'>Sed</span> <span class='ocrx_word' id='word_1_236' title='bbox 951 2067 999 2105; x_wconf 90' lang='lat' dir='ltr'>et</span> <span class='ocrx_word' id='word_1_237' title='bbox 1027 2059 1274 2104; x_wconf 87' lang='lat' dir='ltr'>manifesta</span> <span class='ocrx_word' id='word_1_238' title='bbox 1309 2058 1628 2121; x_wconf 88' lang='lat' dir='ltr'>pronuntiatio</span> 
     </span>
     <span class='ocr_line' id='line_1_36' title="bbox 16 2128 1628 2193; baseline -0.001 -17"><span class='ocrx_word' id='word_1_239' title='bbox 16 2138 115 2182; x_wconf 50' lang='lat' dir='ltr'>nest:</span> <span class='ocrx_word' id='word_1_240' title='bbox 137 2129 315 2187; x_wconf 78' lang='lat' dir='ltr'>Omnis,</span> <span class='ocrx_word' id='word_1_241' title='bbox 361 2130 530 2193; x_wconf 85' lang='lat' dir='ltr'>inquit,</span> <span class='ocrx_word' id='word_1_242' title='bbox 574 2129 743 2176; x_wconf 90' lang='lat' dir='ltr'>mulier</span> <span class='ocrx_word' id='word_1_243' title='bbox 771 2128 996 2186; x_wconf 86' lang='lat' dir='ltr'>adorans,</span> <span class='ocrx_word' id='word_1_244' title='bbox 1045 2137 1093 2175; x_wconf 88' lang='lat' dir='ltr'>et</span> <span class='ocrx_word' id='word_1_245' title='bbox 1129 2129 1417 2192; x_wconf 88' lang='lat' dir='ltr'>prophetans</span> <span class='ocrx_word' id='word_1_246' title='bbox 1448 2129 1628 2174; x_wconf 89' lang='lat' dir='ltr'>intecto</span> 
     </span>
     <span class='ocr_line' id='line_1_37' title="bbox 37 2198 1630 2265; baseline -0.004 -14"><span class='ocrx_word' id='word_1_247' title='bbox 37 2201 163 2265; x_wconf 52' lang='lat' dir='ltr'>apim</span> <span class='ocrx_word' id='word_1_248' title='bbox 208 2198 473 2249; x_wconf 70' lang='lat' dir='ltr'>dedecorat.</span> <span class='ocrx_word' id='word_1_249' title='bbox 521 2208 663 2264; x_wconf 85' lang='lat' dir='ltr'>caput</span> <span class='ocrx_word' id='word_1_250' title='bbox 696 2216 828 2247; x_wconf 91' lang='lat' dir='ltr'>suum</span> <span class='ocrx_word' id='word_1_251' title='bbox 853 2200 915 2259; x_wconf 84' lang='lat'>3).</span> <span class='ocrx_word' id='word_1_252' title='bbox 993 2198 1112 2258; x_wconf 81' lang='lat' dir='ltr'>Quid</span> <span class='ocrx_word' id='word_1_253' title='bbox 1158 2208 1230 2246; x_wconf 90' lang='lat' dir='ltr'>est</span> <span class='ocrx_word' id='word_1_254' title='bbox 1268 2199 1416 2247; x_wconf 87' lang='lat' dir='ltr'>omnis</span> <span class='ocrx_word' id='word_1_255' title='bbox 1448 2199 1630 2262; x_wconf 89' lang='lat' dir='ltr'>mulier,</span> 
     </span>
     <span class='ocr_line' id='line_1_38' title="bbox 127 2259 1632 2328; baseline -0.005 -5.572"><span class='ocrx_word' id='word_1_256' title='bbox 127 2271 276 2321; x_wconf 79' lang='lat' dir='ltr'>omnis</span> <span class='ocrx_word' id='word_1_257' title='bbox 306 2271 502 2328; x_wconf 80' lang='lat' dir='ltr'>aetatis,</span> <span class='ocrx_word' id='word_1_258' title='bbox 537 2271 684 2318; x_wconf 90' lang='lat' dir='ltr'>omnis</span> <span class='ocrx_word' id='word_1_259' title='bbox 715 2269 939 2328; x_wconf 79' lang='lat' dir='ltr'>oidinis,</span> <span class='ocrx_word' id='word_1_260' title='bbox 950 2271 1097 2316; x_wconf 90' lang='lat' dir='ltr'>omnis</span> <span class='ocrx_word' id='word_1_261' title='bbox 1131 2269 1443 2317; x_wconf 85' lang='lat' dir='ltr'>conditionis?</span> <span class='ocrx_word' id='word_1_262' title='bbox 1500 2259 1632 2316; x_wconf 91' lang='lat' dir='ltr'>Nihil</span> 
     </span>
     <span class='ocr_line' id='line_1_39' title="bbox 37 2334 1629 2411; baseline -0.003 -21"><span class='ocrx_word' id='word_1_263' title='bbox 37 2334 215 2411; x_wconf 38' lang='lat' dir='ltr'>ffi‘xtirsuu·</span> <span class='ocrx_word' id='word_1_264' title='bbox 243 2341 422 2405; x_wconf 73' lang='lat' dir='ltr'>exeipit</span> <span class='ocrx_word' id='word_1_265' title='bbox 450 2339 651 2390; x_wconf 85' lang='lat' dir='ltr'>dicendo</span> <span class='ocrx_word' id='word_1_266' title='bbox 685 2342 856 2398; x_wconf 79' lang='lat' dir='ltr'>omniS,</span> <span class='ocrx_word' id='word_1_267' title='bbox 900 2342 1026 2388; x_wconf 85' lang='lat' dir='ltr'>sicut</span> <span class='ocrx_word' id='word_1_268' title='bbox 1070 2357 1158 2388; x_wconf 87' lang='lat' dir='ltr'>nee</span> <span class='ocrx_word' id='word_1_269' title='bbox 1195 2341 1269 2387; x_wconf 88' lang='lat' dir='ltr'>vir</span> <span class='ocrx_word' id='word_1_270' title='bbox 1297 2355 1386 2386; x_wconf 88' lang='lat' dir='ltr'>nec</span> <span class='ocrx_word' id='word_1_271' title='bbox 1409 2338 1629 2392; x_wconf 80' lang='lat' dir='ltr'>velandi;</span> 
     </span>
     <span class='ocr_line' id='line_1_40' title="bbox 39 2388 1630 2475; baseline -0.005 -13.06"><span class='ocrx_word' id='word_1_272' title='bbox 39 2410 43 2414; x_wconf 48' lang='lat'><strong>⁴</strong></span> <span class='ocrx_word' id='word_1_273' title='bbox 81 2388 207 2462; x_wconf 69' lang='lat' dir='ltr'>ude</span> <span class='ocrx_word' id='word_1_274' title='bbox 249 2412 376 2460; x_wconf 78' lang='lat' dir='ltr'>enim</span> <span class='ocrx_word' id='word_1_275' title='bbox 421 2413 569 2459; x_wconf 91' lang='lat' dir='ltr'>omnis</span> <span class='ocrx_word' id='word_1_276' title='bbox 605 2412 679 2460; x_wconf 91' lang='lat' dir='ltr'>vir</span> <span class='ocrx_word' id='word_1_277' title='bbox 715 2413 879 2475; x_wconf 90' lang='lat' dir='ltr'>inquit.</span> <span class='ocrx_word' id='word_1_278' title='bbox 963 2410 1098 2457; x_wconf 88' lang='lat' dir='ltr'>Sicut</span> <span class='ocrx_word' id='word_1_279' title='bbox 1136 2427 1252 2473; x_wconf 86' lang='lat' dir='ltr'>ergo</span> <span class='ocrx_word' id='word_1_280' title='bbox 1293 2412 1341 2457; x_wconf 91' lang='lat' dir='ltr'>in</span> <span class='ocrx_word' id='word_1_281' title='bbox 1372 2410 1630 2456; x_wconf 85' lang='lat' dir='ltr'>masculino</span> 
     </span>
     <span class='ocr_line' id='line_1_41' title="bbox 37 2480 1633 2536; baseline -0.004 -5"><span class='ocrx_word' id='word_1_282' title='bbox 37 2503 131 2535; x_wconf 50' lang='lat' dir='ltr'>„v</span> <span class='ocrx_word' id='word_1_283' title='bbox 160 2481 255 2534; x_wconf 73' lang='lat' dir='ltr'>sul»</span> <span class='ocrx_word' id='word_1_284' title='bbox 299 2482 388 2531; x_wconf 85' lang='lat' dir='ltr'>viri</span> <span class='ocrx_word' id='word_1_285' title='bbox 424 2483 609 2530; x_wconf 79' lang='lat' dir='ltr'>nomine</span> <span class='ocrx_word' id='word_1_286' title='bbox 650 2483 792 2530; x_wconf 88' lang='lat' dir='ltr'>etiam</span> <span class='ocrx_word' id='word_1_287' title='bbox 832 2483 1023 2528; x_wconf 89' lang='lat' dir='ltr'>investis</span> <span class='ocrx_word' id='word_1_288' title='bbox 1051 2482 1200 2528; x_wconf 88' lang='lat' dir='ltr'>velari</span> <span class='ocrx_word' id='word_1_289' title='bbox 1230 2489 1439 2536; x_wconf 81' lang='lat' dir='ltr'>vetatur,</span> <span class='ocrx_word' id='word_1_290' title='bbox 1488 2480 1554 2526; x_wconf 85' lang='lat' dir='ltr'>ita</span> <span class='ocrx_word' id='word_1_291' title='bbox 1585 2488 1633 2526; x_wconf 88' lang='lat' dir='ltr'>et</span> 
     </span>
     <span class='ocr_line' id='line_1_42' title="bbox 22 2549 1629 2613; baseline -0.003 -13"><span class='ocrx_word' id='word_1_292' title='bbox 22 2568 73 2607; x_wconf 71' lang='grc' dir='ltr'>ιι</span> <span class='ocrx_word' id='word_1_293' title='bbox 86 2551 329 2607; x_wconf 67' lang='lat' dir='ltr'>feminino</span> <span class='ocrx_word' id='word_1_294' title='bbox 341 2551 426 2600; x_wconf 81' lang='lat' dir='ltr'>sul)</span> <span class='ocrx_word' id='word_1_295' title='bbox 457 2554 643 2601; x_wconf 83' lang='lat' dir='ltr'>nomine</span> <span class='ocrx_word' id='word_1_296' title='bbox 675 2552 882 2599; x_wconf 85' lang='lat' dir='ltr'>mulieris</span> <span class='ocrx_word' id='word_1_297' title='bbox 913 2552 1054 2598; x_wconf 89' lang='lat' dir='ltr'>etiam</span> <span class='ocrx_word' id='word_1_298' title='bbox 1083 2552 1217 2613; x_wconf 79' lang='lat' dir='ltr'>virgo</span> <span class='ocrx_word' id='word_1_299' title='bbox 1247 2550 1396 2596; x_wconf 86' lang='lat' dir='ltr'>velari</span> <span class='ocrx_word' id='word_1_300' title='bbox 1426 2549 1629 2597; x_wconf 87' lang='lat' dir='ltr'>iubetur.</span> 
     </span>
     <span class='ocr_line' id='line_1_43' title="bbox 12 2621 1633 2687; baseline -0.003 -16"><span class='ocrx_word' id='word_1_301' title='bbox 12 2621 293 2687; x_wconf 45' lang='lat' dir='ltr'>&amp;Aequaliter</span> <span class='ocrx_word' id='word_1_302' title='bbox 333 2623 381 2670; x_wconf 88' lang='lat' dir='ltr'>in</span> <span class='ocrx_word' id='word_1_303' title='bbox 430 2631 628 2687; x_wconf 88' lang='lat' dir='ltr'>utroque</span> <span class='ocrx_word' id='word_1_304' title='bbox 674 2638 790 2670; x_wconf 84' lang='lat' dir='ltr'>sexu</span> <span class='ocrx_word' id='word_1_305' title='bbox 833 2622 986 2668; x_wconf 88' lang='lat' dir='ltr'>minor</span> <span class='ocrx_word' id='word_1_306' title='bbox 1028 2629 1159 2668; x_wconf 90' lang='lat' dir='ltr'>aetas</span> <span class='ocrx_word' id='word_1_307' title='bbox 1189 2621 1380 2668; x_wconf 89' lang='lat' dir='ltr'>maioris</span> <span class='ocrx_word' id='word_1_308' title='bbox 1411 2629 1633 2683; x_wconf 86' lang='lat' dir='ltr'>sequatur</span> 
     </span>
     <span class='ocr_line' id='line_1_44' title="bbox 28 2691 1633 2758; baseline -0.002 -17"><span class='ocrx_word' id='word_1_309' title='bbox 28 2729 29 2732; x_wconf 18' lang='grc' dir='ltr'>η</span> <span class='ocrx_word' id='word_1_310' title='bbox 74 2716 82 2734; x_wconf 71' lang='grc' dir='ltr'><em>ε</em></span> <span class='ocrx_word' id='word_1_311' title='bbox 120 2692 332 2758; x_wconf 64' lang='lat' dir='ltr'>iplinanu</span> <span class='ocrx_word' id='word_1_312' title='bbox 363 2701 443 2741; x_wconf 82' lang='lat' dir='ltr'>aut</span> <span class='ocrx_word' id='word_1_313' title='bbox 469 2694 685 2742; x_wconf 86' lang='lat' dir='ltr'>velentur</span> <span class='ocrx_word' id='word_1_314' title='bbox 714 2699 763 2740; x_wconf 90' lang='lat' dir='ltr'>et</span> <span class='ocrx_word' id='word_1_315' title='bbox 790 2693 998 2756; x_wconf 86' lang='lat' dir='ltr'>virgines</span> <span class='ocrx_word' id='word_1_316' title='bbox 1029 2691 1248 2748; x_wconf 82' lang='lat' dir='ltr'>masculi,</span> <span class='ocrx_word' id='word_1_317' title='bbox 1281 2691 1320 2738; x_wconf 90' lang='lat' dir='ltr'>si</span> <span class='ocrx_word' id='word_1_318' title='bbox 1351 2707 1442 2737; x_wconf 89' lang='lat' dir='ltr'>non</span> <span class='ocrx_word' id='word_1_319' title='bbox 1470 2691 1633 2738; x_wconf 87' lang='lat' dir='ltr'>velan-</span> 
     </span>
     <span class='ocr_line' id='line_1_45' title="bbox 11 2762 1629 2827; baseline -0.002 -15"><span class='ocrx_word' id='word_1_320' title='bbox 11 2774 95 2819; x_wconf 56' lang='lat' dir='ltr'>*tur</span> <span class='ocrx_word' id='word_1_321' title='bbox 123 2766 173 2812; x_wconf 75' lang='lat' dir='ltr'>et</span> <span class='ocrx_word' id='word_1_322' title='bbox 198 2763 405 2827; x_wconf 73' lang='lat' dir='ltr'>virgiues</span> <span class='ocrx_word' id='word_1_323' title='bbox 433 2764 658 2822; x_wconf 83' lang='lat' dir='ltr'>feminae,</span> <span class='ocrx_word' id='word_1_324' title='bbox 706 2763 814 2826; x_wconf 87' lang='lat' dir='ltr'>quia</span> <span class='ocrx_word' id='word_1_325' title='bbox 851 2779 941 2810; x_wconf 91' lang='lat' dir='ltr'>nec</span> <span class='ocrx_word' id='word_1_326' title='bbox 980 2762 1057 2808; x_wconf 77' lang='lat' dir='ltr'>isti</span> <span class='ocrx_word' id='word_1_327' title='bbox 1096 2762 1365 2808; x_wconf 86' lang='lat' dir='ltr'>nominatim</span> <span class='ocrx_word' id='word_1_328' title='bbox 1396 2770 1629 2809; x_wconf 87' lang='lat' dir='ltr'>tenentur.</span> 
     </span>
     <span class='ocr_line' id='line_1_46' title="bbox 35 2829 1631 2896; baseline -0.002 -15"><span class='ocrx_word' id='word_1_329' title='bbox 35 2883 57 2891; x_wconf 50' lang='lat'>„</span> <span class='ocrx_word' id='word_1_330' title='bbox 82 2831 160 2889; x_wconf 62' lang='lat' dir='ltr'>&#39;nd</span> <span class='ocrx_word' id='word_1_331' title='bbox 189 2833 252 2881; x_wconf 85' lang='lat' dir='ltr'>sit</span> <span class='ocrx_word' id='word_1_332' title='bbox 278 2833 351 2881; x_wconf 89' lang='lat' dir='ltr'>vir</span> <span class='ocrx_word' id='word_1_333' title='bbox 371 2841 422 2881; x_wconf 85' lang='lat' dir='ltr'>et</span> <span class='ocrx_word' id='word_1_334' title='bbox 443 2834 657 2891; x_wconf 83' lang='lat' dir='ltr'>investis,</span> <span class='ocrx_word' id='word_1_335' title='bbox 689 2834 730 2880; x_wconf 91' lang='lat' dir='ltr'>si</span> <span class='ocrx_word' id='word_1_336' title='bbox 753 2832 879 2880; x_wconf 82' lang='lat' dir='ltr'>aliud</span> <span class='ocrx_word' id='word_1_337' title='bbox 904 2841 976 2880; x_wconf 89' lang='lat' dir='ltr'>est</span> <span class='ocrx_word' id='word_1_338' title='bbox 999 2833 1167 2879; x_wconf 89' lang='lat' dir='ltr'>mulier</span> <span class='ocrx_word' id='word_1_339' title='bbox 1189 2840 1238 2879; x_wconf 88' lang='lat' dir='ltr'>et</span> <span class='ocrx_word' id='word_1_340' title='bbox 1257 2832 1408 2894; x_wconf 88' lang='lat' dir='ltr'>virgo.</span> <span class='ocrx_word' id='word_1_341' title='bbox 1447 2829 1631 2896; x_wconf 92' lang='lat' dir='ltr'>Nempe</span> 
     </span>
     <span class='ocr_line' id='line_1_47' title="bbox 34 2901 1632 2971; baseline -0.003 -17"><span class='ocrx_word' id='word_1_342' title='bbox 34 2912 215 2969; x_wconf 41' lang='lat' dir='ltr'>&amp;reptet</span> <span class='ocrx_word' id='word_1_343' title='bbox 252 2902 445 2971; x_wconf 83' lang='lat' dir='ltr'>angelos</span> <span class='ocrx_word' id='word_1_344' title='bbox 482 2905 548 2951; x_wconf 85' lang='lat' dir='ltr'>ait</span> <span class='ocrx_word' id='word_1_345' title='bbox 582 2903 730 2951; x_wconf 89' lang='lat' dir='ltr'>velari</span> <span class='ocrx_word' id='word_1_346' title='bbox 775 2912 1020 2968; x_wconf 90' lang='lat' dir='ltr'>oportere,</span> <span class='ocrx_word' id='word_1_347' title='bbox 1070 2901 1191 2966; x_wconf 90' lang='lat' dir='ltr'>quod</span> <span class='ocrx_word' id='word_1_348' title='bbox 1237 2903 1391 2965; x_wconf 87' lang='lat' dir='ltr'>angeli</span> <span class='ocrx_word' id='word_1_349' title='bbox 1436 2911 1632 2967; x_wconf 88' lang='lat' dir='ltr'>propter</span> 
     </span>
    </p>
   </div>
   <div class='ocr_carea' id='block_1_5' title="bbox 28 2988 105 3070">
    <p class='ocr_par' dir='ltr' id='par_1_6' title="bbox 28 2988 105 3070">
     <span class='ocr_line' id='line_1_48' title="bbox 56 2988 78 3006; baseline 0.045 -1"><span class='ocrx_word' id='word_1_350' title='bbox 56 2988 78 3006; x_wconf 55' lang='lat' dir='ltr'>J</span> 
     </span>
     <span class='ocr_line' id='line_1_49' title="bbox 28 3006 105 3070; baseline -0.065 0"><span class='ocrx_word' id='word_1_351' title='bbox 28 3006 105 3070; x_wconf 57' lang='grc' dir='ltr'>’δ”</span> 
     </span>
     <span class='ocr_line' id='line_1_50' title="bbox 89 3049 99 3059; baseline 0 -6"><span class='ocrx_word' id='word_1_352' title='bbox 89 3049 99 3059; x_wconf 63' lang='lat'>„</span> 
     </span>
    </p>
   </div>
   <div class='ocr_carea' id='block_1_6' title="bbox 47 3056 1614 3128">
    <p class='ocr_par' dir='ltr' id='par_1_7' title="bbox 47 3056 1614 3128">
     <span class='ocr_line' id='line_1_51' title="bbox 47 3056 1614 3128; baseline -0.003 -30"><span class='ocrx_word' id='word_1_353' title='bbox 47 3086 94 3128; x_wconf 32' lang='lat' dir='ltr'>4ss</span> <span class='ocrx_word' id='word_1_354' title='bbox 133 3059 179 3108; x_wconf 85' lang='lat'>1)</span> <span class='ocrx_word' id='word_1_355' title='bbox 209 3059 308 3108; x_wconf 73' lang='lat' dir='ltr'>Cap.</span> <span class='ocrx_word' id='word_1_356' title='bbox 323 3060 390 3098; x_wconf 82' lang='lat'>22.</span> <span class='ocrx_word' id='word_1_357' title='bbox 407 3060 640 3108; x_wconf 75' lang='lat' dir='ltr'>ap.Murat.</span> <span class='ocrx_word' id='word_1_358' title='bbox 756 3059 813 3110; x_wconf 48' lang='lat'>2),</span> <span class='ocrx_word' id='word_1_359' title='bbox 835 3059 984 3097; x_wconf 81' lang='lat' dir='ltr'>Genes.</span> <span class='ocrx_word' id='word_1_360' title='bbox 1001 3059 1026 3096; x_wconf 87' lang='lat'><strong>2</strong></span> <span class='ocrx_word' id='word_1_361' title='bbox 1035 3056 1048 3108; x_wconf 75' lang='lat'>,&#39;</span> <span class='ocrx_word' id='word_1_362' title='bbox 1073 3060 1139 3099; x_wconf 75' lang='lat'>23.</span> <span class='ocrx_word' id='word_1_363' title='bbox 1254 3059 1299 3108; x_wconf 79' lang='lat'>3)</span> <span class='ocrx_word' id='word_1_364' title='bbox 1331 3061 1355 3096; x_wconf 91' lang='lat'><strong>1</strong></span> <span class='ocrx_word' id='word_1_365' title='bbox 1373 3059 1467 3097; x_wconf 88' lang='lat' dir='ltr'>Cor.</span> <span class='ocrx_word' id='word_1_366' title='bbox 1487 3060 1563 3107; x_wconf 84' lang='lat'>11,</span> <span class='ocrx_word' id='word_1_367' title='bbox 1593 3060 1614 3094; x_wconf 86' lang='lat'>5</span> 
     </span>
    </p>
   </div>
   <div class='ocr_carea' id='block_1_7' title="bbox 108 3008 374 3019">
    <p class='ocr_par' dir='ltr' id='par_1_8' title="bbox 108 3008 374 3019">
     <span class='ocr_line' id='line_1_52' title="bbox 108 3008 374 3019; baseline 0 535"><span class='ocrx_word' id='word_1_368' title='bbox 108 3008 374 3019; x_wconf 95' lang='lat' dir='ltr'> </span> 
     </span>
    </p>
   </div>
   <div class='ocr_carea' id='block_1_8' title="bbox 55 3495 253 3554">
    <p class='ocr_par' dir='ltr' id='par_1_9' title="bbox 55 3495 253 3554">
     <span class='ocr_line' id='line_1_53' title="bbox 55 3495 253 3554; baseline 0 0"><span class='ocrx_word' id='word_1_369' title='bbox 55 3495 130 3554; x_wconf 47' lang='lat' dir='ltr'>{aa</span> <span class='ocrx_word' id='word_1_370' title='bbox 172 3535 253 3554; x_wconf 54' lang='lat' dir='ltr'>m</span> 
     </span>
    </p>
   </div>
  </div>
 </body>
</html>
