1942 3554
467 131 554 167 AD
597 129 975 170 NATIONES
1020 131 1147 168 LIB.
1191 132 1222 168 1.
1560 132 1661 182 {51

7 268 216 328 '÷h‘ones‚
256 277 328 316 tot
358 269 664 333 compagines
696 271 910 333 generis,
946 278 1016 317 tot
1047 269 1154 317 inde
1187 270 1410 320 traduces
1441 271 1499 319 ad
1531 274 1664 322 ince-

23 351 181 400 -stum3
222 338 347 396 unde
380 338 502 387 adeo
534 342 682 387 mimis
730 349 778 387 et
809 339 1052 388 comoedis
1092 351 1476 405 argumentorum
1514 361 1663 393 venae

35 413 207 470 fluunt,
247 410 370 459 unde
410 412 498 457 ista
537 426 722 474 quoque
763 411 868 456 talis
907 420 1014 458 ante
1048 407 1298 475 tragoedia
1330 415 1499 477 erupit.
1576 416 1665 463 Fu-

35 484 199 532 sciano
229 481 476 546 praefecto
507 480 637 538 urbi,
674 479 881 527 iudicata
916 483 1162 544 punitione
1203 491 1415 542 senatus,
1471 485 1667 534 fortuita

22 552 330 618 ·neg'ligentia
361 551 582 598 comitata
611 550 733 597 ultra
765 551 946 597 ianuam
977 567 1261 615 progressus
1293 553 1407 611 iter,
1454 566 1666 619 praeter-

21 623 252 674 ›euntibus
281 630 459 669 tractus
491 620 629 668 domo
662 619 854 668 excidit.
905 620 1165 669 Graeculus
1188 624 1262 669 vel
1280 638 1317 668 -a
1341 625 1499 672 limine
1517 625 1667 675 Grae-

21 695 144 743 ·culo
174 705 306 740 more
339 699 614 755 captaverat
653 693 855 749 intranS‚
896 692 938 753 1)
971 691 1080 739 inde
1114 701 1312 740 mutatus
1329 693 1476 742 Asiae
1508 706 1664 745 aetate

24 764 227 813 Romam
274 764 320 809 in
358 761 593 810 venalicio
641 762 861 810 refertur.
952 762 1079 809 Emit
1123 763 1392 825 imprudens
1437 774 1574 828 pater
1619 777 1667 814 et

0 836 183 887 „ruitur
214 832 414 881 Graeco.
490 832 696 890 Dehinc,
738 842 787 879 ut
824 841 1007 890 vestra,
1048 831 1402 882 adolescentem
1451 834 1665 885 dominus

22 907 83 954 =in
114 918 276 968 agrum
308 912 358 949 et
386 903 573 950 vincula
604 903 747 967 legat.
818 904 919 951 Illic
953 905 1042 949 iam
1076 903 1247 951 dudum
1279 905 1585 970 paedagogus
1619 918 1668 956 et

21 975 195 1039 matrix
223 989 401 1038 poenas
434 972 618 1020 dabant.
695 973 1099 1038 Repraesentatur
1131 976 1199 1021 eis
1235 984 1331 1022 tota
1364 992 1554 1034 caussa,
1584 994 1666 1025 re-

22 1046 197 1094 ÷ferunt
225 1045 428 1092 invicem
467 1045 620 1091 exitus
660 1061 792 1092 suos:
833 1045 926 1101 illi,
966 1044 1092 1108 quod
1131 1046 1341 1093 alumnus
1379 1048 1425 1092 in
1462 1050 1666 1110 pueritia

37 1115 281 1178 periisset3
310 1115 415 1171 ille,
450 1129 500 1161 se
525 1130 711 1178 quoque
737 1132 763 1162 a
789 1115 991 1179 pueritia
1021 1115 1225 1178 perisse,
1260 1125 1471 1164 ceterum
1497 1118 1665 1166 eodem

0 1224 1 1234 ,
38 1194 210 1234 eventu
256 1185 432 1231 Romae
478 1193 634 1231 natum
682 1186 877 1233 honesta
925 1184 1083 1231 domo.
1174 1186 1390 1233 Forsitan
1437 1197 1485 1234 et
1532 1190 1667 1252 signa

0 1264 2 1321 ξ
40 1254 272 1320 quaedam
303 1256 588 1302 retexuerit.
667 1255 819 1319 Igitur
851 1255 924 1308 dei
958 1256 1220 1312 voluntate,
1261 1265 1311 1302 ut
1340 1267 1469 1304 tanta
1501 1260 1664 1306 seculo

39 1324 646 1387 maculaexprobraretur,
679 1327 868 1389 spiritus
902 1325 976 1372 dei
1002 1325 1045 1386 2)
1079 1325 1136 1373 de
1171 1325 1246 1373 die
1281 1330 1515 1375 concutit:
1549 1338 1667 1376 tem-

39 1407 156 1460 pora
186 1410 292 1442 cum
323 1403 481 1441 aetate
513 1395 822 1457 respondent,
855 1394 1030 1458 aliquid
1063 1405 1111 1442 et
1137 1396 1261 1442 oculi
1288 1396 1346 1443 de
1373 1398 1667 1447 lineamentis

39 1463 374 1522 recordantur,
407 1466 723 1528 proprietates
754 1465 1045 1512 nonnullae
1033 1482 1079 1511 m
1106 1482 1310 1528 corpore
1336 1479 1664 1517 recensentur.

0 1545 1 1578 I
39 1534 288 1594 Dominus,
341 1535 434 1582 imo
481 1536 571 1582 iam
609 1545 831 1599 parentes
873 1544 1045 1583 tantum
1083 1536 1298 1599 prolatae
1346 1539 1666 1603 inquisitionis

38 1606 288 1670 diligentia
328 1606 541 1669 impellit.
637 1606 955 1670 Investigatur
998 1607 1353 1666 venaliciarius,
1408 1611 1675 1661 infeliciter.

39 1677 292 1726 invenitur.
361 1675 589 1723 Revelato
622 1677 832 1735 scelere,
872 1687 1094 1741 parentes
1137 1678 1222 1725 sibi
1263 1679 1434 1742 laqueo
1475 1681 1668 1729 meden-

40 1755 132 1794 tur.
223 1745 356 1792 Bona
394 1746 490 1794 filio
528 1747 649 1794 male
681 1750 923 1811 superstiti
965 1750 1235 1811 praefectus
1268 1748 1520 1808 adscribit,
1575 1768 1668 1797 non

41 1815 104 1864 ad
133 1815 471 1874 hereditatem,
505 1817 589 1864 sed
621 1817 679 1864 ad
713 1818 994 1881 stipendium
1029 1818 1176 1881 stupri
1209 1827 1257 1864 et
1287 1819 1475 1866 incesti.
1544 1820 1669 1868 Satis

39 1897 150 1936 erat
179 1903 316 1935 unum
349 1886 473 1934 istud
504 1888 763 1950 exemplum
796 1888 1011 1952 publicae
1045 1888 1408 1936 erubescentiae
1440 1889 1670 1937 eiusmodi

39 1958 278 2007 scelerum
318 1957 694 2005 delitescentium
734 1960 780 2004 in
820 1958 969 2005 vobis.
1058 1957 1188 2004 Nihil
1235 1959 1381 2006 semel
1422 1962 1579 2007 evenit
1623 1962 1670 2007 in

41 2029 187 2075 rebus
218 2028 450 2085 humanis,
506 2028 652 2075 semel
684 2029 823 2091 plane
863 2030 963 2075 erui
996 2037 1168 2091 potest.
1260 2027 1330 2075 De
1364 2032 1671 2077 sacramentis

43 2106 237 2146 nostrae
276 2098 521 2161 religionis
561 2099 731 2161 opinor
768 2099 1036 2156 intentatis,
1087 2107 1134 2145 et
1173 2107 1277 2145 sunt
1322 2101 1455 2162 paria
1498 2101 1670 2147 vestris

42 2169 186 2216 etiam
217 2185 311 2216 non
343 2169 662 2215 sacramentis.
1155 2183 1158 2185 ’

190 2243 273 2290 17.
330 2236 401 2286 De
434 2236 824 2286 obstinationibus
855 2254 970 2286 vero
1011 2239 1085 2286 vel
1116 2240 1599 2302 praesumptionibus,
1628 2245 1667 2290 si

42 2324 140 2375 qua
168 2310 451 2372 proponitis,
506 2325 564 2356 ne
596 2309 716 2356 istae
755 2309 942 2373 quidem
979 2307 1039 2356 ad
1079 2311 1451 2358 communionem
1484 2326 1672 2373 compa-

46 2379 247 2428 rationis
276 2379 522 2426 absistunt.
599 2379 755 2426 Prima
788 2379 1042 2426 obstinatio
1077 2388 1172 2435 est,
1216 2394 1334 2442 quae
1376 2379 1583 2426 secunda
1614 2381 1671 2426 ab

44 2451 123 2498 eis
151 2450 324 2514 religio
358 2450 662 2497 constituitur
693 2449 1006 2497 Caesarianae
1039 2449 1320 2505 maiestatis,
1361 2448 1487 2512 quod
1518 2450 1673 2497 irreli-

43 2520 175 2584 giosi
211 2519 422 2567 dicamur
459 2521 505 2566 in
547 2519 803 2576 Caesares,
844 2535 996 2582 neque
1036 2519 1266 2580 imagines
1305 2533 1468 2564 eorum
1509 2534 1672 2582 repro-

43 2588 284 2654 pitiando,
317 2604 470 2653 neq-ue
496 2591 663 2653 genios
681 2588 940 2636 deierando
967 2589 1125 2634 hostes
1150 2588 1308 2650 populi
1333 2604 1669 2651 nuncupamur.

47 2656 123 2706 lta
166 2675 282 2706 vero
328 2661 408 2716 sit,
451 2676 553 2707 cum
602 2676 662 2706 ex
705 2659 839 2706 vobis
879 2657 1149 2705 nationibus
1181 2657 1392 2720 quotidie
1426 2657 1671 2717 Caesares,

48 2737 107 2776 et.
135 2728 364 2785 Parthici,
410 2738 460 2776 et
493 2730 693 2786 Medici,
735 2738 783 2776 et
822 2727 1107 2776 Germanici.
1179 2728 1280 2774 Hoc
1322 2728 1428 2775 loco
1467 2727 1674 2776 Romana

51 2810 174 2862 gens
218 2796 412 2855 viderit,
466 2800 512 2845 in
551 2800 716 2863 quibus
757 2798 1009 2845 indomitae
1051 2806 1098 2843 et
1140 2807 1394 2845 extraneae
1440 2800 1674 2847 nationes.

173 2949 217 3004 1)
251 2953 503 2999 Corruptum
530 2953 640 2990 hunc
666 2954 806 2991 locum
836 2953 895 2989 ita
927 2952 1166 2990 emendavit
1195 2953 1350 3000 Rigalt.
1380 2955 1429 2991 ut
1459 2965 1533 3001 pro
1565 2955 1677 3003 vulg.

54 3012 279 3047 uenatus
309 3009 515 3045 scriberet
542 3012 724 3046 reatus
755 3012 798 3045 et
831 3021 866 3045 v.
900 3008 1104 3045 intrans
1135 3009 1306 3046 deleret.
1422 3008 1464 3058 2)
1494 3011 1542 3047 V.
1577 3010 1680 3056 dei,

60 3065 175 3111 quod
203 3065 360 3113 legitur
377 3064 420 3101 in
443 3075 542 3113 ms.‚
575 3065 728 3101 delevit
759 3064 848 3112 Rig.
