1942 3554
412 139 629 178 coi-«Tm
662 138 972 180 eNos'rlcots
1001 138 1062 178 SC
1068 138 1309 178 ΟΕΡΙΑΟΕ.
1553 138 1674 192 259

32 282 169 347 guin
203 295 419 344 quaeque
458 285 795 340 concurrunt,)
846 281 990 328 etiam:
1024 281 1406 345 persecutionem
1437 281 1486 328 in
1519 281 1672 329 coelis

35 351 215 416 geg-itari
259 350 520 414 oportebit,
571 367 688 416 quae
738 351 1055 399 confessionis
1102 353 1433 415 negationisve
1470 353 1672 400 materia

33 431 127 471 est.
148 464 160 469 -
191 420 312 480 Quid
345 422 504 486 itaque
538 438 712 480 cessas,
745 421 1057 470 audacissime
1089 422 1361 480 haeretice,
1409 431 1556 471 totum
1592 438 1671 471 ot·—

37 491 198 541 dinem
227 492 517 540 christianae
547 493 873 539 concussionis
905 492 950 538 in
983 507 1186 556 superna
1207 494 1486 552 transferre,
1520 503 1571 542 et
1601 496 1672 541 in-

37 563 207 628 primis-
231 563 384 626 ipsun
410 563 611 609 nominis
652 561 807 608 odium
846 562 943 609 illic
985 563 1250 621 collocare,
1300 564 1381 610 ubi
1418 563 1479 611 ad
1518 564 1672 611 Patris

36 632 286 680 &utera-r
312 631 558 695 praesidet
588 632 830 679 Christus?
888 632 990 679 lllic
1025 635 1286 680 constitues
1321 643 1369 681 et
1398 648 1669 699 synagogas

38 701 341 759 ludaeorum,-
386 703 542 749 fontes
574 702 979 767 persecutionum,
1030 702 1155 766 apud
1188 719 1300 766 quas
1331 703 1555 768 Apostoli
1586 707 1668 752 fia·-

38 771 167 855 gplh
199 773 415 837 perpessi
453 781 582 830 sunt,
631 781 679 819 et
717 772 915 836 populos
953 774 1195 819 nationum
1227 789 1329 821 cum
1363 791 1447 822 suo
1481 775 1668 839 quidem

31 857 203 905 mon,
241 841 320 889 nbi
365 843 506 890 facile
554 843 874 890 conclamant.
926 858 1071 906 usque
1122 859 1213 907 quo
1261 859 1412 907 genus
1450 844 1672 892 tertium?

38 911 142 970 fied
166 921 218 961 ct
246 912 419 960 fratres
450 923 638 960 nostros
671 922 720 959 et
748 923 906 975 patres
938 922 985 961 et
1017 915 1139 960 lilios
1170 923 1218 961 et
1249 929 1413 962 socrus
1446 925 1496 962 et
1527 931 1670 963 nurus

36 988 93 1032 et
112 978 403 1031 domesticos
442 993 629 1030 nostros
668 983 839 1030 ibidem
889 984 1118 1032 exhibere
1159 984 1367 1044 debetis,
1415 1003 1505 1050 per
1551 1002 1669 1051 quos

40 1046 230 1114 §offitio
271 1052 496 1118 disposita
535 1063 631 1113 est3
684 1056 794 1101 item
834 1068 978 1118 reges
1020 1064 1068 1102 et
1097 1055 1346 1119 praesides
1386 1066 1435 1103 et
1465 1067 1670 1105 armatas

37 1133 315 1208 potestates,
348 1124 470 1188 apud
501 1141 614 1188 quas
646 1140 812 1172 caussa
842 1125 1091 1189 pugnanda
1126 1135 1212 1173 est.
1274 1126 1379 1174 Erit
1417 1137 1551 1176 certe
1592 1138 1666 1175 et-

37 1194 133 1243 im
162 1211 331 1243 carcer
360 1197 408 1242 in
438 1196 593 1253 coelo,
627 1211 795 1242 carens
828 1196 930 1243 sole
962 1205 1041 1243 aut
1073 1198 1277 1260 ingratis
1308 1198 1580 1257 luminosus,
1616 1209 1666 1246 et

37 1266 227 1313 vincula
272 1266 474 1314 fortasse
523 1265 581 1313 de
629 1267 786 1324 zonis,
836 1275 884 1313 et
925 1267 1150 1330 equuleus
1189 1269 1290 1314 axis
1323 1269 1423 1332 ipse
1457 1270 1533 1333 qui
1566 1278 1665 1317 tor-

41 1345 179 1401 quet3
230 1344 338 1384 tum·
357 1337 397 1384 si
428 1334 703 1400 lapidandus
736 1337 1050 1396 Christianus,
1093 1338 1348 1401 grandines
1380 1338 1595 1398 aderunt,
1629 1342 1668 1387 si

39 1405 271 1465 urendus,
318 1407 512 1454 fulmina
539 1424 653 1471 prae
685 1424 820 1454 manu
853 1417 981 1466 sunt,
1029 1410 1068 1454 si
1101 1408 1429 1468 trucidandus,
1479 1410 1669 1459 Orionis

41 1477 207 1538 mati
237 1490 402 1524 munus
421 1479 467 1540 1)
502 1477 798 1541 operabitur,
839 1479 877 1524 si
909 1478 1074 1526 bestiis
1107 1479 1361 1538 finiendus,
1408 1497 1544 1528 ursas
1578 1481 1669 1530 Se-

39 1548 244 1613 poentrio
279 1548 482 1606 emittet,
516 1547 748 1596 Zodiacns
781 1557 939 1596 tauros
971 1558 1020 1595 et
1050 1549 1231 1597 leones.
1293 1550 1422 1599 Haec
1457 1554 1534 1614 qui
1567 1567 1669 1599 sus-

43 1618 234 1680 iit-erit
271 1619 318 1665 in
356 1618 518 1678 finem,
558 1619 651 1666 istc
682 1621 774 1666 erit
803 1620 971 1667 salvus.
1033 1620 1226 1684 Ergone
1260 1630 1311 1668 et
1338 1622 1443 1669 finis
1475 1623 1520 1668 in
1554 1636 1668 1670 coe-

40 1688 99 1756 }{0
136 1697 190 1736 et
219 1690 401 1753 passio,
451 1698 499 1736 et
543 1691 722 1737 occisio
756 1699 805 1737 et
835 1691 982 1754 prima
1016 1692 1288 1738 confessio?
1349 1691 1411 1739 Et
1440 1692 1519 1740 ubi
1552 1710 1669 1741 caro

39 1758 255 1808 mnibus
283 1761 390 1807 istis
421 1760 722 1807 necessaria?
758 1760 836 1807 ubi
870 1774 1056 1824 corpus,
1090 1761 1215 1825 quod
1246 1762 1394 1809 solum
1427 1763 1484 1810 ab
1517 1765 1668 1812 homi-

42 1829 176 1878 nibus
213 1830 357 1877 habet
388 1830 576 1878 occidi?
638 1831 766 1877 Haec
800 1830 935 1877 nobis
969 1833 1107 1878 ctiam
1141 1832 1369 1879 ludicrum
1402 1834 1447 1880 in
1480 1833 1668 1881 modum

43 1908 177 1948 certa
205 1901 329 1948 rano
361 1900 610 1958 mandavit,
650 1916 740 1947 nec
771 1901 891 1948 ullus
924 1901 1108 1948 obicem
1143 1905 1532 1967 praescriptionis
1565 1905 1667 1952 isti-

40 1975 94 2019 ts
125 1970 359 2029 extrudet,
409 1980 459 2018 ut
486 1986 578 2018 non
612 1988 793 2019 omnem
827 1972 1036 2019 ordinem
1068 1975 1435 2038 persecutionis,
1483 1991 1666 2023 omnem

41 2042 147 2091 eius
177 2054 372 2089 caussae
404 2041 579 2088 firmam
603 2052 864 2105 paraturam
899 2042 1009 2090 illuc
1041 2045 1303 2093 transferre
1337 2055 1553 2109 cogatur,
1587 2047 1667 2094 ubi

42 2109 332 2160 consessioni
363 2112 514 2159 forum
556 2111 755 2160 dederit.
820 2112 1059 2176 Siquidem
1101 2116 1342 2162 confessio
1382 2133 1406 2163 a
1437 2133 1668 2180 persecu-

16 2181 172 2231 ·iione
219 2181 470 2230 deducitur
514 2192 562 2249 et
597 2185 868 2246 persecutio
906 2185 952 2230 in
995 2185 1298 2233 confessione
1345 2187 1524 2245 finitur,
1574 2203 1668 2235 nec

15 2247 235 2319 zposs'unt
265 2268 358 2300 non
389 2268 479 2300 una
510 2255 668 2318 sequi,
719 2269 837 2318 quae
871 2264 919 2302 et
956 2254 1131 2303 aditum
1163 2266 1212 2303 et
1243 2258 1443 2315 exitum,
1494 2257 1542 2305 id
1576 2267 1663 2316 est,

17 2322 219 2385 initium
266 2324 497 2388 finemque
545 2323 809 2388 disponunt.
873 2325 1022 2373 Porro
1066 2336 1113 2374 et
1153 2326 1306 2375 odium
1347 2330 1548 2376 nominis
1587 2329 1664 2375 hic

15 2394 148 2452 γονὴ,
183 2404 233 2442 et
259 2396 528 2458 persecutio
561 2396 637 2442 hic
670 2397 886 2459 erumpit,
921 2405 970 2442 et
1000 2397 1192 2444 traditio
1224 2399 1299 2446 hic
1331 2398 1574 2461 producit,
1617 2406 1667 2445 et

41 2461 352 2528 interrogatio
383 2466 461 2512 liic
493 2466 753 2529 compellit,
804 2475 851 2512 et
896 2467 1171 2514 carnificina
1215 2468 1291 2514 hic
1332 2467 1566 2526 desaevit,
1617 2478 1667 2515 et

15 2534 184 2582 dotum
216 2535 338 2583 hunc
371 2535 583 2584 ordinem
615 2539 661 2583 in
694 2537 835 2583 terris
867 2537 1106 2583 confessio
1137 2538 1212 2584 vel
1259 2539 1452 2600 negatio
1486 2553 1662 2602 expun-

14 2597 127 2669 fsssss
184 2603 335 2669 Igitur
363 2608 403 2653 sl
436 2616 597 2655 cetera
630 2608 721 2663 hic,
764 2622 851 2653 nec
885 2607 1126 2654 confessio
1159 2604 1296 2666 alibi3
1348 2609 1387 2655 si
1420 2610 1666 2656 confessio<

40 2668 174 2732 aiibi,
223 2692 312 2724 nec
351 2685 513 2725 cetera
552 2678 643 2724 hic.
705 2677 958 2725 Enimvero
999 2690 1091 2724 non
1123 2678 1232 2725 alibi
1267 2687 1452 2737 cetera,
1501 2680 1661 2743 itaque

14 2756 129 2792 mec
161 2746 399 2794 confessio
433 2749 479 2794 in
512 2748 664 2794 coelo.
727 2747 824 2794 Aut
855 2750 895 2794 si
927 2748 1061 2794 aliam
1094 2750 1257 2795 volunt
1290 2764 1395 2796 esse
1428 2751 1662 2797 rationem

38 2812 425 2877 interrogationis
457 2826 506 2864 et
537 2818 851 2864 confessionis
885 2819 1132 2876 coelestis,
1174 2820 1333 2882 utique
1367 2829 1416 2867 ct
1447 2820 1661 2867 ordinem

38 2899 168 2930 suum
201 2882 268 2931 illi
300 2893 482 2934 struere
517 2887 777 2943 debebunt,
825 2888 963 2933 alium
998 2888 1138 2950 longe
1172 2898 1220 2936 et
1250 2889 1306 2936 ab
1339 2892 1446 2938 ista
1458 2891 1660 2954 disposi-

12 2953 167 3018 'tione
210 2953 466 3013 diversum,
516 2973 635 3019 quae
675 2958 918 3019 sciipturis
958 2967 1162 3006 notatur.
1222 2959 1284 3005 Et
1313 2978 1555 3024 possumus
1589 2961 1662 3007 di-

152 3107 192 3156 1)
223 3109 378 3146 Paniel.
412 3114 453 3146 et
485 3112 596 3158 Rig.1
630 3123 819 3149 manus.
