1942 3554
63 93 91 139 f

61 153 78 181 Ἄ
469 187 554 226 DE
583 184 958 224 VIRGINIBUS
988 182 1327 222 VELANDIS.
1573 176 1699 221 2⁰1

51 293 251 453 &iterna
290 310 341 350 et
376 302 567 365 antiqua
606 317 699 348 res.
759 297 983 346 Viderint
1013 313 1153 360 ergo,
1203 296 1365 360 quibus
1403 311 1570 342 novum
1609 302 1696 350 est,

69 376 71 378 ’
101 373 196 422 ιιο(1
225 373 314 422 sibi
341 381 477 420 vetus
508 380 595 419 est.
658 370 912 418 Haereseis
951 385 1044 416 non
1077 377 1170 415 tam
1202 369 1409 425 novitas,
1451 378 1594 430 quant
1614 381 1697 412 ve-.

51 446 184 506 ,fi-itas
219 444 436 493 revincit.
499 441 819 505 Quodcunque
860 438 1085 488 adversus
1128 441 1376 487 veritatem
1415 439 1558 502 sapit,
1605 437 1697 484 hoc

49 517 160 571 ierit
188 515 424 572 haeresis,
470 515 612 562 etiam
649 522 783 562 vetus
823 510 1136 561 consuetudo·
1200 510 1420 558 Ceterum
1459 526 1543 557 suo
1580 509 1696 555 vitio

44 584 170 652 mnis
201 585 311 652 quid
340 587 545 650 ignorat.
610 583 745 644 Quod
777 592 931 631 autem
964 584 1233 647 ignoratur,
1280 583 1368 629 fuit
1407 590 1500 646 ta'm
1540 580 1698 644 requi-

43 651 290 722 grandnm,
360 673 495 722 quam
553 654 876 721 recipiendum
939 654 1063 719 quod
1130 654 1417 718 agnoscitur.
1515 651 1698 715 Regula

0 747 3 789 ξ
42 727 252 794 jquidem
312 724 423 776 fidei
481 745 574 776 una
633 729 820 775 omnino
881 735 976 784 est,
1038 727 1140 773 sola
1192 724 1439 772 immobilis
1485 732 1533 771 et
1577 724 1697 771 irre-

0 802 13 822 Τ
43 799 353 858 formabilis,
415 798 642 862 credend!
695 798 881 845 scilicet
932 799 979 844 in
1038 799 1225 844 unicum
1286 794 1422 843 deum
1484 796 1695 858 omnipo-

35 867 262 929 ¹flentem,
323 869 481 918 mundi
541 867 859 925 conditorem,
921 877 969 916 et
1027 869 1168 914 filium
1217 868 1316 915 eius
1361 866 1512 913 Iesum
1560 865 1696 912 Chri-

34 935 47 1007 l*
61 950 204 1000 stum,
250 950 407 989 natum
439 941 710 1004 exvirgine
748 940 924 997 Maria,
973 938 1246 987 crucifixum
1286 938 1369 986 sub
1410 937 1578 984 Pontio
1617 936 1695 984 Pi-

30 1001 176 1074 ξῙειῑο,
206 1014 350 1061 tertia
380 1011 459 1060 die
495 1012 824 1060 resuscitatum
856 1028 884 1058 a
914 1012 1132 1067 mortuiS,
1172 1019 1415 1074 receptum
1448 1010 1495 1055 in
1529 1008 1693 1066 coelis,

28 1093 45 1133 ᾳ,
61 1083 307 1133 sedentem
337 1100 459 1131 nunc
498 1083 558 1131 ad
589 1082 833 1130 dexteram
872 1084 1042 1146 patris,
1090 1090 1334 1129 venturum
1374 1079 1586 1127 iudicare
1625 1081 1696 1127 vi-

59 1172 146 1204 vos
176 1164 226 1203 et
254 1164 464 1204 mortuos
495 1171 583 1219 per
614 1155 770 1201 carnis
802 1155 943 1202 etiam
975 1154 1390 1200 resurrectionem.
1455 1151 1554 1198 Hac
1586 1152 1693 1214 lege

62 1225 175 1274 fidei
204 1235 440 1284 manente,
474 1235 639 1274 cetera
670 1226 760 1272 iam
794 1223 1074 1288 disciplinae
1117 1233 1165 1271 et
1205 1223 1579 1270 conversationis
1610 1222 1694 1269 ad-

62 1299 251 1345 mittunt
289 1299 544 1346 novitatem
586 1297 922 1353 correctionis,
965 1303 1192 1360 operante
1232 1291 1420 1341 scilicet
1464 1302 1513 1341 et
1550 1294 1694 1358 profi-

63 1370 221 1417 ciente
252 1385 398 1433 usque
431 1370 478 1416 in
510 1369 647 1415 finem
679 1369 834 1431 gratia
873 1366 964 1414 dei.
1030 1365 1175 1425 Quale
1217 1374 1290 1412 cst
1320 1367 1466 1422 enim,
1512 1373 1563 1411 ut
1594 1364 1695 1412 dia-

59 1438 172 1487 bolo
213 1456 400 1504 semper
437 1448 664 1504 operante
710 1447 759 1487 et
803 1437 1058 1486 adiiciente
1092 1435 1299 1502 quotidie
1339 1436 1398 1483 ad
1436 1437 1695 1500 iniquitatis

15 1523 35 1561 it
59 1511 252 1574 ingenia
298 1527 413 1575 opus
460 1510 537 1559 dei
583 1519 664 1558 aut
709 1510 968 1558 cessaverit
1020 1518 1100 1555 aut
1144 1509 1380 1573 proficere
1429 1506 1695 1555 destiterit?

12 1567 39 1638 is
62 1581 178 1631 Cum
221 1591 479 1646 propterea
524 1581 813 1646 paracletum
845 1580 1025 1627 miserit
1071 1579 1306 1637 dominus,
1353 1587 1426 1636 ut,
1475 1580 1692 1643 quoniam

27 1651 31 1662 ⁷
60 1652 262 1700 humana
291 1653 594 1701 mediocritas
627 1653 781 1700 omnia
812 1651 958 1700 semel
991 1666 1163 1716 capere
1196 1668 1289 1698 non
1321 1659 1531 1714 poterat,
1578 1667 1694 1715 pau-

22 1765 26 1783 2
59 1724 190 1773 latim
221 1723 509 1788 dirigeretur
546 1734 596 1771 et
634 1723 936 1771 ordinaretur
981 1731 1031 1770 et
1060 1722 1119 1770 ad
1158 1723 1420 1786 perfectum
1458 1721 1693 1787 perduce—

24 1830 29 1860 3
59 1803 193 1842 retur
221 1794 470 1859 disciplina
511 1795 568 1842 ab
610 1795 691 1842 illo
724 1795 903 1842 vicario
936 1792 1129 1852 domini,
1163 1795 1330 1858 spiritu
1362 1803 1543 1842 sancto.
1588 1791 1692 1840 Ad-

0 1863 23 1945 ξ
59 1865 168 1923 huc,
201 1867 372 1930 inquit,
406 1866 550 1913 multa
578 1866 732 1914 habeo
765 1866 894 1930 loqui
921 1866 1080 1924 vobis,
1127 1863 1211 1912 sed
1251 1863 1452 1915 nondum
1492 1866 1691 1931 potestis

0 1962 8 2011 f
61 1953 121 1984 ea
149 1936 387 1996 baiulare3
421 1953 524 1984 cum
554 1938 741 1985 venerit
769 1938 851 1984 ille
883 1937 1074 2000 spiritus
1104 1937 1335 1996 veritatis,
1369 1937 1576 1986 deducet
1603 1955 1689 1987 vos

61 2009 108 2054 in
142 2024 324 2056 omnem
361 2009 608 2057 veritatem
647 2017 695 2056 et
731 2008 1112 2074 supervenientia
1148 2010 1438 2058 renuntiabit
1473 2010 1688 2070 vobis1).

61 2076 160 2126 Sed
204 2087 255 2127 et
297 2096 436 2144 supra
483 2078 542 2127 dc
586 2081 679 2129 hoc
726 2081 826 2132 eius
871 2098 1015 2146 opere
1053 2082 1386 2146 pronuntiavit,
1450 2081 1578 2140 Quae
1618 2091 1691 2129 est

0 2127 13 2199 l
61 2165 179 2214 ergo
210 2151 442 2215 paracleti
471 2149 839 2211 administratio,
878 2154 968 2200 nisi
998 2153 1142 2211 haec,
1184 2150 1307 2217 quod
1340 2151 1587 2217 disciplina
1619 2151 1690 2199 di-

0 2220 2 2224 ’
59 2214 253 2290 rfftur,
295 2222 420 2287 quod
450 2226 713 2289 scripturae
752 2224 1044 2282 revelantur,
1079 2223 1203 2288 quod
1233 2224 1502 2272 intellectus
1534 2223 1689 2271 refor-

60 2301 234 2351 matur,
282 2293 407 2358 quod
445 2293 506 2342 ad
543 2296 743 2343 meliora
779 2296 1057 2361 proficitur?
1114 2288 1378 2344 Nihilsine
1409 2304 1565 2343 aetate
1599 2304 1686 2354 est,

60 2364 218 2413 omnia
259 2373 441 2429 tempus
480 2375 773 2431 exspectant.
841 2365 1056 2431 Denique
1096 2366 1441 2423 Ecclesiastes,
1488 2376 1686 2431 tempus,

14 2433 25 2477 ἶ
59 2435 224 2498 inquit,
264 2436 389 2483 omni
425 2437 576 2499 rei2).
643 2435 820 2501 Aspice
866 2438 1012 2501 ipsam
1060 2445 1322 2484 creaturam
1361 2437 1582 2501 paulatim
1628 2436 1688 2484 ad

59 2505 262 2553 fructum
292 2509 578 2570 promoveri.
642 2506 846 2555 Granum
878 2517 950 2554 est
980 2508 1146 2571 primo,
1180 2516 1229 2554 et
1259 2506 1317 2554 de
1349 2523 1497 2570 grano
1529 2508 1687 2557 frutex

10 2587 26 2640 JJ
59 2576 227 2634 oritur,
260 2584 310 2623 et
339 2575 398 2624 de
428 2577 600 2626 frutice
632 2577 883 2625 arbuscula
913 2579 1129 2636 enititur,
1164 2575 1333 2625 deinde
1351 2579 1468 2625 rami
1492 2587 1541 2625 et
1556 2578 1688 2627 fron-

60 2643 149 2694 des
178 2647 493 2707 invalescunt,
541 2657 590 2702 et
619 2657 767 2696 totum
804 2648 988 2696 arboris
1019 2663 1190 2695 nomen
1227 2647 1531 2712 expanditur,
1576 2650 1685 2699 inde

14 2743 18 2780 j
59 2718 286 2780 germinis
315 2726 470 2767 tumor
499 2728 549 2767 et
577 2720 664 2766 flos
695 2718 753 2766 de
786 2721 996 2782 germine
1028 2719 1239 2777 solvitur,
1272 2727 1321 2766 et
1351 2719 1409 2767 de
1440 2721 1557 2768 flore
1588 2722 1686 2769 fru-

59 2795 165 2836 ctus
195 2789 429 2854 aperitur;
469 2791 509 2838 is
541 2806 724 2854 quoque
755 2789 883 2837 rudis
913 2789 1196 2854 aliquamdiu
1227 2798 1276 2837 et
1306 2792 1539 2848 informis,
1571 2809 1686 2856 pau—

60 2857 191 2907 latim
235 2868 440 2908 aetatem
485 2877 613 2909 suam
659 2860 891 2924 dirigens,
939 2860 1152 2910 eruditur
1194 2863 1241 2909 in
1286 2861 1684 2912 mansuetudinem

59 2930 260 2994 saporis.
323 2928 405 2980 Sic
436 2941 486 2980 et
514 2933 692 2982 iustitia
724 2935 849 2992 (nam
880 2930 1004 2980 idem
1035 2931 1150 2980 deus
1180 2934 1386 2982 iustitiae
1411 2943 1468 2998 ,et
1498 2944 1684 2983 creatu-

24 3068 26 3073 ι
60 3004 166 3060 rae)
205 3001 356 3066 primo
395 3003 486 3051 fuit
522 3004 571 3051 in
608 3002 907 3062 rudimentis,
948 3011 1113 3052 natura
1152 3002 1289 3053 deum
1320 3013 1554 3066 metuensg
1601 3004 1684 3053 de-

175 3155 222 3208 1)
239 3159 328 3198 Ion.
348 3160 414 3212 16,
431 3162 498 3200 12.
618 3161 662 3212 2)
677 3161 845 3201 Ecclen.
863 3163 902 3212 3,
922 3163 987 3200 17.
