1942 3554
369 159 452 198 DE
493 158 704 198 CULTU
739 157 1128 197 FEMINARUM
1171 157 1286 196 LIB.
1315 158 1348 197 Ι.
1600 154 1683 198 79

71 355 149 392 'sse
182 342 369 390 nescis?
425 342 557 390 Vivit
586 343 823 390 sententia
854 341 932 390 dei
963 358 1106 406 super
1135 358 1298 389 sexum
1329 342 1482 398 istum,
1515 342 1561 388 in
1586 341 1680 390 hoc

100 414 232 471 eulog
278 414 405 460 vivat
443 421 492 460 et
528 422 688 460 reatus
728 428 926 460 necesse
966 422 1053 460 est.
1113 411 1184 458 Tu
1222 428 1273 459 es
1312 411 1490 460 diaboli
1523 413 1678 472 ianua,

39 471 92 547 [flu
123 499 174 531 es
205 482 391 530 arboris
422 483 546 530 illius
577 485 888 546 resignatrix,
936 491 986 530 tu
1031 499 1082 530 es
1129 481 1315 530 divinae
1363 483 1484 546 legis
1527 484 1680 547 prima

41 551 302 610 desertrix,
351 562 399 600 tu
430 569 482 600 es
514 569 633 616 quae
666 570 770 601 eum
802 554 1099 616 persuasisti,
1149 569 1284 615 quem
1332 552 1548 602 diabolus
1594 571 1679 618 ag-

0 620 178 689 M'ssredi
215 639 310 670 non
347 624 516 681 valuit3
564 632 613 670 tu
652 625 903 686 imaginem
941 621 1043 680 dei,
1089 622 1347 682 hominem,
1396 633 1489 671 tam
1534 626 1678 674 facile

25 691 230 753 ·elisisti3
262 702 461 757 propter
491 702 616 740 tuum
649 695 887 750 meritum,
920 691 970 740 id
1013 699 1086 740 est
1114 701 1335 751 mortem,
1384 696 1524 741 etiam
1557 696 1679 744 filius

24 762 118 813 dei
142 765 262 812 mori
286 764 462 812 habuit.
503 762 565 810 Et
579 763 802 814 adornari
827 763 912 810 tibi
935 764 983 810 in
1006 771 1162 810 mente
1189 772 1262 810 est
1285 780 1427 826 super
1448 766 1677 827 pelliceas

36 842 142 899 tuas
173 836 388 882 tunicas?
441 832 550 896 Age
582 850 727 891 nunc,
761 835 801 880 si
832 833 891 881 ab
913 833 1056 893 vinitio
1086 829 1245 880 rerum
1278 843 1326 881 et
1356 833 1530 881 Milesii
1564 853 1677 884 oves

36 903 313 962 tonderent,
346 912 396 952 et
425 902 571 952 Seres
603 904 801 951 arbores
832 911 1024 960 nerent,
1057 911 1108 951 et
1136 903 1268 968 Tyrii
1303 905 1594 967 tinguerent,
1629 916 1678 954 et

35 962 256 1039 Phryges
285 975 551 1033 insuerent,
585 983 638 1022 et
663 973 917 1040 Babylonii
955 974 1250 1032 intexerent,
1299 984 1348 1022 et
1387 978 1674 1039 margaritae

38 1045 326 1102 canderent,
358 1052 408 1094 et
437 1046 664 1094 ceraunia
695 1054 1019 1094 coruscarent.
1087 1044 1138 1091 Si
1184 1047 1330 1108 ipsum
1372 1057 1675 1110 quoque”au-

29 1124 135 1169 ‘rum
166 1118 258 1164 iam
289 1114 349 1164 de
379 1123 513 1164 terra
542 1132 647 1164 cum
679 1114 939 1183 cupiditate
970 1115 1231 1180 prodisset,
1280 1118 1318 1163 si
1358 1118 1448 1163 iam
1488 1126 1537 1165 et
1568 1134 1675 1182 spe-

34 1187 355 1234 culo-tantum
392 1187 581 1235 mentiri
618 1186 810 1245 liceret,
859 1194 909 1233 et
952 1186 1072 1234 haec
1118 1186 1219 1233 Eva
1265 1187 1569 1250 concupisset
1615 1188 1673 1236 de

33 1255 256 1321 paradiso
289 1258 506 1321 expulsa,
538 1257 631 1304 iam
661 1265 869 1314 mortua,
905 1258 1089 1320 opinor.
1151 1256 1282 1318 Ergo
1315 1273 1404 1304 nec
1437 1274 1558 1321 nunc
1591 1276 1674 1322 ap-

32 1336 201 1392 petere
233 1327 399 1386 debet,
432 1336 513 1375 aut
542 1343 705 1386 nosse,
739 1328 778 1375 si
810 1329 940 1391 eupit
970 1327 1282 1384 reviviscere,
1317 1343 1435 1391 quae
1469 1343 1558 1375 nec
1590 1329 1674 1376 ha*

32 1396 203 1447 buci-at
225 1414 315 1451 nee
340 1406 561 1455 noverat,
596 1397 781 1461 quando
797 1398 1002 1446 vivebat.
1050 1396 1166 1446 Ideo
1194 1398 1349 1445 omnia
1373 1399 1464 1445 ista
1481 1397 1673 1447 damna-

32 1474 192 1516 tae-et
223 1477 437 1516 mortuae
469 1468 677 1516 mulieris
709 1467 1046 1532 impedimenta
1076 1476 1205 1526 sunt,
1254 1470 1387 1532 quasi
1431 1468 1493 1517 ad
1537 1486 1669 1534 pom-

31 1536 137 1603 Pam
167 1539 346 1586 funeris
379 1539 651 1588 constituta.

174 1614 222 1660 2.
284 1607 408 1657 Nam
438 1617 490 1657 et
516 1609 587 1657 illi
617 1610 696 1674 qui
727 1624 786 1658 66
815 1609 1187 1666 constituerunt,
1236 1606 1444 1656 damnati
1475 1610 1522 1656 in
1553 1624 1671 1674 poe-

26 1682 138 1746 nam
169 1680 334 1727 mortis
365 1678 671 1744 deputantur,
718 1679 788 1727 illi
819 1679 1009 1727 scilicet
1045 1679 1293 1742 angeli2),
1341 1681 1419 1743 qui
1457 1679 1518 1727 ad
1550 1682 1670 1728 filias

27 1747 268 1798 hominum
301 1748 360 1797 de
393 1750 532 1799 coelo
564 1758 784 1808 ruerunt,
829 1758 882 1796 ut
918 1750 1038 1796 haec
1079 1766 1264 1812 quoque
1303 1751 1562 1812 ignominia
1599 1752 1670 1799 fe-

25 1820 184 1867 minae
216 1819 434 1886 accedat.
496 1819 617 1867 Nam
651 1837 755 1867 cum
787 1828 835 1867 et
858 1821 1080 1866 materias
1106 1819 1329 1882 quasdam
1359 1820 1482 1867 bene
1508 1822 1670 1870 occul-

29 1897 104 1938 tas
133 1899 183 1937 et
212 1899 341 1937 artes
371 1888 621 1952 plerasque
654 1907 748 1936 non
778 1889 902 1936 bene
934 1890 1171 1935 revelatas
1202 1890 1366 1936 seculo
1399 1891 1545 1937 multo
1571 1908 1668 1938 ma-

28 1960 104 2022 gis
149 1961 370 2022 imperito
415 1958 759 2024 prodidissent,
806 1957 1036 2021 siquidem
1083 1967 1133 2005 et
1176 1959 1471 2006 metallorum
1521 1977 1669 2024 opera

30 2028 327 2076 nudaverant
365 2036 414 2076 et
451 2028 703 2076 herbarum
740 2029 938 2091 ingenia
962 2027 1273 2076 traduxerant
1303 2038 1353 2076 et
1383 2031 1668 2079 incantatio-

30 2115 139 2146 num
169 2100 296 2147 vires
326 2099 724 2163 provulgaverant
767 2107 818 2164 et
855 2114 1038 2145 omnem
1072 2100 1396 2147 curiositatem
1430 2117 1573 2165 usque
1607 2102 1669 2150 ad

30 2169 271 2217 stellarum
302 2170 745 2232 interpretationem
773 2166 1163 2231 designaverant,
1211 2172 1407 2233 proprie
1448 2180 1497 2218 et
1535 2175 1669 2235 quasi

19 2239 341 2306 ‘peculiariter
383 2240 570 2287 feminis
615 2241 971 2288 instrumentum
1016 2239 1140 2287 istud
1186 2241 1426 2288 muliebris
1480 2242 1667 2304 gloriae

28 2311 355 2368 contulerunt,
388 2311 561 2358 lumina
591 2310 881 2374 lapillorum,
915 2310 1081 2374 quihus
1112 2312 1303 2359 monilia
1326 2313 1584 2371 variantur,
1619 2323 1669 2361 et

28 2380 239 2429 circulos
270 2397 331 2428 ex
361 2397 502 2439 auro,
536 2381 701 2445 quibus
725 2380 923 2428 brachia
956 2389 1215 2438 arctantur,
1249 2390 1298 2428 et
1322 2381 1667 2430 medicamenta

25 2463 95 2499 ex·
121 2451 257 2509 fuco,
306 2451 470 2515 quibus
502 2452 639 2498 lanae
672 2451 970 2508 colorantur,
1018 2460 1068 2498 et
1111 2452 1239 2498 illum
1286 2453 1436 2514 ipsum
1482 2453 1666 2514 nigrum

21 2519 295 2588 '‘pulverem,
351 2537 441 2584 quo
496 2522 739 2569 oculorum
793 2519 993 2568 exordia
1008 2521 1055 2579 3)
1109 2520 1448 2584 producuntur.
1533 2522 1665 2571 Haec

32 2591 191 2656 qualia
220 2592 335 2650 sint,
382 2593 569 2639 interim
615 2593 706 2638 iam
752 2607 814 2638 ex
858 2589 1106 2637 doctorum
1138 2607 1326 2639 suorum
1359 2591 1584 2653 qualitate
1617 2602 1667 2640 et

22 2659 305 2726 ,scanditione
346 2663 642 2725 pronuntiari
679 2669 859 2724 potest,
908 2659 1032 2724 quod
1077 2660 1191 2707 nihil
1238 2660 1298 2707 ad
1342 2662 1665 2724 integritatem

87 2730 338 2789 enatares,
371 2733 486 2780 nihil
517 2730 577 2780 ad
611 2732 878 2778 castitatem
909 2729 1232 2788 adamatores,
1280 2731 1395 2777 nihil
1434 2728 1500 2779 ad
1526 2734 1665 2779 timo-

18 2745 133 2864 ’ἔξω
179 2800 258 2849 dei
303 2801 578 2851 desertores
623 2801 813 2864 spiritus
859 2809 940 2848 aut
984 2809 1247 2848 monstrare
1293 2810 1548 2865 potuerunt
1585 2812 1667 2851 aut

11 319 16 322 .
42 275 174 468 Eum
206 273 455 320 conversio
489 281 589 331 tua,
623 280 673 319 et
702 272 781 319 ille
814 270 1131 319 dominabitur
1160 271 1226 317 tui
1246 271 1308 331 1).
1364 270 1427 318 Et
1454 267 1600 318 Evam
1633 280 1680 320 te

147 2927 193 2976 1)
222 2927 326 2965 Gen.
362 2930 409 2975 3,
442 2929 510 2966 16.
534 2949 592 2956 -
619 2927 684 2966 Al.
715 2928 880 2976 paris,
925 2928 1140 2976 mulier,
1165 2950 1222 2956 —
1246 2929 1549 2968 dominatur
1573 2931 1664 2969 tui.

14 3016 19 3019 ,
57 2979 81 3039 )
113 2983 180 3035 ,,Ε
209 2983 319 3021 libro
350 2983 542 3021 Henochi
572 2983 678 3021 haec
711 2984 905 3022 desumta
928 2985 1072 3022 sunt.“
1118 2986 1292 3024 Semler.
1411 2987 1455 3036 3)
1486 2987 1554 3025 Fr.
1573 2989 1665 3025 Iun.

12 3039 142 3079 Puni.
175 3039 363 3086 quibus
395 3051 561 3090 genae
592 3040 905 3080 colorantur
933 3063 989 3072 —
1020 3053 1119 3089 quo
1158 3042 1435 3096 oculorum
1474 3045 1664 3083 exodia

14 3070 172 3143 iturea.
