1942 3554
531 211 614 250 An
646 211 922 251 UXOREM
966 212 1161 253 12113.11·.
1589 206 1667 259 25

24 327 124 386 §ita
150 333 312 374 vestra
340 332 448 374 sunt
477 324 780 389 quotidianae
814 325 1189 373 conversationis
1213 324 1433 389 insignia.
1481 326 1668 386 Quanto

27 397 275 446 'curaveris
306 412 364 445 ea
397 396 664 453 occultare,
712 404 844 443 tanto
890 397 1188 460 suspectiora
1225 397 1402 445 feceris
1440 406 1490 444 et
1518 399 1670 461 magis

29 465 306 525 cavendam
339 466 507 530 gentili
539 467 817 513 curiositati.
879 465 1136 514 Latebisne
1168 475 1241 525 tu,
1292 483 1395 514 eum
1427 468 1668 527 lectulum,

29 551 138 584 cum
169 537 498 599 corpusculum
529 544 655 582 tuum
686 537 867 598 signas,
903 553 1005 583 cum
1037 536 1214 601 aliquid
1245 537 1528 585 immundum
1558 540 1673 587 flatu

29 607 222 670 exspuis
237 607 310 665 2),
345 621 447 653 eum
481 606 622 652 etiam
653 622 741 669 per
771 615 960 653 noctem
992 609 1209 670 exsurgis
1242 617 1448 666 oratum,
1496 618 1546 656 et
1576 626 1671 656 non

28 677 216 742 magiae
237 675 424 739 aliquid
452 674 692 722 videberis
725 678 947 738 operari?
1004 677 1117 723 Non
1148 679 1271 725 sciet
1300 680 1512 737 maritus,
1561 679 1674 744 quid

32 754 224 796 necreto
256 754 365 793 ante
400 761 583 792 omnem
618 746 771 792 cibum
812 749 1006 808 gustes?
1064 755 1114 793 et
1158 748 1198 794 si
1243 749 1441 796 sciverit
1484 766 1673 814 panem,

34 832 130 865 non
160 816 288 863 illum
321 815 476 864 credit
507 823 613 863 esse
647 817 724 878 qui
756 815 944 863 dicitur.
1020 815 1084 863 Et
1126 817 1248 865 haec
1279 818 1506 881 ignorans
1546 822 1674 883 quis-

35 901 126 952 que
157 887 390 945 rationem
421 884 702 950 simpliciter
725 887 1009 934 sustinebit?
1067 888 1169 934 sine
1214 891 1416 951 gemitu,
1465 891 1566 937 sine
1599 906 1677 937 su-

19 957 248 1022 ,ρρίοὶοιιθ
279 957 414 1020 panis
446 972 505 1003 an
535 958 739 1004 veneni?
799 954 1046 1005 Sustinent
1077 957 1288 1022 quidem,
1322 958 1409 1007 sed
1439 968 1495 1007 ut
1524 961 1678 1008 incul—

20 1035 168 1085 =eent‚
201 1035 252 1085 ut
280 1025 479 1074 illudant
510 1026 774 1075 huiusmodi
804 1028 1013 1086 feminis,
1048 1044 1242 1092 quarum
1273 1046 1452 1078 arcana
1476 1031 1524 1077 in
1547 1032 1678 1095 peri-

34 1097 190 1147 eulum
208 1096 332 1161 quod
350 1096 551 1144 credunt
566 1107 779 1156 servent,
805 1100 845 1146 si
868 1100 993 1147 forte
1012 1099 1297 1147 laedantur‘
1284 1102 1397 1165 ipsi,
1431 1103 1680 1159 sustinent,

21 1183 231 1250 ‚quarum
261 1161 399 1215 dotes
438 1168 710 1216 obiectione
758 1171 1020 1231 nominisss)
1068 1169 1341 1218 mercedem
1388 1172 1564 1219 silentii
1609 1172 1681 1218 fa-

38 1239 190 1295 ciant,
223 1239 411 1285 seilicet
441 1239 564 1302 apud
596 1239 822 1287 arbitrum
853 1241 1203 1304 speculatorem
1234 1242 1480 1304 litigaturi.
1545 1240 1683 1300 Quod

37 1309 295 1374 pleraeque
327 1325 420 1356 non
452 1309 756 1358 orovidentes
788 1319 869 1358 aut
891 1327 943 1374 re
971 1313 1247 1359 excruciata
1271 1322 1352 1359 aut
1375 1311 1468 1360 fide
1493 1311 1684 1377 perdita

39 1387 347 1441 recesserunt
359 1382 424 1440 4).

183 1453 231 1501 6.
291 1449 507 1496 Moratur
551 1449 628 1497 dei
667 1450 842 1498 ancilla
881 1468 984 1498 cum
1023 1452 1198 1498 laribus
1230 1453 1411 1511 alienis,
1481 1462 1532 1500 et
1561 1454 1688 1501 inter

0 1525 1 1529 ’
26 1519 149 1573 ιίΙΙοε
179 1520 392 1567 omnibus
423 1520 680 1568 honoribus
713 1520 991 1568 daemonum
1009 1522 1079 1581 ⁵),
1129 1522 1341 1571 omnibus
1381 1524 1687 1571 sollemnibus

27 1605 229 1653 regum,
276 1591 532 1654 incipiente
578 1608 725 1649 anno,
771 1592 1030 1655 incipiente
1077 1607 1261 1650 mense,
1318 1593 1486 1640 nidore
1533 1594 1687 1641 thuris

27 1661 314 1725 agitabitur.
375 1660 438 1707 Et
467 1662 701 1725 procedet
732 1662 790 1709 de
822 1664 962 1710 ianua
995 1664 1207 1710 laureata
1238 1672 1287 1710 et
1318 1665 1589 1722 lucernata,
1638 1673 1691 1711 ut

29 1730 105 1780 vde
137 1748 261 1782 novo
294 1732 578 1779 consistorio
611 1732 854 1780 libidinum
902 1734 1221 1797 publicarum3
1270 1733 1536 1783 discumbet
1583 1751 1691 1782 cum

45 1803 216 1853 mito
247 1803 295 1849 in
327 1801 581 1860 sodalitiis,
629 1819 772 1867 saepe
804 1805 850 1849 in
890 1805 1100 1867 popinis,
1150 1813 1199 1851 et
1243 1806 1527 1852 ministrabit
1571 1821 1690 1851 non-

46 1888 280 1937 nunquam
310 1873 504 1938 iniquis,
536 1875 677 1922 solita
709 1873 941 1937 quondam
973 1876 1150 1921 sanctis
1182 1875 1474 1933 ministrare3
1516 1884 1565 1922 et
1595 1891 1690 1921 non

47 1943 159 1993 hinc
189 1943 532 2007 praeiudicium
572 1944 885 1991 damnationis
931 1961 1043 1992 suae
1091 1954 1346 2007 agnoscet,
1394 1961 1478 1992 eos
1526 1945 1693 1992 obser-

46 2029 186 2071 vans,
221 2029 338 2077 quos
368 2022 474 2063 erat
502 2013 803 2062 iudicatura?
862 2014 1005 2062 Cuius
1036 2031 1220 2062 manum
1252 2015 1573 2063 desiderabit?
1633 2014 1693 2063 de

52 2085 184 2133 cuius
214 2086 388 2147 poculo
420 2085 756 2150 participabit?
817 2084 938 2143 Quid
970 2088 1164 2133 maritus
1196 2103 1306 2133 suus
1338 2087 1431 2143 illi,
1476 2087 1554 2134 vel
1592 2102 1693 2132 ma-

50 2157 146 2204 rito
193 2152 302 2218 quid
347 2157 429 2204 illa
475 2157 716 2203 cantabit?
789 2154 968 2202 Audiat
1013 2172 1151 2214 sane,
1206 2155 1368 2204 audiat
1413 2155 1590 2220 aliquid
1631 2155 1693 2203 de

53 2242 221 2283 scena,
255 2224 314 2273 de
344 2228 566 2284 taberna,
600 2226 659 2274 de
692 2242 867 2290 ganea3
902 2243 1021 2291 quae
1048 2226 1125 2274 dei
1150 2228 1358 2275 mentio?
1404 2243 1522 2290 quae
1556 2227 1694 2274 Chri-

52 2298 122 2346 sti
144 2297 418 2346 invocatio?
476 2298 566 2346 Ubi
610 2299 821 2346 fomenta
867 2297 977 2345 fidei
1023 2297 1082 2345 de
1130 2299 1468 2362 scripturarum
1500 2298 1696 2344 interle-

55 2369 248 2419 ctione?
304 2370 384 2417 ubi
430 2370 619 2434 spiritus
656 2370 998 2451 refrigerium?
1055 2369 1135 2416 ubi
1189 2368 1346 2416 divina
1390 2367 1698 2415 benedictio?

55 2438 215 2487 bmnia
244 2448 495 2498 extranea,
544 2439 701 2487 omnia
731 2440 943 2496 inimica,
987 2440 1144 2488 omnia
1189 2438 1431 2495 damnata,
1474 2437 1697 2484 adteren-

56 2503 150 2560 {ae
166 2510 213 2570 6)
247 2500 386 2559 saluti
415 2528 444 2558 a
474 2511 596 2558 malo
628 2511 848 2558 immissa.

63 2591 67 2593 “
200 2583 250 2631 7
312 2581 443 2630 Haec
475 2583 514 2629 si
544 2582 636 2629 illis
668 2596 852 2644 quoque
885 2579 1313 2642 evenirepossint,
1362 2593 1480 2641 quae
1519 2578 1566 2622 in
1598 2592 1696 2622 ma-

59 2651 282 2702 arimonio
315 2653 504 2718 gentilis
534 2651 674 2742 fidem
713 2650 914 2713 adeptae
953 2658 1218 2706 morantur,
1264 2657 1422 2695 tamen
1468 2663 1698 2694 excusan-

179 2821 226 2874 1)
250 2823 340 2872 mg.
365 2822 638 2871 captanda.
758 2821 802 2869 2)
828 2820 919 2868 Rig.
945 2819 1134 2857 flantis
1159 2817 1421 2866 explodis.
1536 2816 1582 2865 3)
1606 2815 1699 2864 Rig.

108 2882 348 2919 untinent
378 2879 606 2926 quidam,
636 2897 694 2905 -
722 2879 1020 2925 reservent,
1054 2875 1099 2913 si
1129 2876 1158 2914 f.
1183 2874 1480 2912 laedantur.
1526 2872 1700 2911 Susti-

61 2776 215 2987 gent,
247 2947 323 2983 qu.
354 2935 391 2971 d.
423 2932 760 2973 subiectione
797 2932 1025 2971 nomini·
1057 2928 1391 2980 etc-4)1ta
1416 2929 1509 2968 cod.
1527 2930 1698 2967 Wouw.

148 3005 179 3032 ,ι
224 3001 618 3039 recognoscere
664 2991 1017 3036 consuerunt3
1078 2987 1234 3026 ceteri:
1295 2987 1700 3025 recensuerunt.

126 3050 228 3098 mg.
276 3059 386 3087 eum
430 3047 703 3086 laboribus
742 3046 940 3084 alienis
969 3067 1027 3075 —
1064 3055 1193 3084 omn.
1233 3043 1534 3082 nominibus
1572 3043 1702 3079 dae-

155 3117 285 3200 ιιιιιᾶι.
402 3102 448 3156 6)
466 3104 598 3142 Rhen.
630 3102 996 3152 ahten-entiae,
1029 3102 1083 3141 al.
1116 3100 1489 3150 auterrendae,
1523 3099 1577 3137 al.
1609 3099 1701 3135 ab·

101 3172 228 3202 enen
272 3173 341 3200 ae.
