1942 3554
1099 15 1108 19 d
1130 31 1136 55 ι

388 126 476 165 DE
505 124 973 163 TESTIMONIO
1011 123 1305 163 ANIMAE.
1522 122 1631 174 185

5 271 237 334 wantum
260 266 338 314 illa
370 274 417 313 te
451 266 587 324 facit;
622 266 754 313 cuius
796 280 846 312 es
878 274 1025 324 totus,
1067 282 1185 330 quae
1218 265 1302 314 tibi
1335 267 1488 313 omnia
1527 274 1629 326 est,

0 339 111 387 siue
151 354 244 402 qua
281 353 371 385 nec
409 337 572 384 vivere
610 344 748 400 potes
780 352 868 384 nec
908 337 1052 395 mori;
1094 345 1291 400 propter
1328 353 1462 400 quam
1495 334 1629 384 deum

19 409 227 474 iegligis.
304 406 419 454 Cum
458 407 580 453 enim
618 407 757 454 times
796 407 900 454 fieri
941 406 1231 455 Christianus
1270 422 1372 454 eam
1405 409 1630 455 conveni:

19 496 93 528 mr
130 479 270 527 alium
310 478 496 535 colens,
531 476 665 524 deum
706 478 942 524 nominat?
980 494 1086 536 cur,
1134 493 1237 525 cum
1278 477 1630 526 maledicendos

8 551 199 615 apii-itus
228 547 444 606 denotat,
478 546 723 594 daemonia
752 548 1054 610 pronuntiat?
1093 564 1178 595 cur
1207 548 1266 596 ad
1299 549 1482 595 coelum
1515 565 1630 596 con-

18 629 229 678 estatur,
269 627 318 666 et
361 617 420 665 ad
466 626 638 665 terram
687 615 978 665 detestatur?
1018 634 1104 664 cur
1148 618 1260 665 alibi
1306 620 1476 676 servit,
1516 620 1630 667 alibi

14 689 240 738 sindicem
273 689 524 736 convenit?
561 703 646 734 cur
677 686 735 734 de
767 689 962 734 mortuis
1002 687 1208 735 iudicat?
1248 704 1332 736 cur
1370 689 1514 736 verba
1545 691 1630 737 ha-

1 769 86 809 uet
116 759 510 816 Christianorum,
545 774 661 822 quos
691 773 780 806 nec
813 757 1000 805 auditos
1024 759 1243 822 visosque
1275 759 1403 806 vult?
1437 775 1520 806 cur
1550 770 1629 808 aut

12 825 140 879 «iobis
170 827 302 877 dedit
331 845 388 877 ea
418 827 585 886 verba,
618 837 700 875 aut
730 830 918 892 accepit
948 845 975 876 a
1007 828 1174 877 nobis?
1213 845 1298 876 cur
1329 839 1410 876 aut
1448 828 1625 889 docuit,

11 899 318 958 antdidicit?
356 897 633 964 Suspectam
673 898 795 946 habe
835 900 1219 947 convenientiam
1258 899 1628 964 praedicationis

0 989 50 1021 ,tn
81 980 207 1019 tanta
238 969 647 1018 disconvenientia
679 971 1070 1018 conversationis.
1146 971 1308 1019 Vanus
1341 987 1415 1029 es,
1449 974 1487 1019 si
1519 973 1627 1020 huic

0 1043 191 1107 ,inguae
214 1041 304 1090 soli
328 1049 409 1088 aut
431 1056 659 1104 graecae,
694 1056 812 1105 quae
835 1042 1127 1105 propinquae
1154 1042 1279 1089 inter
1302 1059 1353 1089 se
1378 1043 1625 1101 habentur,

6 1111 243 1178 reputabis
274 1110 526 1169 eiusmodi,
559 1121 611 1159 ut
641 1127 790 1175 neges
831 1120 1028 1159 naturae
1068 1113 1440 1162 universitatem.
1516 1113 1627 1161 Non

14 1183 184 1232 Latinis
215 1198 305 1230 nec
334 1179 530 1245 Argivis
568 1182 681 1230 solis
712 1182 864 1229 anima
903 1181 962 1230 de
1003 1182 1141 1229 coelo
1183 1182 1323 1230 cadit.
1413 1183 1624 1231 Omnium

0 1255 212 1319 ,gentium
243 1268 360 1300 unus
391 1252 554 1311 homo,
593 1253 772 1301 varium
810 1269 979 1300 nomen
1019 1262 1112 1310 est,
1154 1270 1242 1300 una
1283 1255 1457 1312 anima,
1498 1255 1628 1302 varia

8 1341 116 1383 φοι,
154 1340 272 1372 unus
302 1323 516 1386 spiritus,
555 1325 710 1371 varius
742 1339 908 1381 sonus,
947 1324 1140 1387 propria
1179 1325 1350 1388 cuique
1393 1325 1524 1388 genti
1556 1324 1626 1372 lo·

8 1395 161 1460 quela,
207 1392 292 1442 sed
330 1392 547 1457 loquelae
584 1394 780 1441 materia
819 1395 1089 1442 communis.
1172 1394 1301 1442 Deus
1340 1395 1536 1459 ubique,
1578 1405 1628 1443 et

0 1466 185 1514 ›oonitas
214 1463 306 1512 Dei
338 1463 535 1528 ubique3
572 1463 868 1512 daemonium
899 1463 1096 1528 ubique,
1130 1473 1178 1511 et
1208 1465 1479 1513 maledictio
1513 1465 1626 1512 dae-

4 1537 144 1585 monii
171 1533 369 1598 ubique3
412 1533 576 1582 iudicii
608 1534 753 1582 divini
778 1535 1015 1582 invocatio
1041 1535 1240 1598 ubique3
1279 1553 1403 1583 mors
1434 1536 1622 1600 ubique,

7 1614 51 1655 et
80 1607 375 1654 conscientia
399 1607 562 1653 mortis
587 1606 783 1670 ubique,
820 1615 867 1653 et
890 1607 1208 1653 testimonium
1233 1606 1422 1671 ubique.
1465 1606 1624 1655 Omnis

5 1676 151 1725 mima
180 1693 266 1724 suo
304 1677 407 1724 iure
447 1678 732 1740 proclamat,
774 1691 892 1739 quae
932 1676 1067 1724 nohis
1107 1692 1196 1723 nec
1237 1679 1404 1724 mutire
1447 1694 1625 1726 conce-

7 1747 140 1795 ditur.
220 1747 395 1795 Merito
434 1748 581 1810 igitur
611 1747 759 1793 omnis
792 1747 943 1794 anima
974 1762 1060 1794 rea
1091 1756 1139 1795 et
1169 1748 1303 1794 testis
1343 1757 1439 1807 est3
1475 1750 1522 1794 in
1553 1758 1624 1795 ta-

0 1834 95 1865 ·,um
126 1826 175 1864 et
204 1833 288 1865 rea
318 1818 520 1874 erroris,
553 1819 599 1864 in
633 1825 849 1881 quantum
883 1826 932 1864 et
961 1818 1097 1864 testis
1121 1818 1352 1865 veritatis.
1401 1818 1462 1864 Et
1485 1817 1627 1865 stabit

4 1897 109 1937 ante
148 1888 279 1935 aulas
319 1886 397 1935 dei
430 1886 506 1935 die
538 1886 722 1944 iudicii,
763 1887 875 1934 nihil
916 1887 1097 1936 hahens
1138 1886 1318 1935 dicere.
1359 1918 1430 1923 ——
1474 1888 1623 1935 Deum

7 1957 335 2022 -araedicabas,
383 1966 434 2025 et
475 1974 566 2004 non
612 1957 914 2021 requirebas;
967 1957 1215 2006 daemonia
1260 1958 1622 2018 abominabaris,

6 2038 50 2076 et
79 2029 159 2076 illa
189 2026 446 2088 adorabas3
489 2027 711 2076 iudicium
745 2028 822 2076 dei
853 2029 1149 2092 appellabas,
1190 2044 1279 2077 nec
1312 2045 1419 2077 esse
1454 2028 1624 2076 crede-

5 2115 110 2160 οδες
149 2099 334 2148 inferna
372 2099 600 2163 supplicia
638 2099 996 2162 praesumebas,
1045 2109 1094 2147 et
1131 2115 1224 2147 non
1262 2099 1618 2164 praecavebas3

2 2169 311 2218 ¹Christianum
342 2185 512 2218 nomen
543 2169 781 2235 sapiebas,
816 2179 864 2216 et
889 2169 1205 2218 Christianum
1236 2170 1621 2235 persequebaris.
