1942 3554
298 228 378 279 oo
818 225 1408 270 APOLOGETICUS.

298 372 475 419 stianus
513 383 653 424 vero,
702 376 920 430 quantum
958 368 1285 431 interpretatio
1335 375 1427 442 est,
1483 365 1542 415 de
1582 367 1805 415 unctione
1846 366 1929 415 de—

301 439 509 487 ducitur.
590 436 688 484 Sed
733 445 783 483 et
828 453 931 483 cum
969 451 1215 517 perperam
1251 424 1556 494 Christianus
1599 439 1930 501 pronuntiatur

300 528 328 558 a
357 508 493 556 vobis
527 512 652 566 (nam
684 522 774 554 nec
806 507 1007 553 nominis
1039 516 1171 554 certa
1203 516 1274 554 est
1304 507 1472 554 notitia
1508 519 1657 571 penes
1688 511 1822 567 vos),
1871 507 1937 559 de

302 580 531 627 suavitate
562 577 639 624 vel
671 577 965 640 benignitate
1006 578 1316 640 compositum
1358 586 1449 626 est.
1529 577 1696 626 Oditur
1734 593 1851 642 ergo
1883 579 1931 632 iu

302 648 569 698 hominibus
601 649 816 694 innocuis
850 648 990 694 etiam
1021 663 1192 694 nomen
1222 648 1491 695 innocuum.
1549 646 1616 696 At
1645 649 1769 696 enim
1800 654 1942 698 secta-v·

305 719 463 767 oditur
494 719 541 764 in
572 718 759 764 nomine
791 717 951 781 utique
984 719 1054 764 sui
1085 719 1314 765 auctoris.
1380 717 1499 778 Quid
1531 720 1665 777 novi,
1706 718 1942 783 sialiquas

306 789 552 852 disciplina
592 787 650 834 de
693 788 919 850 magistro
962 796 1325 852 cognomentum
1364 789 1682 836 sectatoribus
1728 789 1823 836 suis
1862 789 1937 836 in«

307 859 466 907 ducit?
527 857 698 905 Nonne
746 858 1013 921 philosophi
1061 857 1119 905 de
1157 857 1429 906 auctoribus
1468 860 1563 906 suis
1609 868 1942 923 nuncupantur·

305 930 567 986 Platonici,
615 928 862 992 Epicurei,
912 927 1267 992 Pythagorici?
1303 929 1442 976 etiam
1476 946 1502 976 a
1535 929 1653 977 locis
1686 930 1934 978 conventi*

308 1000 519 1048 culorum
552 1007 600 1045 et
630 999 879 1045 stationum
910 1015 1094 1046 suarum
1129 997 1295 1056 Stoici,
1329 998 1638 1046 Academici?
1666 1007 1806 1064 atque
1839 1013 1936 1047 me*

308 1070 403 1118 dici
448 1070 505 1116 ab
552 1068 864 1126 Erasistrato,
929 1077 976 1115 et
1021 1070 1313 1131 grammatici
1358 1068 1415 1115 ab
1454 1067 1763 1127 Aristarcho,
1829 1066 1942 1119 coci

309 1142 450 1189 etiam
482 1139 538 1187 ab
569 1137 773 1203 Apicio?
831 1138 935 1185 Nec
968 1148 1121 1186 tamen
1154 1155 1430 1203 quemquam
1470 1138 1664 1186 offendit
1702 1140 1942 1203 professio·

309 1211 532 1268 nominis,
574 1226 678 1256 cum
710 1210 1001 1256 institutione
1034 1211 1307 1257 transmissa
1344 1209 1401 1257 ab
1440 1211 1730 1258 institutore.
1792 1209 1938 1259 Plano

309 1282 349 1329 si
381 1281 459 1345 qui
490 1279 661 1344 probet
692 1280 854 1326 malam
888 1288 1063 1327 sectam
1098 1289 1147 1328 et
1176 1281 1239 1327 ita
1272 1280 1441 1327 malum
1472 1288 1732 1339 auctorem,
1764 1281 1804 1327 is
1827 1284 1938 1345 pro·

309 1351 440 1398 babit
487 1360 535 1398 et
579 1365 747 1397 nomen
795 1350 961 1397 malum
1009 1349 1196 1414 dignum
1245 1349 1355 1398 odio
1403 1350 1461 1398 de
1510 1359 1642 1398 reatu
1689 1359 1849 1399 sectae
1890 1347 1939 1400 et

312 1422 540 1469 auctoris.
589 1419 796 1484 Ideoque
823 1429 930 1467 ante
964 1419 1119 1467 odium
1151 1421 1353 1468 nominis
1386 1421 1688 1485 competebat
1717 1423 1846 1485 prius
1877 1419 1938 1468 de

311 1501 506 1540 auctore
525 1499 701 1538 sectam
718 1506 1089 1553 recognoscere,
1107 1491 1184 1538 vel
1202 1500 1445 1539 auctorem
1464 1490 1522 1540 de
1541 1500 1688 1540 secta.
1733 1489 1800 1539 At
1816 1506 1938 1540 nune

310 1564 555 1625 utriusque
581 1562 882 1625 inquisitione
909 1570 955 1608 et
978 1562 1221 1625 agnitione
1248 1561 1470 1625 neglecta
1493 1578 1664 1610 nomen
1683 1558 1936 1626 detinetur,

311 1648 482 1679 nomen
508 1640 816 1695 expugnatur,
851 1640 898 1677 et
926 1633 1131 1694 ignotam
1156 1640 1349 1690 sectam,
1383 1632 1595 1696 ignotum
1622 1642 1671 1680 et
1693 1642 1939 1680 auctorem

310 1718 403 1750 vox
427 1702 527 1749 sola
552 1700 868 1765 praedamnat,
895 1703 1001 1772 quia
1019 1703 1332 1760 nominantur,
1366 1718 1458 1749 non
1478 1703 1583 1766 quia
1609 1704 1935 1751 revincantur.

452 1777 501 1822 4.
554 1770 711 1835 Atque
751 1770 872 1818 adeo
913 1772 1044 1852 quasi
1084 1773 1320 1835 praefatus
1351 1772 1470 1820 haec
1503 1771 1562 1819 ad
1594 1772 1940 1837 suggillandam

312 1841 410 1889 odii
443 1858 560 1905 erga
591 1857 675 1887 nos
706 1841 883 1905 publici
923 1842 1239 1905 iniquitatem,
1293 1844 1382 1890 iam
1414 1841 1472 1889 de
1513 1858 1678 1890 caussa
1708 1843 1937 1891 innocen-

310 1913 404 1960 tiae
439 1912 713 1968 consistam,
768 1928 857 1959 nec
890 1921 1062 1958 tantum
1096 1912 1338 1970 refutabo,
1386 1928 1507 1976 quae
1538 1912 1674 1961 nobis
1706 1913 1938 1961 obiiciun⁶

309 1991 408 2040 tur,
464 1981 547 2029 sed
587 1982 724 2029 etiam
763 1983 809 2027 in
850 1984 976 2044 ipsos
1008 1983 1319 2047 retorquebo,
1376 1984 1453 2047 qui
1493 1982 1746 2042 obiiciunt3
1795 1993 1843 2030 ut
1876 1997 1936 2032 ex

309 2053 400 2099 hoc
433 2067 619 2115 quoque
659 2053 810 2098 sciant
849 2069 1011 2100 omnes
1051 2054 1096 2098 in
1132 2053 1412 2100 Christianis
1452 2070 1543 2100 non
1585 2069 1692 2101 esse
1735 2069 1854 2118 quae
1887 2055 1934 2101 in

308 2138 358 2168 se
393 2139 486 2168 non
525 2122 741 2169 nesciunt
773 2137 894 2179 esse,
934 2123 1065 2169 simul
1099 2125 1164 2169 uti
1197 2122 1479 2171 erubescant
1510 2133 1807 2182 accusantes,
1841 2141 1934 2172 non

309 2191 416 2239 dico
448 2193 639 2255 pessimi
673 2193 896 2255 optimos,
946 2192 1026 2239 sed
1060 2194 1174 2250 iam,
1222 2203 1272 2239 ut
1302 2193 1486 2251 volunt,
1529 2209 1775 2257 compares
1807 2211 1932 2242 suos.

309 2261 713 2325 Respondebimus
750 2261 809 2308 ad
848 2263 1051 2326 singula,
1108 2280 1227 2327 quae
1267 2264 1314 2309 in
1355 2264 1542 2311 occulto
1575 2262 1824 2312 admittere
1865 2263 1942 2312 di-

308 2334 470 2390 cimur,
527 2348 644 2395 quae
685 2333 791 2379 illos
832 2334 978 2397 palam
1011 2332 1311 2381 admittentes
1349 2335 1631 2392 invenimus,
1687 2336 1735 2381 in
1767 2335 1942 2399 quibus.

305 2403 524 2460 scelesti,
557 2404 604 2449 in
637 2402 801 2466 quibus
833 2404 965 2460 vani,
1009 2404 1055 2449 in
1089 2404 1253 2468 quibus
1287 2403 1557 2463 damnandi,
1591 2405 1638 2452 in
1671 2406 1837 2470 quibus
1869 2404 1942 2453 ir-‡

305 2471 493 2520 ridendi
526 2471 813 2536 deputamur.
885 2472 980 2520 Sed
1013 2475 1251 2537 quoniam,
1303 2492 1404 2522 cum
1437 2475 1495 2523 ad
1529 2477 1683 2524 omnia
1723 2478 1940 2525 occurrit

304 2545 482 2590 veritas
514 2552 688 2601 nostra,
722 2553 959 2606 postremo
994 2544 1147 2607 legum
1182 2545 1440 2593 obstruitur
1470 2547 1729 2595 auctoritas
1761 2546 1939 2596 adver·-

304 2629 381 2660 sus
415 2628 533 2671 eam,
568 2622 618 2660 ut
651 2621 729 2660 aut
761 2615 873 2661 nihil
907 2614 1091 2661 dicatur
1121 2615 1469 2663 retractandum
1504 2632 1609 2664 esse
1641 2626 1749 2681 post
1779 2615 1942 2691 legesq'

303 2692 383 2730 aut
414 2684 612 2746 ingratis
643 2687 903 2731 necessitas
937 2684 1152 2749 obsequii
1184 2687 1482 2749 praeferatur
1511 2688 1726 2735 veritati:
1755 2687 1822 2735 de
1863 2689 1942 2747 16ης

303 2753 441 2815 gibus
481 2754 610 2834 prius
651 2769 927 2802 concurram
967 2755 1206 2803 vobiscum
1247 2766 1295 2803 ut
1335 2774 1437 2803 cum
1474 2757 1707 2805 tutoribus
1754 2759 1942 2830 legumffi

303 2822 396 2869 lam
429 2824 623 2886 primum
656 2840 788 2886 quam
822 2824 937 2874 dure
958 2827 999 2887 1)
1034 2825 1237 2873 definitis
1272 2826 1499 2874 dicendo:
1538 2827 1648 2875 Non
1681 2829 1796 2876 licet
1820 2844 1942 2878 6556

302 2894 411 2940 vos!
476 2892 538 2939 Et
569 2894 657 2940 hoc
691 2895 791 2942 sine
833 2896 926 2942 ullo
968 2906 1224 2944 retractatu
1257 2897 1531 2945 humaniore
1570 2899 1942 2964 praescribitis3

300 2964 393 3010 vim
425 2964 709 3028 profitemini
751 2974 798 3011 et
829 2967 1031 3030 iniquam
1064 2983 1123 3014 ex
1161 2984 1271 3015 arce
1306 2967 1695 3027 dominationem,
1743 2971 1782 3016 si
1813 2965 1942 3047 ideo}

414 3133 458 3182 1)
491 3133 553 3169 Al.
586 3144 695 3170 cum
722 3134 866 3182 dure,
899 3136 1029 3173 Rhen.
1035 3137 1132 3185 ,.Fr
1150 3138 1295 3175 Iunius
1314 3140 1355 3175 et
1375 3139 1580 3177 VVouwer
1602 3149 1749 3186 quam
1775 3114 1942 3184 dure37‘

297 3190 573 3238 Havercamp.
607 3201 715 3228 cum
747 3190 868 3228 iure
