1942 3554
448 149 535 187 AD
579 148 956 187 NATIONES
998 148 1206 186 L113.11;
1553 147 1664 195 175

54 287 55 290 ’
90 303 173 338 era
195 289 274 336 vel
298 286 569 336 adiumento
588 286 900 353 quorundam,
936 298 985 336 et
1009 288 1195 352 quidem
1223 296 1537 344 mortuorum,
1574 303 1666 351 quo

58 357 190 422 'irum
224 359 388 423 magis,
423 375 527 407 eum
551 360 671 406 alios
695 359 784 406 sibi
810 359 1382 406 immortales'instituere
1414 358 1665 421 potuisset.

14 426 132 479 ''Ne'c
151 429 324 477 diutius
342 428 400 477 de
417 464 569 478 .......
584 439 659 477 tus
683 431 957 494 conquiret,
976 432 1054 492 qui
1073 430 1272 477 humana
1291 428 1460 475 divinis
1479 444 1670 492 compa·

14 502 167 549 ravit.
227 499 292 548 Sa
308 535 454 549 .......
470 501 570 548 ι·ἰοι·
594 501 752 564 opinio
779 509 875 557 est,
917 499 1088 547 discuti
1122 499 1286 557 debet,
1321 501 1359 547 si
1385 498 1501 546 deus
1526 500 1669 547 remi-

14 571 100 619 anis
113 605 636 620 .......................
649 569 760 617 buta
780 572 819 616 si
851 570 1064 633 pristinis
1096 571 1207 617 viris
1224 603 1664 617 ...................

14 641 406 706 Δ·ιιθιεοςὶῑειιιιίιιιιι.
497 640 633 700 Quod
680 640 852 688 exinde
899 657 1038 688 nemo
1087 639 1169 703 dig
1183 674 1388 687 .........
1403 640 1443 686 si
1492 655 1668 703 capere

23 714 119 778 iam
151 712 285 760 locus
316 728 409 758 non
439 720 617 776 potest.
692 711 854 758 Tantis
885 709 1114 760 videlicet
1150 744 1626 758 .....................
1641 727 1670 757 3

54 783 255 838 ΔιιιΊιιινίῑ
291 782 561 846 antiquitas.
622 781 752 845 Ergo
786 799 843 830 an
877 783 1125 838 meruerit,
1161 797 1212 827 re
1249 815 1404 828 .......
1418 781 1667 838 meruisse,

16 897 23 914 ‚.
61 861 267 918 reponat
295 853 442 917 ipsius
473 854 656 900 merita.
718 851 770 899 Si
804 851 914 916 quid
947 853 991 898 in
1026 851 1272 899 cunabulis
1288 886 1490 900 .........
1505 851 1666 909 litatis,

17 925 190 974 malent
232 921 292 972 ad
337 923 610 988 suffragium
657 921 938 980 divinitatis,
986 924 1033 969 in
1074 931 1313 970 cestorum
1328 956 1483 970 .......
1521 921 1670 985 Opem

31 995 84 1045 οἱ
111 993 362 1043 Saturnum
395 994 571 1043 fratres
602 995 871 1058 recepistis.
928 993 1145 1041 Furtivus
1178 994 1331 1040 infans
1346 1027 1476 1040 ......
1495 1001 1568 1040 ter
1600 991 1671 1039 di-

33 1123 36 1125 Ᾰ
96 1081 150 1114 us
182 1073 232 1114 et
261 1074 391 1113 tecto
425 1074 474 1113 et
502 1064 652 1113 ubere
677 1065 903 1123 humano,
937 1065 1203 1128 meritoque
1237 1065 1372 1111 incre
1388 1098 1569 1111 ........
1576 1071 1669 1111 tam

27 1135 150 1200 mala
181 1135 448 1185 manebant.
508 1134 711 1183 Adultus
742 1134 947 1200 denique
980 1135 1352 1200 qualemcunque
1387 1135 1669 1197 genitorem,

40 1241 188 1257 .......
203 1207 501 1266 licissimum,
547 1222 713 1270 regem
752 1208 887 1254 aurei
926 1207 1115 1254 scilicet
1153 1206 1327 1263 seculi,
1359 1205 1444 1251 sub
1477 1221 1571 1268 quo
1604 1204 1673 1250 la·

21 1278 164 1327 uberis
194 1277 382 1342 inopiae
399 1310 622 1326 ..........
638 1294 695 1324 ae
719 1293 813 1341 pax
838 1277 1138 1341 quiescebat,
1171 1275 1254 1324 sub
1282 1292 1372 1340 quo
1399 1276 1512 1322 nulli
1545 1273 1674 1321 subi-

30 1348 214 1405 ferebant
243 1365 356 1396 arva
388 1348 572 1405 coloni,
608 1382 810 1396 .........
827 1348 966 1395 tellus
1014 1348 1141 1395 nullo
1188 1355 1419 1410 poscente
1468 1344 1672 1392 serebat.

73 1418 135 1475 ed
165 1417 333 1467 oderat
368 1427 550 1482 patrem
588 1420 819 1465 incestum
860 1420 962 1465 eius
1118 1426 1449 1465 castratorem.
1541 1415 1674 1463 Ecce

28 1483 190 1540 tantem
223 1498 272 1537 et
301 1490 403 1553 ipse
437 1505 540 1536 cum
586 1504 755 1536 sorore
787 1489 1034 1547 miscetur,
1067 1497 1118 1535 ut
1142 1488 1250 1534 huie
1274 1488 1471 1550 primum
1498 1486 1673 1533 dictum

32 1569 216 1625 putem:
255 1562 340 1610 τοῦ
371 1554 554 1626 πατρὸς
581 1556 636 1609 τὸ
668 1560 873 1609 παιδίον.
926 1559 1038 1607 Tam
1071 1559 1174 1623 pius
1206 1567 1365 1621 pater,
1400 1573 1537 1621 quam
1570 1556 1674 1620 pius

28 1631 161 1681 filius
197 1665 325 1679 ......
340 1648 383 1677 ιιι
416 1640 526 1678 tunc
559 1629 745 1693 legibus
779 1639 1032 1694 ageretur,
1078 1631 1124 1676 in
1158 1628 1278 1676 duos
1312 1628 1494 1675 culleos
1528 1626 1677 1674 dividi

40 1702 199 1751 lovem
237 1700 398 1750 decuit
432 1735 539 1750 .....
563 1700 820 1759 dubitaret,
870 1700 1065 1748 libidine
1113 1700 1169 1747 ab
1218 1700 1403 1746 incesto
1445 1698 1678 1746 corrobo-

30 1780 163 1830 rata,
205 1772 253 1819 in
287 1773 490 1830 leviora,
537 1770 586 1819 id
618 1780 713 1829 est,
757 1805 955 1820 .........
994 1780 1043 1818 et
1074 1780 1236 1833 stupra
1269 1768 1566 1816 diffundere?
1619 1768 1677 1816 de

33 1859 133 1908 quo
164 1843 358 1907 poe'tiea
389 1843 458 1890 sic
492 1843 714 1889 lusitavit.
776 1841 1024 1901 Quomodo
1062 1874 1185 1889 ......
1201 1839 1260 1887 de
1292 1840 1494 1902 fugitivo
1528 1839 1679 1902 palam

28 1913 216 1962 Iactum
249 1913 456 1960 solemus
489 1922 539 1960 et
570 1929 763 1976 opelam
797 1913 899 1960 eius
932 1928 1115 1975 percon
1151 1943 1330 1958 ........
1366 1909 1531 1957 abusui
1563 1925 1680 1956 nun-

33 1983 242 2033 tdinare?
278 1985 324 2042 ¹)
366 1982 507 2031 modo
562 1984 610 2030 in
647 1984 801 2047 pretia
847 1983 1061 2030 luxuriae
1109 1997 1216 2030 eum
1262 1979 1510 2045 figurando
1547 2015 1677 2029 ......

32 2054 214 2103 >bovem
245 2062 327 2102 aut
361 2054 564 2118 pretium
602 2053 739 2101 bovis
784 2053 1079 2117 pensaverit,
1135 2061 1183 2100 et
1226 2051 1422 2099 imbrem
1468 2052 1682 2115 pergulis

31 2157 134 2176 .....
169 2121 346 2175 aditum
382 2125 582 2190 pecunia
620 2125 834 2190 ruperit?
886 2123 1026 2172 modo
1059 2125 1105 2171 in
1137 2121 1464 2171 similitudines
1495 2132 1683 2169 actuum

32 2197 94 2263 &ip
99 2231 278 2246 ........
306 2197 390 2255 ἰιιι,
438 2197 517 2261 qui
554 2199 731 2262 rapuit,
787 2213 1010 2261 cycnum,
1045 2195 1122 2260 qui
1163 2203 1453 2243 cantaverat.
1542 2191 1683 2240 Adeo

27 2282 142 2318 *mon
186 2267 373 2316 fabulae
419 2269 561 2316 istae
588 2277 695 2315 sunt
740 2266 797 2315 de
838 2268 884 2314 sa
905 2300 1148 2315 ...........
1192 2267 1252 2313 sit
1290 2282 1349 2313 an
1395 2281 1488 2312 non
1538 2265 1686 2311 lasciv

54 2362 91 2389 .·.
99 2372 350 2390 ...........
365 2355 425 2386 na
454 2339 713 2397 hominum,
748 2355 865 2402 quos
880 2371 1104 2386 ..........
1122 2338 1292 2385 emissa
1323 2337 1412 2383 iam
1443 2333 1626 2399 pridem
1658 2350 1688 2380 a

30 2407 144 2459 ”lide
174 2425 263 2474 per
290 2411 395 2457 incr
408 2445 609 2458 .........
625 2427 717 2456 non
751 2419 824 2457 est
855 2408 990 2456 nobis
1023 2409 1270 2456 extensius
1302 2405 1554 2470 agendum.
1633 2402 1686 2451 Si

83 2479 177 2528 nim
207 2488 257 2529 et
285 2495 339 2528 re
355 2515 602 2529 ...........
617 2480 753 2545 pibus
787 2489 835 2528 et
871 2478 1327 2543 proseminatoribus
1366 2477 1464 2523 suis
1506 2483 1688 2522 morata

43 2547 187 2618 ‘plebs
233 2549 397 2599 eadem
437 2567 464 2615 q
478 2585 702 2599 ..........
752 2559 942 2607 natura,
997 2549 1111 2596 alibi
1157 2547 1415 2595 auctoritas
1462 2544 1689 2610 exigebat

31 2613 406 2670 *similitudinem
437 2639 617 2670 morum
652 2654 826 2669 ........
863 2628 1037 2684 quanto
1070 2618 1306 2675 deterior,
1348 2617 1426 2681 qui
1458 2633 1551 2664 non
1590 2631 1688 2663 me-

47 2690 176 2740 dier?
227 2694 408 2756 privato
456 2694 578 2740 enim
619 2692 754 2740 titulo
795 2691 956 2739 Iovem
996 2690 1218 2754 optimum
1256 2722 1386 2736 ......
1409 2688 1494 2769 tis,
1536 2696 1586 2735 et
1616 2693 1690 2734 est

36 2751 246 2825 *Virgilii
280 2778 456 2826 aequus
487 2763 669 2828 Iupiter
701 2764 917 2826 optimus.
1007 2758 1214 2808 Proinde
1262 2759 1436 2807 incesti
1474 2759 1521 2805 in
1559 2773 1688 2815 suos,

173 3019 219 3067 1)
248 3020 353 3057 Hav.
379 3018 430 3055 ad
453 3018 629 3066 Apolog.
656 3029 691 3054 c.
719 3020 756 3054 2.
825 3014 1112 3064 Quomodo,
1145 3015 1343 3062 quando
1376 3014 1434 3051 de
1463 3013 1691 3062 fugitivo

39 3075 230 3130 :molam
274 3077 498 3121 factum,
547 3074 773 3112 solemus
823 3077 871 3110 et
910 3083 1121 3120 operam
1168 3072 1281 3109 eius
1323 3070 1692 3119 percontando

44 3132 255 3172 abusui
292 3131 613 3170 nundinare?
