1942 3554
360 259 486 303 146
935 257 1013 293 ΟΕ
1041 255 1380 294 PUDICITIA.

360 368 594 425 mendem,
641 383 743 414 cum
787 368 854 413 sic
900 382 1080 430 quoque
1126 365 1365 414 obduxero
1403 362 1612 415 diversae
1642 369 1786 430 partis
1814 385 1937 432 prae-¹

359 440 678 501 sumptionem.
726 435 935 483 Condico
955 436 1264 484 Christianum
1294 437 1383 483 iam
1412 444 1710 499 peccatorem
1739 439 1786 484 in
1815 455 1937 502 pana,

354 509 464 555 bola
494 516 688 570 utraque
719 505 957 569 portendi,
1004 523 1095 553 non
1133 515 1286 562 tamen
1322 505 1428 552 ideo
1474 521 1576 566 eum
1619 507 1942 565 affirmandum

358 580 434 641 qui
465 576 522 624 de
552 578 763 624 facinore
795 577 1037 623 moechiae
1071 584 1119 623 et
1147 576 1469 623 fornicationis
1498 576 1681 624 restitui
1716 593 1802 640 per
1837 568 1939 641 poe.»

354 649 593 695 nitentiam
623 648 783 711 possit.
858 646 995 694 Licet
1038 648 1158 693 enim
1200 647 1378 709 perisse
1422 644 1626 705 dicatur,
1670 648 1761 694 erit
1802 656 1850 693 et
1892 645 1942 707 dp

355 717 629 782 perditionis
661 733 834 780 genere
866 725 1148 773 retractare,
1196 718 1301 783 quia
1345 724 1393 763 et
1437 716 1534 763 ovis
1571 732 1663 763 non
1693 716 1942 778 moriendo*

355 787 438 835 sed
483 786 710 844 errando,
757 795 805 834 et
848 785 1068 833 drachma
1111 803 1203 833 non
1248 784 1547 843 intereundo,
1600 785 1682 834 sed
1725 784 1942 842 latitando<

353 859 607 922 perierunt.
663 857 753 910 ¹Ita
797 857 908 904 licet
952 855 1046 903 dici
1088 858 1265 919 perisse
1311 854 1432 918 quod
1475 855 1648 914 salvum
1678 865 1764 909 est.
1824 856 1942 905 Perit

354 929 496 991 igitur
525 936 573 974 et
602 925 752 974 fidelis
782 927 963 990 elapsus
1007 928 1053 972 in
1099 926 1412 989 spectaculum
1456 924 1736 989 quadrigarii
1779 928 1938 976 furoriu

355 1007 403 1045 et
433 996 698 1060 gladiatorii
730 998 908 1043 cruoris
939 1004 987 1044 et
1017 997 1233 1053 scenicae
1263 995 1502 1044 foeditatis
1547 1004 1595 1043 et
1627 998 1839 1060 xysticae
1868 1014 1930 1046 va

354 1068 535 1125 nitatis;
566 1069 611 1113 in
642 1067 786 1123 lusus,
818 1067 865 1112 in
896 1067 1106 1114 convivia
1135 1067 1360 1114 secularis
1389 1065 1732 1123 sollemnitatis,
1768 1067 1815 1124 in
1846 1068 1924 1115 offi

355 1139 497 1193 cium,
544 1137 591 1182 in
628 1137 929 1183 ministerium
967 1136 1148 1183 alienae
1179 1136 1475 1184 idololatriae
1506 1137 1682 1198 aliquas
1712 1146 1837 1194 artes
1860 1136 1938 1198 ‚ad-⁷

353 1206 503 1254 hibuit
533 1206 840 1264 curiositatis,
879 1207 926 1251 in
962 1205 1153 1253 verbum
1190 1205 1405 1268 ancipitis
1444 1206 1707 1269 negationis
1732 1215 1823 1254 -aut
1848 1206 1936 1254 hta:

353 1276 589 1340 sphemiae
621 1277 835 1339 impegit3
869 1275 926 1322 ob
957 1276 1050 1322 tale
1083 1273 1192 1338 quid
1222 1283 1355 1322 extra
1379 1291 1571 1339 gregem
1595 1273 1728 1322 datus
1756 1284 1845 1337 uest,
1872 1292 1933 1324 ve

352 1355 402 1395 et
430 1348 529 1410 ipse
561 1346 685 1392 forte
717 1348 809 1403 ira,
842 1353 1044 1402 tumore,
1077 1345 1409 1404 aemulatione,
1442 1345 1563 1409 quod
1587 1343 1784 1408 denique
1809 1362 1942 1411 saep·-

351 1417 426 1473 fit,
459 1414 791 1478 dedignatione
824 1415 1144 1477 castigationis
1175 1415 1379 1479 abrupit,
1425 1414 1566 1464 dehet
1601 1415 1942 1480 requiri-atque«

304 1526 307 1541 ἵ
351 1487 602 1535 revocari..
660 1485 794 1545 Quod
824 1494 979 1548 potest
1009 1486 1302 1549 recuperari,
1342 1502 1434 1532 non
1462 1488 1607 1550 perit,
1652 1486 1802 1545 nisi1)
1834 1488 1940 1535 fori»

351 1557 740 1621 perseveraverit.
813 1555 941 1603 Bene
972 1556 1355 1619 interpretaberis
1392 1557 1682 1619 parabolam,
1719 1555 1942 1605 viventem

353 1627 504 1674 adhuc
536 1642 764 1674 revocans
794 1634 1109 1689 peccatorem.
1181 1624 1429 1673 Moechum
1464 1642 1577 1675 vero
1617 1634 1666 1673 et
1693 1627 1928 1675 fornicato>

351 1713 473 1754 rem,
507 1697 605 1759 quis
636 1713 728 1743 non
759 1704 985 1742 mortuum
1016 1697 1168 1742 statim
1199 1691 1397 1742 admisso
1441 1697 1782 1760 pronuntiavit?
1845 1696 1928 1756 Qu·

354 1783 435 1814 ore
468 1775 693 1813 mortuum
724 1767 941 1813 restitues
973 1767 1017 1812 in
1048 1782 1238 1828 gregem
1269 1781 1328 1812 ex
1356 1767 1607 1828 parabolae
1652 1767 1750 1812 eius
1786 1775 1922 1814 aucto

352 1839 515 1894 ritate,
549 1852 665 1900 quae
699 1853 791 1882 non
821 1844 1048 1882 mortuum
1077 1851 1220 1898 pecus
1250 1838 1473 1883 revocat?
1542 1835 1749 1898 Denique
1783 1838 1821 1883 si
1851 1852 1923 1885 me

351 1908 523 1954 ministi
554 1907 906 1970 prophetarum,
940 1922 1042 1952 cum
1071 1915 1284 1970 pastores
1313 1906 1634 1969 increpantur,
1678 1913 1789 1969 puto
1827 1905 1925 1963 Eze

354 1979 516 2024 chielis
547 1986 619 2023 est
646 1994 760 2023 vox:
821 1975 1063 2033 Pastores,
1123 1991 1261 2033 ecce,
1321 1976 1392 2022 lac
1432 1975 1686 2032 devoratis,
1747 1984 1795 2023 et
1832 1976 1932 2027 lani<

350 2048 605 2104 vestimini,
652 2045 775 2109 quod
818 2047 942 2092 forte
988 2054 1079 2102 est,
1127 2045 1390 2104 occidistis,
1438 2044 1559 2109 quod
1603 2045 1828 2092 infirmum
1859 2054 1926 2093 est

353 2134 444 2163 non
477 2118 694 2173 curastis,
729 2115 851 2179 quod
882 2118 1204 2162 comminutum
1237 2123 1328 2173 est,
1361 2132 1453 2162 non
1482 2116 1681 2178 ligastis,
1713 2114 1835 2178 quod
1865 2131 1925 2163 ex

351 2187 528 2250 pulsum
559 2195 652 2243 est,
686 2203 777 2232 non
809 2186 1125 2241 convertistiS,
1159 2184 1280 2247 quod
1303 2186 1463 2248 periit,
1495 2202 1588 2231 non
1610 2186 1866 2248 requisistis
1880 2187 1926 2244 ²)

352 2255 584 2318 Numquid
616 2263 664 2301 et
693 2254 749 2301 de
781 2263 961 2301 mortuo
993 2254 1266 2318 exprobrat,
1300 2253 1422 2317 quod
1451 2271 1543 2300 non
1574 2263 1622 2301 ct
1643 2253 1754 2300 illud
1776 2255 1921 2317 ingre

353 2341 457 2387 gem
488 2325 686 2372 reficere
720 2325 1011 2371 curaverint?
1080 2323 1221 2370 Plane
1260 2324 1453 2385 ingerit,
1499 2322 1619 2386 quod
1649 2324 1803 2386 perire
1835 2339 1919 2371 ove

352 2396 553 2442 fecerint
583 2402 631 2442 et
660 2410 688 2441 a
716 2394 877 2441 bestiis
907 2394 1009 2455 agri
1040 2392 1236 2441 comedi.
1275 2391 1440 2455 Neque
1464 2401 1655 2455 possunt
1676 2408 1763 2440 nec
1789 2394 1925 2456 perir·

350 2466 397 2511 in
427 2473 621 2512 mortem
651 2479 738 2512 nec
771 2463 974 2520 comedi,
1007 2464 1044 2509 si
1073 2463 1412 2526 relinquantur,
1451 2478 1542 2508 non
1572 2471 1622 2508 ut
1650 2460 1860 2525 perditae
1890 2464 1924 2509 ir

352 2544 549 2582 mortem
580 2542 629 2581 et
666 2542 899 2581 comestae
943 2541 1254 2588 resumantur,
1300 2533 1427 2579 iuxta
1470 2530 1715 2579 drachmae
1760 2547 1925 2596 quoque

351 2606 610 2668 exemplum
641 2605 780 2651 etiam
811 2605 935 2651 iutra
965 2601 1146 2649 domum
1177 2601 1252 2650 dei
1284 2602 1552 2658 ecclesiam,
1585 2602 1696 2648 licet
1725 2617 1827 2650 esse
1858 2602 1924 2649 aliv

353 2691 441 2738 qua
471 2674 643 2722 delicta
671 2690 755 2737 pro
787 2674 928 2737 ipsius
959 2671 1205 2719 drachmae
1237 2670 1419 2720 modulo
1451 2687 1507 2718 ac
1536 2670 1743 2734 pondere
1767 2670 1929 2720 medio

352 2746 472 2801 cria,
505 2760 620 2808 quae
652 2743 821 2791 ibidem
846 2742 1192 2799 delitescentia,
1227 2758 1332 2789 mox
1353 2739 1523 2788 ibidem
1547 2749 1595 2788 et
1617 2750 1818 2805 reperta,
1850 2750 1924 2789 sta

351 2815 432 2860 tim
462 2813 632 2861 ibidem
665 2830 767 2860 cum
790 2812 959 2876 gaudio
984 2810 1316 2860 emendationis
1340 2812 1671 2874 transigantur
1696 2810 1936 2860 Moechiae

353 2899 464 2930 vero
496 2893 544 2931 et
578 2884 902 2930 fornicationis
946 2898 1038 2928 non
1082 2880 1322 2938 drachma,
1367 2879 1450 2928 sed
1493 2881 1735 2938 talentum,
1781 2881 1924 2944 quibu.¹

353 2952 651 3015 exquirendis
694 2970 787 3000 non
831 2954 1049 3000 lucernae
1094 2952 1257 3015 spiculi
1302 2951 1491 3008 lumine,
1535 2949 1619 3000 sed
1661 2952 1802 2997 totius
1831 2948 1924 2998 soli:

354 3022 518 3068 lancea
548 3039 661 3085 opus
692 3031 776 3069 est.
853 3020 997 3068 Simul
1027 3023 1261 3085 apparuit,
1301 3022 1453 3067 statim
1482 3019 1619 3067 homo
1650 3018 1708 3067 de
1739 3019 1923 3066 ecclesi:

466 3176 511 3224 1)
544 3175 632 3222 Rig.
661 3186 757 3212 non
789 3176 1003 3226 poterit,
1035 3176 1076 3214 ιὶ
1106 3175 1237 3214 fori·
1268 3186 1394 3224 pers.
1479 3172 1524 3226 2)
1543 3173 1692 3210 Ezech.
1712 3173 1776 3219 34,
1797 3173 1896 3219 2⁸11.
