1942 3554
727 53 746 72 X

564 205 1149 246 APOLOGETICUS.
1545 203 1655 254 109

14 369 112 405 -res
151 353 315 402 hostes
352 349 537 398 habetis
575 363 690 414 prae
729 346 1024 395 multitudine
1058 346 1459 404 Christianorum,
1507 360 1656 409 paene

12 425 236 475 -omninm
268 422 506 471 civitatum
523 419 572 484 1)
599 430 753 483 paene
780 433 942 466 omnes
961 418 1089 465 cives
1109 417 1404 465 Christianos
1424 415 1661 464 habendo·

31 494 130 545 Sed
175 495 338 542 hostes
377 490 600 540 maluistis
637 504 813 536 vocare
854 489 1047 552 generis
1079 488 1279 535 humani.
1359 487 1474 547 Quis
1505 495 1664 535 autem

33 583 116 615 vos
152 565 209 613 ab
249 564 341 611 illis
381 560 580 610 occultis
621 568 669 607 et
708 574 1043 624 usquequaque
1076 558 1366 606 vastantibus
1399 567 1582 606 mentes
1615 567 1666 605 et

33 634 324 686 valetudines
354 640 535 681 vestras
568 629 781 678 hostibus
814 632 1037 693 raperet?
1069 646 1096 676 a
1123 629 1480 678 daemoniorum
1505 630 1667 676 incur-

33 706 161 756 sibus
193 703 324 763 dico,
357 718 475 768 quae
509 700 567 749 de
599 701 735 748 vobis
767 700 869 748 sine
900 701 1136 764 praemio,
1186 702 1287 748 sine
1320 698 1547 748 mercede
1582 698 1666 747 de-

12 777 267 843 pellimus·
347 773 626 823 Suffecisset
656 772 748 820 hoc
781 772 930 839 solum
963 779 1154 819 nostrae
1187 772 1381 830 ultioni,
1424 769 1551 836 quod
1583 787 1666 818 va-

13 863 122 899 -cua
154 844 326 895 exinde
356 844 595 910 possessio
628 841 875 890 immundis
916 842 1156 906 spiritibus
1187 842 1435 907 pateretis.
1512 840 1664 888 Porro

12 934 122 967 :nec
153 917 268 965 tanti
305 913 532 980 praesidii
573 914 1005 978 compensationem
1046 915 1336 981 cogitantes,
1383 929 1477 960 non
1523 911 1665 960 modo

11 1005 127 1038 ίιιοιι
156 988 403 1036 molestum
434 985 570 1033 vobis
601 1002 775 1050 genus,
821 1000 984 1034 verum
1017 986 1157 1032 etiam
1190 985 1539 1042 necessarium,
1579 983 1668 1032 lio-

34 1067 132 1108 stes
162 1057 374 1106 iudicare
407 1057 658 1104 maluistis:
708 1057 786 1121 qui
827 1072 982 1104 sumus
1013 1056 1179 1120 plane,
1229 1073 1322 1104 non
1354 1056 1548 1120 generis
1581 1054 1668 1103 hu-

10 1130 155 1179 ·mani
185 1138 366 1186 tamen,
399 1126 487 1175 sed
519 1128 675 1192 potius
707 1127 904 1175 erroris.

175 1204 259 1252 38.
313 1198 543 1256 Proinde,
576 1214 665 1246 nec
698 1197 836 1262 paulo
871 1198 1046 1256 lenius,
1080 1199 1206 1246 inter
1237 1199 1393 1245 licitas
1426 1198 1666 1245 factiones

35 1280 212 1320 sectam
245 1270 381 1317 istam
414 1268 634 1333 deputari
667 1268 947 1332 oportebat,
999 1286 1025 1317 a
1058 1285 1147 1333 qua
1179 1269 1292 1316 nihil
1323 1269 1418 1318 tale
1453 1269 1669 1316 commit-

35 1343 163 1401 titur,
198 1340 341 1406 quale
370 1338 429 1387 de
462 1340 641 1387 illicitis
673 1339 956 1387 factionibus
988 1341 1145 1388 timeri
1175 1339 1315 1388 solet.
1390 1338 1497 1387 Nisi
1528 1339 1675 1387 fallor

35 1413 177 1471 enim,
210 1409 608 1476 prohibendarum
641 1411 897 1457 factionum
932 1427 1098 1458 caussa
1131 1410 1189 1459 de
1221 1409 1519 1475 providentia
1553 1426 1669 1457 con-

33 1491 128 1532 stat
157 1480 417 1530 modestiae
451 1481 669 1546 publicae
687 1482 756 1543 ²),
789 1496 848 1527 ne
881 1482 1047 1529 civitas
1080 1482 1126 1528 in
1157 1490 1318 1545 partes
1350 1480 1668 1542 scinderetur,

34 1570 156 1620 quae
180 1568 259 1601 res
291 1552 431 1600 facile
465 1553 670 1610 comitia,
706 1552 926 1609 concilia,
961 1552 1131 1610 curias,
1166 1553 1446 1611 concioneS,
1481 1559 1670 1616 specta-

37 1625 142 1674 cula
173 1625 313 1672 etiam
345 1623 540 1671 aemulis
571 1622 833 1671 studiorum
866 1623 1323 1687 compulsationibus
1356 1624 1666 1688 inquietaret,

37 1711 144 1746 cum
173 1696 264 1744 iam
297 1703 346 1743 et
375 1695 423 1741 in
457 1703 653 1759 quaestu
692 1693 868 1742 habere
911 1695 1185 1758 coepissent
1216 1695 1433 1742 venalem
1467 1703 1515 1742 et
1545 1709 1670 1741 mer-

37 1767 276 1816 cenariam
308 1765 522 1813 homines
553 1765 808 1812 violentiae
843 1781 955 1813 suae
990 1781 1201 1829 operam.
1277 1764 1343 1812 At
1375 1765 1499 1812 enim
1533 1764 1670 1812 nobis

35 1835 96 1885 ab
136 1837 262 1885 omni
300 1836 482 1900 gloriae
523 1844 572 1883 et
611 1834 856 1899 dignitatis
895 1835 1068 1883 ardore
1116 1836 1400 1899 frigentibus
1432 1836 1560 1882 nulla
1599 1843 1673 1882 est

38 1908 302 1957 necessitas
334 1914 518 1964 coetus,
550 1921 640 1953 nec
672 1906 767 1953 ulla
797 1906 948 1970 magis
981 1922 1059 1954 res
1092 1906 1262 1964 aliena,
1297 1923 1431 1970 quam
1464 1905 1668 1970 publica.

39 1977 186 2026 Unam
219 1977 420 2024 omnium
452 1976 785 2040 rempublicam
818 1978 1142 2040 agnoscimuS‚
1184 1977 1421 2024 mundum.
1498 1974 1669 2040 Aeque

41 2047 326 2113 spectaculis
355 2047 526 2095 vestris
557 2049 603 2095 in
636 2056 811 2095 tantum
844 2049 1185 2105 renuntiamus,
1239 2047 1286 2094 in
1320 2057 1540 2112 quantum
1574 2047 1671 2094 ori-

37 2118 226 2184 ginibus
258 2133 438 2176 eorum,
471 2134 585 2182 quas
616 2118 787 2166 scimus
820 2117 877 2165 de
896 2119 1231 2182 superstitione
1252 2127 1528 2183 conceptas,
1566 2134 1670 2164 cum

41 2198 90 2238 et
119 2189 233 2253 ipsis
263 2187 427 2246 rebus,
461 2187 519 2236 de
552 2189 718 2253 quibus
749 2191 1097 2254 transiguntur,
1138 2199 1507 2254 praetersumus.
1582 2187 1672 2236 Ni-

40 2259 107 2311 hil
137 2268 208 2309 est
238 2259 374 2307 nobis
407 2257 550 2317 dictu,
583 2261 698 2318 visu,
732 2259 891 2307 auditu
926 2276 1028 2307 cum
1062 2261 1243 2308 insania
1276 2261 1411 2318 circi,
1450 2277 1553 2307 cum
1586 2260 1672 2306 im-

32 2329 265 2395 pudicitia
295 2329 482 2388 theatri,
518 2346 619 2378 cum
652 2332 902 2378 atrocitate
936 2347 1127 2388 arenae,
1163 2347 1266 2379 cum
1292 2332 1500 2379 vanitate
1525 2330 1671 2395 xysti.

43 2399 202 2449 Licuit
235 2400 485 2465 Epicureis
515 2401 714 2465 aliquam
748 2401 1011 2450 decernere
1044 2402 1299 2466 voluptatis
1331 2402 1601 2449 veritatem.
1622 2398 1672 2462 3)

157 2582 199 2631 1)
230 2581 294 2622 lta
314 2585 519 2633 flavere-‚3
557 2586 676 2623 codd.
696 2597 841 2623 omnes
866 2586 1067 2623 civium.
1128 2586 1219 2632 Rig.
1246 2585 1401 2622 delevit
1424 2596 1486 2622 vv.
1512 2595 1675 2631 paene

44 2640 275 2682 omnium
311 2661 370 2670 —
399 2642 608 2690 generis
647 2643 879 2690 humani,
945 2642 1094 2688 quibus
1137 2642 1212 2678 alii
1259 2642 1437 2679 addunt:
1486 2640 1672 2689 potius,

45 2704 193 2745 quam
224 2697 426 2736 erroris
459 2697 683 2736 humani.
827 2695 868 2746 2)
902 2698 1059 2735 Pamel.
1102 2698 1279 2745 aliique:
1323 2710 1379 2735 ac
1413 2697 1674 2735 modestia

47 2753 224 2802 public
237 2765 276 2790 a.
394 2755 438 2802 3)
469 2755 584 2792 Haec
611 2766 676 2792 vv.
702 2756 743 2792 in
775 2755 866 2791 edd.
899 2758 997 2791 ante
1024 2755 1113 2803 Rig.
1144 2754 1189 2791 in
1214 2754 1295 2792 fine
1322 2754 1487 2792 demum
1520 2754 1674 2803 capitis

46 2810 249 2858 leguntur
278 2809 339 2847 ita
371 2811 551 2858 scripta:
600 2812 695 2849 Sed
728 2811 883 2848 licuit
911 2811 1196 2858 Epicureis
1238 2811 1469 2858 aliquam
1502 2811 1676 2849 decer·

49 2876 171 2904 nere
210 2865 507 2914 voluptati·
537 2867 840 2915 veritatem,
874 2868 921 2904 id
959 2871 1036 2904 est
1071 2868 1232 2905 animi
1269 2868 1592 2915 aequitatem
1627 2870 1678 2905 et

48 2921 220 2970 ampla
255 2923 481 2970 negotia.
544 2924 627 2961 Sed
652 2924 731 2961 hoc
760 2923 856 2961 loco
882 2935 932 2961 ea
960 2924 1004 2960 in
1032 2924 1124 2961 soto
1151 2924 1243 2961 cod.
1267 2923 1386 2962 Fuld.
1414 2924 1553 2973 posita
1576 2925 1677 2961 sunt

49 2979 204 3017 additio
226 2978 312 3016 bis:
341 2979 390 3015 id
412 2982 488 3016 est
506 2980 706 3017 animae
727 2980 1060 3027 aequitatem.
1105 2980 1274 3018 Herald.
1298 2981 1483 3019 scribere
1506 2980 1674 3018 maluit:

35 3034 271 3074 'Scilicet
294 3035 448 3072 licuit
464 3036 741 3084 Epicureis
769 3042 849 3074 etc.
915 3037 1078 3074 Wouw.
1094 3048 1149 3075 ex
1164 3047 1241 3075 suo
1258 3037 1471 3075 cod.hanc
1499 3036 1678 3085 protulit

27 3091 324 3140 “nuptm-am:
367 3091 633 3130 Sedlicuit
665 3093 749 3139 Ep.
781 3093 844 3130 al.
871 3092 974 3129 dec.
1010 3094 1103 3131 vol.
1138 3095 1434 3143 veritatem,
1478 3088 1676 3144 ἀταρα-

34 3144 167 3192 :seim
190 3146 276 3186 καὶ
297 3143 589 3201 ἀπραξίαν,
622 3148 671 3186 id
687 3152 764 3186 est
791 3149 950 3187 animi
973 3150 1291 3197 aequitatem
1322 3153 1372 3189 et
1401 3162 1425 3188 a
1450 3148 1678 3198 publicis

51 3205 280 3253 negotiis
307 3203 549 3251 requiem.

23 3363 57 3407 -Ξ

26 3413 59 3442 Ἣ
68 3414 74 3418 .

21 3446 62 3484 ξ’(
77 3467 79 3470 ⁴

14 3483 113 3554 a..
143 3523 146 3526 -
