<?xml version="1.0" encoding="UTF-8"?>
<!DOCTYPE html PUBLIC "-//W3C//DTD XHTML 1.0 Transitional//EN"
    "http://www.w3.org/TR/xhtml1/DTD/xhtml1-transitional.dtd">
<html xmlns="http://www.w3.org/1999/xhtml" xml:lang="en" lang="en">
 <head>
  <title>
</title>
<meta http-equiv="Content-Type" content="text/html;charset=utf-8" />
  <meta name='ocr-system' content='tesseract 3.04.00' />
  <meta name='ocr-capabilities' content='ocr_page ocr_carea ocr_par ocr_line ocrx_word'/>
</head>
<body>
  <div class='ocr_page' id='page_1' title='image "./operatert12tertuoft_0414.png"; bbox 0 0 1942 3554; ppageno 0'>
   <div class='ocr_carea' id='block_1_1' title="bbox 299 246 1340 293">
    <p class='ocr_par' dir='ltr' id='par_1_1' title="bbox 299 246 1340 293">
     <span class='ocr_line' id='line_1_1' title="bbox 299 246 1340 293; baseline -0.01 1"><span class='ocrx_word' id='word_1_1' title='bbox 299 248 425 293; x_wconf 66' lang='lat'><strong>142</strong></span> <span class='ocrx_word' id='word_1_2' title='bbox 875 247 958 284; x_wconf 90' lang='lat' dir='ltr'><strong>DE</strong></span> <span class='ocrx_word' id='word_1_3' title='bbox 1000 246 1340 284; x_wconf 87' lang='lat' dir='ltr'>PUDICITIA.</span> 
     </span>
    </p>
   </div>
   <div class='ocr_carea' id='block_1_2' title="bbox 299 355 1939 3026">
    <p class='ocr_par' dir='ltr' id='par_1_2' title="bbox 299 355 1930 1406">
     <span class='ocr_line' id='line_1_2' title="bbox 299 355 1917 422; baseline -0.002 -12"><span class='ocrx_word' id='word_1_4' title='bbox 299 363 481 418; x_wconf 88' lang='lat' dir='ltr'><strong>latriae,</strong></span> <span class='ocrx_word' id='word_1_5' title='bbox 514 359 594 406; x_wconf 90' lang='lat' dir='ltr'><strong>ubi</strong></span> <span class='ocrx_word' id='word_1_6' title='bbox 623 357 842 406; x_wconf 87' lang='lat' dir='ltr'><strong>immundi</strong></span> <span class='ocrx_word' id='word_1_7' title='bbox 882 358 1070 422; x_wconf 90' lang='lat' dir='ltr'><strong>spiritus</strong></span> <span class='ocrx_word' id='word_1_8' title='bbox 1100 374 1178 405; x_wconf 91' lang='lat' dir='ltr'><strong>res</strong></span> <span class='ocrx_word' id='word_1_9' title='bbox 1209 366 1304 417; x_wconf 83' lang='lat' dir='ltr'><strong>est3</strong></span> <span class='ocrx_word' id='word_1_10' title='bbox 1336 355 1509 405; x_wconf 82' lang='lat' dir='ltr'><strong>ibidem</strong></span> <span class='ocrx_word' id='word_1_11' title='bbox 1540 367 1612 407; x_wconf 85' lang='lat' dir='ltr'><strong>est</strong></span> <span class='ocrx_word' id='word_1_12' title='bbox 1641 366 1690 406; x_wconf 90' lang='lat' dir='ltr'><strong>et</strong></span> <span class='ocrx_word' id='word_1_13' title='bbox 1718 358 1917 407; x_wconf 79' lang='lat' dir='ltr'><strong>homici-</strong></span> 
     </span>
     <span class='ocr_line' id='line_1_3' title="bbox 300 427 1913 492; baseline -0.001 -13"><span class='ocrx_word' id='word_1_14' title='bbox 300 432 438 487; x_wconf 91' lang='lat' dir='ltr'><strong>dium,</strong></span> <span class='ocrx_word' id='word_1_15' title='bbox 470 429 549 476; x_wconf 90' lang='lat' dir='ltr'><strong>ubi</strong></span> <span class='ocrx_word' id='word_1_16' title='bbox 579 429 733 485; x_wconf 90' lang='lat' dir='ltr'><strong>homo,</strong></span> <span class='ocrx_word' id='word_1_17' title='bbox 768 445 902 491; x_wconf 89' lang='lat' dir='ltr'><strong>quum</strong></span> <span class='ocrx_word' id='word_1_18' title='bbox 933 430 1214 491; x_wconf 78' lang='lat' dir='ltr'><strong>inquinatur,</strong></span> <span class='ocrx_word' id='word_1_19' title='bbox 1249 427 1497 476; x_wconf 89' lang='lat' dir='ltr'><strong>occiditur.</strong></span> <span class='ocrx_word' id='word_1_20' title='bbox 1538 428 1688 492; x_wconf 84' lang='lat' dir='ltr'>Igitur</span> <span class='ocrx_word' id='word_1_21' title='bbox 1716 438 1796 476; x_wconf 89' lang='lat' dir='ltr'><strong>aut</strong></span> <span class='ocrx_word' id='word_1_22' title='bbox 1825 446 1913 478; x_wconf 89' lang='lat' dir='ltr'><strong>nec</strong></span> 
     </span>
     <span class='ocr_line' id='line_1_4' title="bbox 299 497 1924 562; baseline -0.001 -14"><span class='ocrx_word' id='word_1_23' title='bbox 299 503 391 549; x_wconf 86' lang='lat' dir='ltr'><strong>illis</strong></span> <span class='ocrx_word' id='word_1_24' title='bbox 422 509 502 547; x_wconf 88' lang='lat' dir='ltr'><strong>aut</strong></span> <span class='ocrx_word' id='word_1_25' title='bbox 532 500 670 546; x_wconf 90' lang='lat' dir='ltr'><strong>etiam</strong></span> <span class='ocrx_word' id='word_1_26' title='bbox 702 499 837 545; x_wconf 91' lang='lat' dir='ltr'><strong>nobis</strong></span> <span class='ocrx_word' id='word_1_27' title='bbox 868 500 1188 562; x_wconf 87' lang='lat' dir='ltr'><strong>poenitentiae</strong></span> <span class='ocrx_word' id='word_1_28' title='bbox 1220 497 1427 545; x_wconf 89' lang='lat' dir='ltr'><strong>subsidia</strong></span> <span class='ocrx_word' id='word_1_29' title='bbox 1466 501 1758 547; x_wconf 84' lang='lat' dir='ltr'><strong>convenient.</strong></span> <span class='ocrx_word' id='word_1_30' title='bbox 1821 499 1924 547; x_wconf 63' lang='lat' dir='ltr'><strong>Aue</strong></span> 
     </span>
     <span class='ocr_line' id='line_1_5' title="bbox 299 569 1914 633; baseline -0.001 -15"><span class='ocrx_word' id='word_1_31' title='bbox 299 570 560 618; x_wconf 82' lang='lat' dir='ltr'><strong>detinemus</strong></span> <span class='ocrx_word' id='word_1_32' title='bbox 605 585 730 626; x_wconf 87' lang='lat' dir='ltr'><strong>eam,</strong></span> <span class='ocrx_word' id='word_1_33' title='bbox 778 577 858 616; x_wconf 83' lang='lat' dir='ltr'><strong>aut</strong></span> <span class='ocrx_word' id='word_1_34' title='bbox 894 571 1143 632; x_wconf 80' lang='lat' dir='ltr'><strong>sequimur.</strong></span> <span class='ocrx_word' id='word_1_35' title='bbox 1205 569 1333 616; x_wconf 85' lang='lat' dir='ltr'><strong>Haec</strong></span> <span class='ocrx_word' id='word_1_36' title='bbox 1366 570 1495 633; x_wconf 84' lang='lat' dir='ltr'><strong>ipsae</strong></span> <span class='ocrx_word' id='word_1_37' title='bbox 1535 586 1612 617; x_wconf 91' lang='lat' dir='ltr'><strong>res</strong></span> <span class='ocrx_word' id='word_1_38' title='bbox 1651 570 1914 633; x_wconf 75' lang='lat' dir='ltr'><strong>loquuntur.</strong></span> 
     </span>
     <span class='ocr_line' id='line_1_6' title="bbox 301 638 1920 699; baseline -0.002 -11"><span class='ocrx_word' id='word_1_39' title='bbox 301 640 352 688; x_wconf 91' lang='lat' dir='ltr'><strong>Si</strong></span> <span class='ocrx_word' id='word_1_40' title='bbox 383 657 460 688; x_wconf 91' lang='lat' dir='ltr'><strong>res</strong></span> <span class='ocrx_word' id='word_1_41' title='bbox 488 655 608 687; x_wconf 91' lang='lat' dir='ltr'><strong>voce</strong></span> <span class='ocrx_word' id='word_1_42' title='bbox 640 638 879 696; x_wconf 88' lang='lat' dir='ltr'><strong>deficiunt,</strong></span> <span class='ocrx_word' id='word_1_43' title='bbox 912 639 1096 686; x_wconf 79' lang='lat' dir='ltr'><strong>adsistit</strong></span> <span class='ocrx_word' id='word_1_44' title='bbox 1125 638 1416 697; x_wconf 82' lang='lat' dir='ltr'><strong>idololatres,</strong></span> <span class='ocrx_word' id='word_1_45' title='bbox 1448 638 1634 688; x_wconf 81' lang='lat' dir='ltr'><strong>adsistit</strong></span> <span class='ocrx_word' id='word_1_46' title='bbox 1663 639 1920 699; x_wconf 81' lang='lat' dir='ltr'><strong>homicida,¹</strong></span> 
     </span>
     <span class='ocr_line' id='line_1_7' title="bbox 299 709 1923 774; baseline -0.001 -15"><span class='ocrx_word' id='word_1_47' title='bbox 299 713 347 759; x_wconf 92' lang='lat' dir='ltr'><strong>in</strong></span> <span class='ocrx_word' id='word_1_48' title='bbox 379 709 533 759; x_wconf 88' lang='lat' dir='ltr'><strong>medio</strong></span> <span class='ocrx_word' id='word_1_49' title='bbox 566 726 728 757; x_wconf 88' lang='lat' dir='ltr'><strong>eorum</strong></span> <span class='ocrx_word' id='word_1_50' title='bbox 767 709 951 757; x_wconf 86' lang='lat' dir='ltr'><strong>adsistit</strong></span> <span class='ocrx_word' id='word_1_51' title='bbox 981 719 1029 757; x_wconf 91' lang='lat' dir='ltr'><strong>et</strong></span> <span class='ocrx_word' id='word_1_52' title='bbox 1057 710 1295 758; x_wconf 87' lang='lat' dir='ltr'><strong>moechus.</strong></span> <span class='ocrx_word' id='word_1_53' title='bbox 1356 710 1542 763; x_wconf 83' lang='lat' dir='ltr'><strong>Pariter</strong></span> <span class='ocrx_word' id='word_1_54' title='bbox 1578 710 1650 759; x_wconf 36' lang='lat' dir='ltr'><strong>del</strong></span> <span class='ocrx_word' id='word_1_55' title='bbox 1673 712 1923 774; x_wconf 80' lang='lat' dir='ltr'><strong>poeniten-</strong></span> 
     </span>
     <span class='ocr_line' id='line_1_8' title="bbox 299 774 1930 839; baseline -0.001 -10"><span class='ocrx_word' id='word_1_56' title='bbox 299 784 394 829; x_wconf 91' lang='lat' dir='ltr'><strong>tiae</strong></span> <span class='ocrx_word' id='word_1_57' title='bbox 427 781 579 829; x_wconf 90' lang='lat' dir='ltr'><strong>officio</strong></span> <span class='ocrx_word' id='word_1_58' title='bbox 612 779 831 828; x_wconf 86' lang='lat' dir='ltr'><strong>sedentes</strong></span> <span class='ocrx_word' id='word_1_59' title='bbox 862 781 910 827; x_wconf 92' lang='lat' dir='ltr'><strong>in</strong></span> <span class='ocrx_word' id='word_1_60' title='bbox 941 797 1081 828; x_wconf 91' lang='lat' dir='ltr'><strong>sacco</strong></span> <span class='ocrx_word' id='word_1_61' title='bbox 1114 790 1162 827; x_wconf 90' lang='lat' dir='ltr'><strong>et</strong></span> <span class='ocrx_word' id='word_1_62' title='bbox 1187 782 1345 828; x_wconf 89' lang='lat' dir='ltr'><strong>cinere</strong></span> <span class='ocrx_word' id='word_1_63' title='bbox 1376 774 1720 839; x_wconf 81' lang='lat' dir='ltr'><strong>inhorrescunt,</strong></span> <span class='ocrx_word' id='word_1_64' title='bbox 1753 780 1930 828; x_wconf 72' lang='lat' dir='ltr'><strong>eodem</strong></span> 
     </span>
     <span class='ocr_line' id='line_1_9' title="bbox 301 850 1927 915; baseline -0.001 -15"><span class='ocrx_word' id='word_1_65' title='bbox 301 854 414 900; x_wconf 87' lang='lat' dir='ltr'><strong>flatu</strong></span> <span class='ocrx_word' id='word_1_66' title='bbox 445 853 729 915; x_wconf 78' lang='lat' dir='ltr'><strong>gemiscunt,</strong></span> <span class='ocrx_word' id='word_1_67' title='bbox 777 850 952 899; x_wconf 89' lang='lat' dir='ltr'><strong>eisdem</strong></span> <span class='ocrx_word' id='word_1_68' title='bbox 983 851 1204 914; x_wconf 84' lang='lat' dir='ltr'><strong>precibus</strong></span> <span class='ocrx_word' id='word_1_69' title='bbox 1235 851 1463 909; x_wconf 90' lang='lat' dir='ltr'><strong>ambiunt,</strong></span> <span class='ocrx_word' id='word_1_70' title='bbox 1510 850 1687 899; x_wconf 88' lang='lat' dir='ltr'><strong>eisdem</strong></span> <span class='ocrx_word' id='word_1_71' title='bbox 1725 851 1927 914; x_wconf 80' lang='lat' dir='ltr'><strong>genibus</strong></span> 
     </span>
     <span class='ocr_line' id='line_1_10' title="bbox 303 921 1930 985; baseline -0.002 -14"><span class='ocrx_word' id='word_1_72' title='bbox 303 931 516 979; x_wconf 82' lang='lat' dir='ltr'><strong>exorant,</strong></span> <span class='ocrx_word' id='word_1_73' title='bbox 551 921 746 969; x_wconf 89' lang='lat' dir='ltr'><strong>eandem</strong></span> <span class='ocrx_word' id='word_1_74' title='bbox 779 923 999 969; x_wconf 84' lang='lat' dir='ltr'><strong>invocant</strong></span> <span class='ocrx_word' id='word_1_75' title='bbox 1029 930 1238 968; x_wconf 89' lang='lat' dir='ltr'><strong>matrem.</strong></span> <span class='ocrx_word' id='word_1_76' title='bbox 1287 921 1407 980; x_wconf 86' lang='lat' dir='ltr'><strong>Quid</strong></span> <span class='ocrx_word' id='word_1_77' title='bbox 1445 924 1546 985; x_wconf 87' lang='lat' dir='ltr'><strong>agis</strong></span> <span class='ocrx_word' id='word_1_78' title='bbox 1576 922 1844 969; x_wconf 88' lang='lat' dir='ltr'><strong>mollissima</strong></span> <span class='ocrx_word' id='word_1_79' title='bbox 1875 921 1930 969; x_wconf 59' lang='lat' dir='ltr'><strong>et»</strong></span> 
     </span>
     <span class='ocr_line' id='line_1_11' title="bbox 302 991 1921 1055; baseline -0.001 -14"><span class='ocrx_word' id='word_1_80' title='bbox 302 993 631 1041; x_wconf 86' lang='lat' dir='ltr'><strong>humanissima</strong></span> <span class='ocrx_word' id='word_1_81' title='bbox 662 991 938 1055; x_wconf 82' lang='lat' dir='ltr'><strong>disciplina?</strong></span> <span class='ocrx_word' id='word_1_82' title='bbox 983 1001 1062 1039; x_wconf 90' lang='lat' dir='ltr'><strong>aut</strong></span> <span class='ocrx_word' id='word_1_83' title='bbox 1101 992 1311 1038; x_wconf 89' lang='lat' dir='ltr'><strong>omnihus</strong></span> <span class='ocrx_word' id='word_1_84' title='bbox 1343 993 1411 1039; x_wconf 89' lang='lat' dir='ltr'><strong>eis</strong></span> <span class='ocrx_word' id='word_1_85' title='bbox 1442 993 1533 1039; x_wconf 92' lang='lat' dir='ltr'><strong>hoc</strong></span> <span class='ocrx_word' id='word_1_86' title='bbox 1565 1008 1669 1039; x_wconf 91' lang='lat' dir='ltr'><strong>esse</strong></span> <span class='ocrx_word' id='word_1_87' title='bbox 1710 991 1921 1049; x_wconf 82' lang='lat' dir='ltr'><strong>debebiS,</strong></span> 
     </span>
     <span class='ocr_line' id='line_1_12' title="bbox 305 1063 1921 1125; baseline -0.001 -15"><span class='ocrx_word' id='word_1_88' title='bbox 305 1065 455 1123; x_wconf 86' lang='lat' dir='ltr'><strong>(beati</strong></span> <span class='ocrx_word' id='word_1_89' title='bbox 496 1063 617 1110; x_wconf 90' lang='lat' dir='ltr'><strong>enim</strong></span> <span class='ocrx_word' id='word_1_90' title='bbox 662 1063 952 1125; x_wconf 82' lang='lat' dir='ltr'><strong>pacifici1),)</strong></span> <span class='ocrx_word' id='word_1_91' title='bbox 1001 1071 1082 1109; x_wconf 89' lang='lat' dir='ltr'><strong>aut</strong></span> <span class='ocrx_word' id='word_1_92' title='bbox 1126 1063 1164 1108; x_wconf 91' lang='lat' dir='ltr'><strong>si</strong></span> <span class='ocrx_word' id='word_1_93' title='bbox 1210 1079 1302 1108; x_wconf 90' lang='lat' dir='ltr'><strong>non</strong></span> <span class='ocrx_word' id='word_1_94' title='bbox 1334 1063 1569 1120; x_wconf 88' lang='lat' dir='ltr'><strong>omnibus,</strong></span> <span class='ocrx_word' id='word_1_95' title='bbox 1609 1071 1769 1110; x_wconf 89' lang='lat' dir='ltr'><strong>nostra</strong></span> <span class='ocrx_word' id='word_1_96' title='bbox 1801 1078 1921 1110; x_wconf 88' lang='lat' dir='ltr'><strong>esse.</strong></span> 
     </span>
     <span class='ocr_line' id='line_1_13' title="bbox 304 1130 1924 1195; baseline -0.001 -14"><span class='ocrx_word' id='word_1_97' title='bbox 304 1133 607 1181; x_wconf 89' lang='lat' dir='ltr'><strong>Idololatram</strong></span> <span class='ocrx_word' id='word_1_98' title='bbox 647 1131 832 1195; x_wconf 91' lang='lat' dir='ltr'><strong>quidem</strong></span> <span class='ocrx_word' id='word_1_99' title='bbox 864 1141 912 1178; x_wconf 90' lang='lat' dir='ltr'><strong>et</strong></span> <span class='ocrx_word' id='word_1_100' title='bbox 941 1130 1221 1178; x_wconf 87' lang='lat' dir='ltr'><strong>homicidam</strong></span> <span class='ocrx_word' id='word_1_101' title='bbox 1253 1133 1397 1179; x_wconf 91' lang='lat' dir='ltr'><strong>semel</strong></span> <span class='ocrx_word' id='word_1_102' title='bbox 1429 1132 1641 1190; x_wconf 89' lang='lat' dir='ltr'><strong>damnas,</strong></span> <span class='ocrx_word' id='word_1_103' title='bbox 1679 1133 1924 1180; x_wconf 88' lang='lat' dir='ltr'><strong>moechum</strong></span> 
     </span>
     <span class='ocr_line' id='line_1_14' title="bbox 303 1200 1924 1265; baseline -0.001 -15"><span class='ocrx_word' id='word_1_104' title='bbox 303 1215 420 1250; x_wconf 90' lang='lat' dir='ltr'><strong>vero</strong></span> <span class='ocrx_word' id='word_1_105' title='bbox 452 1202 510 1249; x_wconf 91' lang='lat' dir='ltr'><strong>de</strong></span> <span class='ocrx_word' id='word_1_106' title='bbox 542 1201 696 1249; x_wconf 91' lang='lat' dir='ltr'><strong>medio</strong></span> <span class='ocrx_word' id='word_1_107' title='bbox 730 1202 933 1265; x_wconf 84' lang='lat' dir='ltr'><strong>excipiS,</strong></span> <span class='ocrx_word' id='word_1_108' title='bbox 966 1200 1248 1248; x_wconf 88' lang='lat' dir='ltr'><strong>idololatrae</strong></span> <span class='ocrx_word' id='word_1_109' title='bbox 1281 1218 1628 1260; x_wconf 88' lang='lat' dir='ltr'><strong>successorem,</strong></span> <span class='ocrx_word' id='word_1_110' title='bbox 1659 1202 1924 1250; x_wconf 85' lang='lat' dir='ltr'><strong>homicidae</strong></span> 
     </span>
     <span class='ocr_line' id='line_1_15' title="bbox 307 1271 1924 1336; baseline -0.001 -16"><span class='ocrx_word' id='word_1_111' title='bbox 307 1282 672 1329; x_wconf 83' lang='lat' dir='ltr'><strong>antecessorem,</strong></span> <span class='ocrx_word' id='word_1_112' title='bbox 706 1273 947 1334; x_wconf 90' lang='lat' dir='ltr'><strong>utriusque</strong></span> <span class='ocrx_word' id='word_1_113' title='bbox 981 1271 1242 1334; x_wconf 86' lang='lat' dir='ltr'><strong>collegam?</strong></span> <span class='ocrx_word' id='word_1_114' title='bbox 1272 1271 1513 1321; x_wconf 57' lang='lat' dir='ltr'><strong>Personae*</strong></span> <span class='ocrx_word' id='word_1_115' title='bbox 1532 1274 1806 1336; x_wconf 80' lang='lat' dir='ltr'><strong>acceptatio</strong></span> <span class='ocrx_word' id='word_1_116' title='bbox 1838 1281 1924 1330; x_wconf 90' lang='lat' dir='ltr'><strong>est,</strong></span> 
     </span>
     <span class='ocr_line' id='line_1_16' title="bbox 307 1343 1294 1424; baseline -0.001 -34"><span class='ocrx_word' id='word_1_117' title='bbox 307 1343 674 1391; x_wconf 87' lang='lat' dir='ltr'><strong>miserabiliores</strong></span> <span class='ocrx_word' id='word_1_118' title='bbox 704 1343 1019 1424; x_wconf 70' lang='lat' dir='ltr'><strong>poenitentias</strong></span> <span class='ocrx_word' id='word_1_119' title='bbox 1050 1343 1294 1405; x_wconf 87' lang='lat' dir='ltr'><strong>reliquisti.</strong></span> 
     </span>
    </p>

    <p class='ocr_par' dir='ltr' id='par_1_3' title="bbox 307 1375 1939 3026">
     <span class='ocr_line' id='line_1_17' title="bbox 449 1375 1928 1495; baseline 0.001 -36"><span class='ocrx_word' id='word_1_120' title='bbox 449 1418 495 1465; x_wconf 93' lang='lat'><strong>6.</strong></span> <span class='ocrx_word' id='word_1_121' title='bbox 558 1413 701 1460; x_wconf 90' lang='lat' dir='ltr'><strong>Plane</strong></span> <span class='ocrx_word' id='word_1_122' title='bbox 734 1414 772 1459; x_wconf 92' lang='lat' dir='ltr'><strong>si</strong></span> <span class='ocrx_word' id='word_1_123' title='bbox 805 1411 1049 1470; x_wconf 88' lang='lat' dir='ltr'><strong>ostendas,</strong></span> <span class='ocrx_word' id='word_1_124' title='bbox 1091 1411 1148 1459; x_wconf 92' lang='lat' dir='ltr'><strong>de</strong></span> <span class='ocrx_word' id='word_1_125' title='bbox 1182 1412 1345 1476; x_wconf 90' lang='lat' dir='ltr'><strong>quibus</strong></span> <span class='ocrx_word' id='word_1_126' title='bbox 1375 1375 1652 1478; x_wconf 67' lang='lat' dir='ltr'><strong>patrociniis</strong></span> <span class='ocrx_word' id='word_1_127' title='bbox 1689 1413 1928 1495; x_wconf 81' lang='lat' dir='ltr'><strong>exemplo·-</strong></span> 
     </span>
     <span class='ocr_line' id='line_1_18' title="bbox 307 1484 1939 1547; baseline 0 -16"><span class='ocrx_word' id='word_1_128' title='bbox 307 1501 407 1533; x_wconf 89' lang='lat' dir='ltr'><strong>rum</strong></span> <span class='ocrx_word' id='word_1_129' title='bbox 449 1492 904 1547; x_wconf 84' lang='lat' dir='ltr'><strong>praeceptorumque</strong></span> <span class='ocrx_word' id='word_1_130' title='bbox 953 1484 1226 1530; x_wconf 89' lang='lat' dir='ltr'><strong>coelestium</strong></span> <span class='ocrx_word' id='word_1_131' title='bbox 1272 1484 1360 1531; x_wconf 92' lang='lat' dir='ltr'><strong>soli</strong></span> <span class='ocrx_word' id='word_1_132' title='bbox 1404 1484 1648 1532; x_wconf 87' lang='lat' dir='ltr'><strong>moechiae</strong></span> <span class='ocrx_word' id='word_1_133' title='bbox 1694 1492 1742 1532; x_wconf 90' lang='lat' dir='ltr'><strong>et</strong></span> <span class='ocrx_word' id='word_1_134' title='bbox 1785 1485 1832 1531; x_wconf 93' lang='lat' dir='ltr'><strong>in</strong></span> <span class='ocrx_word' id='word_1_135' title='bbox 1872 1499 1939 1531; x_wconf 85' lang='lat' dir='ltr'><strong>ea-</strong></span> 
     </span>
     <span class='ocr_line' id='line_1_19' title="bbox 307 1553 1927 1619; baseline -0.001 -15"><span class='ocrx_word' id='word_1_136' title='bbox 307 1555 611 1604; x_wconf 89' lang='lat' dir='ltr'><strong>fornicationi</strong></span> <span class='ocrx_word' id='word_1_137' title='bbox 645 1570 827 1618; x_wconf 92' lang='lat' dir='ltr'><strong>quoque</strong></span> <span class='ocrx_word' id='word_1_138' title='bbox 860 1556 1043 1601; x_wconf 89' lang='lat' dir='ltr'><strong>ianuam</strong></span> <span class='ocrx_word' id='word_1_139' title='bbox 1072 1555 1394 1617; x_wconf 91' lang='lat' dir='ltr'><strong>poenitentiae</strong></span> <span class='ocrx_word' id='word_1_140' title='bbox 1426 1554 1684 1619; x_wconf 82' lang='lat' dir='ltr'><strong>expandas,</strong></span> <span class='ocrx_word' id='word_1_141' title='bbox 1718 1553 1777 1602; x_wconf 91' lang='lat' dir='ltr'><strong>ad</strong></span> <span class='ocrx_word' id='word_1_142' title='bbox 1808 1554 1927 1602; x_wconf 88' lang='lat' dir='ltr'><strong>hanc</strong></span> 
     </span>
     <span class='ocr_line' id='line_1_20' title="bbox 309 1623 1928 1687; baseline -0.001 -15"><span class='ocrx_word' id='word_1_143' title='bbox 309 1626 399 1672; x_wconf 91' lang='lat' dir='ltr'><strong>iam</strong></span> <span class='ocrx_word' id='word_1_144' title='bbox 431 1626 599 1671; x_wconf 90' lang='lat' dir='ltr'><strong>lineam</strong></span> <span class='ocrx_word' id='word_1_145' title='bbox 631 1623 873 1672; x_wconf 87' lang='lat' dir='ltr'><strong>dimicabit</strong></span> <span class='ocrx_word' id='word_1_146' title='bbox 903 1633 1064 1671; x_wconf 86' lang='lat' dir='ltr'><strong>nostra</strong></span> <span class='ocrx_word' id='word_1_147' title='bbox 1095 1626 1386 1687; x_wconf 87' lang='lat' dir='ltr'><strong>congressio.</strong></span> <span class='ocrx_word' id='word_1_148' title='bbox 1419 1624 1744 1673; x_wconf 89' lang='lat' dir='ltr'><strong>Praescribam</strong></span> <span class='ocrx_word' id='word_1_149' title='bbox 1775 1634 1928 1672; x_wconf 89' lang='lat' dir='ltr'><strong>tamen</strong></span> 
     </span>
     <span class='ocr_line' id='line_1_21' title="bbox 311 1694 1928 1752; baseline 0 -10"><span class='ocrx_word' id='word_1_150' title='bbox 311 1696 396 1742; x_wconf 90' lang='lat' dir='ltr'><strong>tibi</strong></span> <span class='ocrx_word' id='word_1_151' title='bbox 426 1696 621 1743; x_wconf 87' lang='lat' dir='ltr'><strong>formam</strong></span> <span class='ocrx_word' id='word_1_152' title='bbox 654 1711 850 1742; x_wconf 86' lang='lat' dir='ltr'><strong>necesse</strong></span> <span class='ocrx_word' id='word_1_153' title='bbox 883 1704 975 1752; x_wconf 87' lang='lat' dir='ltr'><strong>est,</strong></span> <span class='ocrx_word' id='word_1_154' title='bbox 1024 1711 1081 1742; x_wconf 88' lang='lat' dir='ltr'><strong>ne</strong></span> <span class='ocrx_word' id='word_1_155' title='bbox 1115 1694 1173 1742; x_wconf 89' lang='lat' dir='ltr'><strong>ad</strong></span> <span class='ocrx_word' id='word_1_156' title='bbox 1203 1705 1382 1743; x_wconf 83' lang='lat' dir='ltr'><strong>vetera</strong></span> <span class='ocrx_word' id='word_1_157' title='bbox 1404 1712 1586 1742; x_wconf 91' lang='lat' dir='ltr'><strong>manum</strong></span> <span class='ocrx_word' id='word_1_158' title='bbox 1617 1696 1823 1751; x_wconf 90' lang='lat' dir='ltr'><strong>emittas,</strong></span> <span class='ocrx_word' id='word_1_159' title='bbox 1871 1711 1928 1742; x_wconf 90' lang='lat' dir='ltr'><strong>ne</strong></span> 
     </span>
     <span class='ocr_line' id='line_1_22' title="bbox 311 1764 1930 1829; baseline 0 -17"><span class='ocrx_word' id='word_1_160' title='bbox 311 1767 359 1812; x_wconf 93' lang='lat' dir='ltr'><strong>in</strong></span> <span class='ocrx_word' id='word_1_161' title='bbox 410 1774 547 1829; x_wconf 89' lang='lat' dir='ltr'><strong>terga</strong></span> <span class='ocrx_word' id='word_1_162' title='bbox 587 1767 841 1829; x_wconf 67' lang='lat' dir='ltr'><strong>respicias.</strong></span> <span class='ocrx_word' id='word_1_163' title='bbox 929 1766 1109 1814; x_wconf 87' lang='lat' dir='ltr'><strong>Vetera</strong></span> <span class='ocrx_word' id='word_1_164' title='bbox 1162 1782 1283 1813; x_wconf 90' lang='lat' dir='ltr'><strong>emm</strong></span> <span class='ocrx_word' id='word_1_165' title='bbox 1335 1767 1620 1813; x_wconf 85' lang='lat' dir='ltr'><strong>transierunt</strong></span> <span class='ocrx_word' id='word_1_166' title='bbox 1677 1764 1930 1813; x_wconf 88' lang='lat' dir='ltr'><strong>secundum</strong></span> 
     </span>
     <span class='ocr_line' id='line_1_23' title="bbox 313 1836 1929 1894; baseline 0.001 -12"><span class='ocrx_word' id='word_1_167' title='bbox 313 1836 523 1894; x_wconf 87' lang='lat' dir='ltr'><strong>Esaiam,</strong></span> <span class='ocrx_word' id='word_1_168' title='bbox 570 1845 617 1883; x_wconf 92' lang='lat' dir='ltr'><strong>et</strong></span> <span class='ocrx_word' id='word_1_169' title='bbox 656 1845 827 1883; x_wconf 89' lang='lat' dir='ltr'><strong>novata</strong></span> <span class='ocrx_word' id='word_1_170' title='bbox 867 1845 939 1884; x_wconf 88' lang='lat' dir='ltr'><strong>est</strong></span> <span class='ocrx_word' id='word_1_171' title='bbox 975 1836 1067 1883; x_wconf 91' lang='lat' dir='ltr'><strong>iam</strong></span> <span class='ocrx_word' id='word_1_172' title='bbox 1105 1838 1293 1884; x_wconf 85' lang='lat' dir='ltr'><strong>novatio</strong></span> <span class='ocrx_word' id='word_1_173' title='bbox 1340 1836 1592 1884; x_wconf 90' lang='lat' dir='ltr'><strong>secuu&#39;dum</strong></span> <span class='ocrx_word' id='word_1_174' title='bbox 1628 1836 1929 1893; x_wconf 84' lang='lat' dir='ltr'><strong>Hieremiam,</strong></span> 
     </span>
     <span class='ocr_line' id='line_1_24' title="bbox 315 1899 1932 1971; baseline -0.001 -17"><span class='ocrx_word' id='word_1_175' title='bbox 315 1915 364 1954; x_wconf 93' lang='lat' dir='ltr'><strong>et</strong></span> <span class='ocrx_word' id='word_1_176' title='bbox 402 1907 534 1954; x_wconf 89' lang='lat' dir='ltr'><strong>obliti</strong></span> <span class='ocrx_word' id='word_1_177' title='bbox 571 1909 882 1970; x_wconf 89' lang='lat' dir='ltr'><strong>posteriorum</strong></span> <span class='ocrx_word' id='word_1_178' title='bbox 921 1909 967 1954; x_wconf 93' lang='lat' dir='ltr'><strong>in</strong></span> <span class='ocrx_word' id='word_1_179' title='bbox 1005 1909 1166 1971; x_wconf 91' lang='lat' dir='ltr'><strong>priora</strong></span> <span class='ocrx_word' id='word_1_180' title='bbox 1201 1907 1486 1971; x_wconf 86' lang='lat' dir='ltr'><strong>porrigimur</strong></span> <span class='ocrx_word' id='word_1_181' title='bbox 1523 1899 1774 1954; x_wconf 85' lang='lat' dir='ltr'><strong>secundum</strong></span> <span class='ocrx_word' id='word_1_182' title='bbox 1819 1922 1932 1970; x_wconf 87' lang='lat' dir='ltr'><strong>apo-</strong></span> 
     </span>
     <span class='ocr_line' id='line_1_25' title="bbox 316 1976 1932 2042; baseline 0 -19"><span class='ocrx_word' id='word_1_183' title='bbox 316 1978 507 2034; x_wconf 81' lang='lat' dir='ltr'><strong>stolum,</strong></span> <span class='ocrx_word' id='word_1_184' title='bbox 555 1987 603 2024; x_wconf 90' lang='lat' dir='ltr'><strong>et</strong></span> <span class='ocrx_word' id='word_1_185' title='bbox 640 1978 717 2024; x_wconf 86' lang='lat' dir='ltr'><strong>lex</strong></span> <span class='ocrx_word' id='word_1_186' title='bbox 755 1987 803 2024; x_wconf 91' lang='lat' dir='ltr'><strong>et</strong></span> <span class='ocrx_word' id='word_1_187' title='bbox 839 1978 1100 2042; x_wconf 90' lang='lat' dir='ltr'><strong>prophetae</strong></span> <span class='ocrx_word' id='word_1_188' title='bbox 1139 1994 1282 2042; x_wconf 91' lang='lat' dir='ltr'><strong>usque</strong></span> <span class='ocrx_word' id='word_1_189' title='bbox 1322 1977 1382 2025; x_wconf 89' lang='lat' dir='ltr'><strong>ad</strong></span> <span class='ocrx_word' id='word_1_190' title='bbox 1420 1978 1641 2025; x_wconf 91' lang='lat' dir='ltr'><strong>Ioannem</strong></span> <span class='ocrx_word' id='word_1_191' title='bbox 1679 1976 1932 2025; x_wconf 87' lang='lat' dir='ltr'><strong>secundnm</strong></span> 
     </span>
     <span class='ocr_line' id='line_1_26' title="bbox 316 2046 1931 2112; baseline -0.001 -17"><span class='ocrx_word' id='word_1_192' title='bbox 316 2048 562 2096; x_wconf 89' lang='lat' dir='ltr'><strong>Dominum</strong></span> <span class='ocrx_word' id='word_1_193' title='bbox 577 2050 640 2108; x_wconf 81' lang='grc'><strong>2).</strong></span> <span class='ocrx_word' id='word_1_194' title='bbox 703 2048 821 2095; x_wconf 92' lang='lat' dir='ltr'><strong>Nam</strong></span> <span class='ocrx_word' id='word_1_195' title='bbox 854 2058 902 2095; x_wconf 93' lang='lat' dir='ltr'><strong>et</strong></span> <span class='ocrx_word' id='word_1_196' title='bbox 932 2050 970 2095; x_wconf 94' lang='lat' dir='ltr'><strong>si</strong></span> <span class='ocrx_word' id='word_1_197' title='bbox 1003 2066 1105 2095; x_wconf 92' lang='lat' dir='ltr'><strong>cum</strong></span> <span class='ocrx_word' id='word_1_198' title='bbox 1136 2050 1334 2110; x_wconf 81' lang='lat' dir='ltr'><strong>maxime</strong></span> <span class='ocrx_word' id='word_1_199' title='bbox 1366 2065 1390 2095; x_wconf 88' lang='lat' dir='ltr'><strong>a</strong></span> <span class='ocrx_word' id='word_1_200' title='bbox 1424 2049 1531 2112; x_wconf 89' lang='lat' dir='ltr'><strong>lege</strong></span> <span class='ocrx_word' id='word_1_201' title='bbox 1573 2048 1817 2112; x_wconf 85' lang='lat' dir='ltr'><strong>coepimus</strong></span> <span class='ocrx_word' id='word_1_202' title='bbox 1851 2046 1931 2094; x_wconf 89' lang='lat' dir='ltr'><strong>de-</strong></span> 
     </span>
     <span class='ocr_line' id='line_1_27' title="bbox 316 2115 1931 2183; baseline 0 -19"><span class='ocrx_word' id='word_1_203' title='bbox 316 2115 618 2165; x_wconf 88' lang='lat' dir='ltr'><strong>monstrando</strong></span> <span class='ocrx_word' id='word_1_204' title='bbox 650 2120 926 2176; x_wconf 85' lang='lat' dir='ltr'><strong>moechiam,</strong></span> <span class='ocrx_word' id='word_1_205' title='bbox 960 2121 1126 2166; x_wconf 90' lang='lat' dir='ltr'><strong>merito</strong></span> <span class='ocrx_word' id='word_1_206' title='bbox 1158 2120 1216 2166; x_wconf 92' lang='lat' dir='ltr'><strong>ab</strong></span> <span class='ocrx_word' id='word_1_207' title='bbox 1249 2135 1306 2166; x_wconf 91' lang='lat' dir='ltr'><strong>eo</strong></span> <span class='ocrx_word' id='word_1_208' title='bbox 1338 2127 1460 2166; x_wconf 90' lang='lat' dir='ltr'><strong>statu</strong></span> <span class='ocrx_word' id='word_1_209' title='bbox 1492 2115 1634 2181; x_wconf 80' lang='lat' dir='ltr'><strong>legis,</strong></span> <span class='ocrx_word' id='word_1_210' title='bbox 1646 2134 1779 2183; x_wconf 90' lang='lat' dir='ltr'><strong>quem</strong></span> <span class='ocrx_word' id='word_1_211' title='bbox 1798 2117 1931 2165; x_wconf 86' lang='lat' dir='ltr'><strong>Chri-</strong></span> 
     </span>
     <span class='ocr_line' id='line_1_28' title="bbox 317 2187 1931 2253; baseline -0.001 -17"><span class='ocrx_word' id='word_1_212' title='bbox 317 2197 414 2236; x_wconf 91' lang='lat' dir='ltr'><strong>stus</strong></span> <span class='ocrx_word' id='word_1_213' title='bbox 460 2205 553 2234; x_wconf 90' lang='lat' dir='ltr'><strong>non</strong></span> <span class='ocrx_word' id='word_1_214' title='bbox 599 2187 831 2246; x_wconf 89' lang='lat' dir='ltr'><strong>dissolvit,</strong></span> <span class='ocrx_word' id='word_1_215' title='bbox 879 2188 962 2237; x_wconf 89' lang='lat' dir='ltr'><strong>sed</strong></span> <span class='ocrx_word' id='word_1_216' title='bbox 1000 2190 1220 2253; x_wconf 90' lang='lat' dir='ltr'><strong>implevit.</strong></span> <span class='ocrx_word' id='word_1_217' title='bbox 1285 2189 1441 2236; x_wconf 88' lang='lat' dir='ltr'><strong>Onera</strong></span> <span class='ocrx_word' id='word_1_218' title='bbox 1479 2190 1599 2236; x_wconf 91' lang='lat' dir='ltr'><strong>enim</strong></span> <span class='ocrx_word' id='word_1_219' title='bbox 1639 2190 1758 2252; x_wconf 89' lang='lat' dir='ltr'><strong>legis</strong></span> <span class='ocrx_word' id='word_1_220' title='bbox 1787 2203 1931 2252; x_wconf 89' lang='lat' dir='ltr'><strong>usque</strong></span> 
     </span>
     <span class='ocr_line' id='line_1_29' title="bbox 319 2256 1932 2322; baseline -0.001 -17"><span class='ocrx_word' id='word_1_221' title='bbox 319 2257 378 2305; x_wconf 89' lang='lat' dir='ltr'><strong>ad</strong></span> <span class='ocrx_word' id='word_1_222' title='bbox 410 2258 653 2314; x_wconf 87' lang='lat' dir='ltr'><strong>Ioannem,</strong></span> <span class='ocrx_word' id='word_1_223' title='bbox 701 2275 794 2304; x_wconf 90' lang='lat' dir='ltr'><strong>non</strong></span> <span class='ocrx_word' id='word_1_224' title='bbox 825 2258 1056 2317; x_wconf 80' lang='lat' dir='ltr'><strong>remedia3</strong></span> <span class='ocrx_word' id='word_1_225' title='bbox 1091 2276 1284 2322; x_wconf 91' lang='lat' dir='ltr'><strong>operum</strong></span> <span class='ocrx_word' id='word_1_226' title='bbox 1315 2261 1424 2321; x_wconf 89' lang='lat' dir='ltr'><strong>iuga</strong></span> <span class='ocrx_word' id='word_1_227' title='bbox 1454 2256 1638 2318; x_wconf 83' lang='lat' dir='ltr'><strong>reiecta</strong></span> <span class='ocrx_word' id='word_1_228' title='bbox 1665 2267 1793 2316; x_wconf 88' lang='lat' dir='ltr'><strong>sunt,</strong></span> <span class='ocrx_word' id='word_1_229' title='bbox 1840 2275 1932 2305; x_wconf 90' lang='lat' dir='ltr'><strong>non</strong></span> 
     </span>
     <span class='ocr_line' id='line_1_30' title="bbox 319 2327 1932 2391; baseline 0 -17"><span class='ocrx_word' id='word_1_230' title='bbox 319 2327 691 2391; x_wconf 68' lang='lat' dir='ltr'><strong>disciplinarum,</strong></span> <span class='ocrx_word' id='word_1_231' title='bbox 725 2329 917 2375; x_wconf 89' lang='lat' dir='ltr'><strong>libertas</strong></span> <span class='ocrx_word' id='word_1_232' title='bbox 948 2330 994 2374; x_wconf 91' lang='lat' dir='ltr'><strong>in</strong></span> <span class='ocrx_word' id='word_1_233' title='bbox 1028 2329 1213 2375; x_wconf 89' lang='lat' dir='ltr'><strong>Christo</strong></span> <span class='ocrx_word' id='word_1_234' title='bbox 1246 2330 1338 2374; x_wconf 84' lang='lat' dir='ltr'><strong>non</strong></span> <span class='ocrx_word' id='word_1_235' title='bbox 1370 2329 1485 2375; x_wconf 85' lang='lat' dir='ltr'><strong>fecit</strong></span> <span class='ocrx_word' id='word_1_236' title='bbox 1522 2330 1822 2376; x_wconf 86' lang='lat' dir='ltr'><strong>innocentiae</strong></span> <span class='ocrx_word' id='word_1_237' title='bbox 1862 2329 1932 2375; x_wconf 89' lang='lat' dir='ltr'><strong>in-</strong></span> 
     </span>
     <span class='ocr_line' id='line_1_31' title="bbox 319 2398 1933 2462; baseline 0.001 -17"><span class='ocrx_word' id='word_1_238' title='bbox 319 2399 500 2446; x_wconf 89' lang='lat' dir='ltr'><strong>iuriam.</strong></span> <span class='ocrx_word' id='word_1_239' title='bbox 561 2398 721 2445; x_wconf 87' lang='lat' dir='ltr'><strong>Manet</strong></span> <span class='ocrx_word' id='word_1_240' title='bbox 753 2399 830 2445; x_wconf 84' lang='lat' dir='ltr'><strong>lex</strong></span> <span class='ocrx_word' id='word_1_241' title='bbox 861 2407 959 2445; x_wconf 91' lang='lat' dir='ltr'><strong>tota</strong></span> <span class='ocrx_word' id='word_1_242' title='bbox 989 2400 1192 2462; x_wconf 90' lang='lat' dir='ltr'><strong>pietatis,</strong></span> <span class='ocrx_word' id='word_1_243' title='bbox 1226 2398 1504 2456; x_wconf 85' lang='lat' dir='ltr'><strong>sanctitatis,</strong></span> <span class='ocrx_word' id='word_1_244' title='bbox 1522 2399 1834 2456; x_wconf 85' lang='lat' dir='ltr'><strong>humanitatis,</strong></span> <span class='ocrx_word' id='word_1_245' title='bbox 1851 2414 1933 2446; x_wconf 87' lang='lat' dir='ltr'><strong>ve-</strong></span> 
     </span>
     <span class='ocr_line' id='line_1_32' title="bbox 320 2468 1934 2533; baseline 0 -17"><span class='ocrx_word' id='word_1_246' title='bbox 320 2470 489 2526; x_wconf 89' lang='lat' dir='ltr'><strong>ritatis,</strong></span> <span class='ocrx_word' id='word_1_247' title='bbox 523 2469 767 2526; x_wconf 88' lang='lat' dir='ltr'><strong>castitatis,</strong></span> <span class='ocrx_word' id='word_1_248' title='bbox 801 2470 1021 2526; x_wconf 88' lang='lat' dir='ltr'><strong>iustitiae,</strong></span> <span class='ocrx_word' id='word_1_249' title='bbox 1054 2468 1425 2527; x_wconf 86' lang='lat' dir='ltr'><strong>misericordiae,</strong></span> <span class='ocrx_word' id='word_1_250' title='bbox 1457 2469 1831 2531; x_wconf 76' lang='lat' dir='ltr'><strong>benevolentiae,</strong></span> <span class='ocrx_word' id='word_1_251' title='bbox 1850 2485 1934 2533; x_wconf 77' lang='lat' dir='ltr'><strong>pu-</strong></span> 
     </span>
     <span class='ocr_line' id='line_1_33' title="bbox 323 2538 1934 2602; baseline 0.001 -15"><span class='ocrx_word' id='word_1_252' title='bbox 323 2540 530 2587; x_wconf 88' lang='lat' dir='ltr'><strong>dicitiae.</strong></span> <span class='ocrx_word' id='word_1_253' title='bbox 593 2539 644 2586; x_wconf 87' lang='lat' dir='ltr'><strong>ln</strong></span> <span class='ocrx_word' id='word_1_254' title='bbox 685 2556 773 2602; x_wconf 90' lang='lat' dir='ltr'><strong>qua</strong></span> <span class='ocrx_word' id='word_1_255' title='bbox 804 2540 934 2601; x_wconf 89' lang='lat' dir='ltr'><strong>lege:</strong></span> <span class='ocrx_word' id='word_1_256' title='bbox 980 2539 1143 2587; x_wconf 87' lang='lat' dir='ltr'><strong>beatus</strong></span> <span class='ocrx_word' id='word_1_257' title='bbox 1179 2540 1273 2596; x_wconf 83' lang='lat' dir='ltr'><strong>vir,</strong></span> <span class='ocrx_word' id='word_1_258' title='bbox 1321 2540 1396 2602; x_wconf 92' lang='lat' dir='ltr'><strong>qui</strong></span> <span class='ocrx_word' id='word_1_259' title='bbox 1435 2538 1734 2588; x_wconf 89' lang='lat' dir='ltr'><strong>meditabitur</strong></span> <span class='ocrx_word' id='word_1_260' title='bbox 1771 2538 1846 2586; x_wconf 90' lang='lat' dir='ltr'><strong>die</strong></span> <span class='ocrx_word' id='word_1_261' title='bbox 1879 2555 1934 2588; x_wconf 82' lang='lat' dir='ltr'><strong>ac</strong></span> 
     </span>
     <span class='ocr_line' id='line_1_34' title="bbox 323 2608 1935 2673; baseline 0 -16"><span class='ocrx_word' id='word_1_262' title='bbox 323 2620 463 2658; x_wconf 88' lang='lat' dir='ltr'><strong>nocte</strong></span> <span class='ocrx_word' id='word_1_263' title='bbox 481 2608 544 2671; x_wconf 73' lang='lat'><strong>²³).</strong></span> <span class='ocrx_word' id='word_1_264' title='bbox 607 2610 677 2657; x_wconf 93' lang='lat' dir='ltr'><strong>De</strong></span> <span class='ocrx_word' id='word_1_265' title='bbox 710 2626 799 2673; x_wconf 89' lang='lat' dir='ltr'><strong>qua</strong></span> <span class='ocrx_word' id='word_1_266' title='bbox 829 2609 951 2657; x_wconf 91' lang='lat' dir='ltr'><strong>idem</strong></span> <span class='ocrx_word' id='word_1_267' title='bbox 983 2609 1133 2658; x_wconf 91' lang='lat' dir='ltr'><strong>David</strong></span> <span class='ocrx_word' id='word_1_268' title='bbox 1163 2625 1342 2657; x_wconf 88' lang='lat' dir='ltr'><strong>rursus:</strong></span> <span class='ocrx_word' id='word_1_269' title='bbox 1384 2610 1460 2657; x_wconf 79' lang='lat' dir='ltr'><strong>lex</strong></span> <span class='ocrx_word' id='word_1_270' title='bbox 1491 2609 1677 2671; x_wconf 82' lang='lat' dir='ltr'><strong>Domini</strong></span> <span class='ocrx_word' id='word_1_271' title='bbox 1706 2608 1935 2673; x_wconf 82' lang='lat' dir='ltr'><strong>invitupe—</strong></span> 
     </span>
     <span class='ocr_line' id='line_1_35' title="bbox 323 2678 1936 2746; baseline 0 -18"><span class='ocrx_word' id='word_1_272' title='bbox 323 2682 500 2739; x_wconf 81' lang='lat' dir='ltr'><strong>rabilis,</strong></span> <span class='ocrx_word' id='word_1_273' title='bbox 535 2690 814 2728; x_wconf 83' lang='lat' dir='ltr'><strong>convertens</strong></span> <span class='ocrx_word' id='word_1_274' title='bbox 845 2681 1043 2739; x_wconf 86' lang='lat' dir='ltr'><strong>animas3</strong></span> <span class='ocrx_word' id='word_1_275' title='bbox 1077 2682 1177 2728; x_wconf 86' lang='lat' dir='ltr'><strong>iura</strong></span> <span class='ocrx_word' id='word_1_276' title='bbox 1209 2678 1382 2729; x_wconf 90' lang='lat' dir='ltr'><strong>domini</strong></span> <span class='ocrx_word' id='word_1_277' title='bbox 1413 2679 1616 2746; x_wconf 64' lang='lat' dir='ltr'><strong>directa-3</strong></span> <span class='ocrx_word' id='word_1_278' title='bbox 1647 2680 1936 2742; x_wconf 15' lang='lat' dir='ltr'><strong>*oblectantia</strong></span> 
     </span>
     <span class='ocr_line' id='line_1_36' title="bbox 327 2749 1934 2815; baseline -0.001 -17"><span class='ocrx_word' id='word_1_279' title='bbox 327 2751 486 2809; x_wconf 91' lang='lat' dir='ltr'><strong>corda,</strong></span> <span class='ocrx_word' id='word_1_280' title='bbox 518 2759 827 2815; x_wconf 51' lang='lat' dir='ltr'><strong>praeceptum¹</strong></span> <span class='ocrx_word' id='word_1_281' title='bbox 852 2749 1025 2798; x_wconf 86' lang='lat' dir='ltr'><strong>domini</strong></span> <span class='ocrx_word' id='word_1_282' title='bbox 1057 2751 1195 2814; x_wconf 92' lang='lat' dir='ltr'><strong>longe</strong></span> <span class='ocrx_word' id='word_1_283' title='bbox 1215 2752 1389 2809; x_wconf 90' lang='lat' dir='ltr'><strong>lucens,</strong></span> <span class='ocrx_word' id='word_1_284' title='bbox 1421 2750 1683 2802; x_wconf 83' lang='lat' dir='ltr'><strong>illuminans</strong></span> <span class='ocrx_word' id='word_1_285' title='bbox 1702 2751 1934 2810; x_wconf 52' lang='lat' dir='ltr'><strong>oeulos4),</strong></span> 
     </span>
     <span class='ocr_line' id='line_1_37' title="bbox 329 2821 1935 2885; baseline 0 -17"><span class='ocrx_word' id='word_1_286' title='bbox 329 2821 408 2869; x_wconf 88' lang='lat' dir='ltr'><strong>Sic</strong></span> <span class='ocrx_word' id='word_1_287' title='bbox 443 2832 491 2868; x_wconf 91' lang='lat' dir='ltr'><strong>et</strong></span> <span class='ocrx_word' id='word_1_288' title='bbox 521 2823 783 2885; x_wconf 85' lang='lat' dir='ltr'><strong>apostolus:</strong></span> <span class='ocrx_word' id='word_1_289' title='bbox 820 2821 981 2884; x_wconf 88' lang='lat' dir='ltr'><strong>Itaque</strong></span> <span class='ocrx_word' id='word_1_290' title='bbox 1000 2821 1078 2869; x_wconf 84' lang='lat' dir='ltr'><strong>lex</strong></span> <span class='ocrx_word' id='word_1_291' title='bbox 1095 2821 1278 2885; x_wconf 89' lang='lat' dir='ltr'><strong>quidem</strong></span> <span class='ocrx_word' id='word_1_292' title='bbox 1296 2831 1458 2869; x_wconf 88' lang='lat' dir='ltr'><strong>sancta</strong></span> <span class='ocrx_word' id='word_1_293' title='bbox 1475 2830 1547 2869; x_wconf 90' lang='lat' dir='ltr'><strong>est</strong></span> <span class='ocrx_word' id='word_1_294' title='bbox 1570 2830 1618 2868; x_wconf 84' lang='lat' dir='ltr'><strong>et</strong></span> <span class='ocrx_word' id='word_1_295' title='bbox 1633 2828 1935 2885; x_wconf 87' lang='lat' dir='ltr'><strong>praeceptum</strong></span> 
     </span>
     <span class='ocr_line' id='line_1_38' title="bbox 328 2890 1934 2956; baseline -0.001 -17"><span class='ocrx_word' id='word_1_296' title='bbox 328 2900 535 2939; x_wconf 88' lang='lat' dir='ltr'><strong>sanctum</strong></span> <span class='ocrx_word' id='word_1_297' title='bbox 555 2901 602 2939; x_wconf 88' lang='lat' dir='ltr'><strong>et</strong></span> <span class='ocrx_word' id='word_1_298' title='bbox 620 2893 863 2956; x_wconf 80' lang='lat' dir='ltr'><strong>optimum3</strong></span> <span class='ocrx_word' id='word_1_299' title='bbox 896 2893 1077 2955; x_wconf 75' lang='lat' dir='ltr'><strong>utiquet</strong></span> <span class='ocrx_word' id='word_1_300' title='bbox 1111 2892 1562 2940; x_wconf 77' lang='lat' dir='ltr'><strong>non-moechaberis·</strong></span> <span class='ocrx_word' id='word_1_301' title='bbox 1596 2890 1692 2939; x_wconf 91' lang='lat' dir='ltr'><strong>Sed</strong></span> <span class='ocrx_word' id='word_1_302' title='bbox 1709 2900 1758 2939; x_wconf 92' lang='lat' dir='ltr'><strong>et</strong></span> <span class='ocrx_word' id='word_1_303' title='bbox 1773 2907 1934 2955; x_wconf 84' lang='lat' dir='ltr'><strong>supra:</strong></span> 
     </span>
     <span class='ocr_line' id='line_1_39' title="bbox 327 2960 1935 3026; baseline -0.002 -16"><span class='ocrx_word' id='word_1_304' title='bbox 327 2962 504 3025; x_wconf 88' lang='lat' dir='ltr'><strong>Legem</strong></span> <span class='ocrx_word' id='word_1_305' title='bbox 544 2979 659 3025; x_wconf 89' lang='lat' dir='ltr'><strong>ergo</strong></span> <span class='ocrx_word' id='word_1_306' title='bbox 701 2979 976 3010; x_wconf 89' lang='lat' dir='ltr'><strong>evacuamus</strong></span> <span class='ocrx_word' id='word_1_307' title='bbox 1006 2979 1093 3026; x_wconf 91' lang='lat' dir='ltr'><strong>per</strong></span> <span class='ocrx_word' id='word_1_308' title='bbox 1123 2962 1291 3011; x_wconf 79' lang='lat' dir='ltr'><strong>fidem?</strong></span> <span class='ocrx_word' id='word_1_309' title='bbox 1320 2963 1462 3021; x_wconf 90' lang='lat' dir='ltr'><strong>absit,</strong></span> <span class='ocrx_word' id='word_1_310' title='bbox 1509 2960 1592 3010; x_wconf 89' lang='lat' dir='ltr'><strong>sed</strong></span> <span class='ocrx_word' id='word_1_311' title='bbox 1629 2962 1782 3025; x_wconf 83' lang='lat' dir='ltr'><strong>legem</strong></span> <span class='ocrx_word' id='word_1_312' title='bbox 1813 2962 1935 3008; x_wconf 88' lang='lat' dir='ltr'><strong>sisti·</strong></span> 
     </span>
    </p>
   </div>
   <div class='ocr_carea' id='block_1_3' title="bbox 333 3130 1934 3241">
    <p class='ocr_par' dir='ltr' id='par_1_4' title="bbox 333 3130 1934 3241">
     <span class='ocr_line' id='line_1_40' title="bbox 443 3130 1934 3186; baseline 0 -17"><span class='ocrx_word' id='word_1_313' title='bbox 443 3132 487 3178; x_wconf 86' lang='lat'><strong>1)</strong></span> <span class='ocrx_word' id='word_1_314' title='bbox 503 3132 650 3170; x_wconf 75' lang='lat' dir='ltr'><strong>Matth.</strong></span> <span class='ocrx_word' id='word_1_315' title='bbox 672 3135 708 3180; x_wconf 88' lang='lat'><strong>5,</strong></span> <span class='ocrx_word' id='word_1_316' title='bbox 729 3137 766 3170; x_wconf 84' lang='lat'><strong>6.</strong></span> <span class='ocrx_word' id='word_1_317' title='bbox 881 3130 927 3185; x_wconf 83' lang='lat'><strong>2)</strong></span> <span class='ocrx_word' id='word_1_318' title='bbox 945 3135 1020 3171; x_wconf 78' lang='lat' dir='ltr'><strong>les.</strong></span> <span class='ocrx_word' id='word_1_319' title='bbox 1040 3136 1104 3182; x_wconf 77' lang='lat'><strong>43,</strong></span> <span class='ocrx_word' id='word_1_320' title='bbox 1126 3136 1176 3171; x_wconf 86' lang='lat'><strong>18</strong></span> <span class='ocrx_word' id='word_1_321' title='bbox 1195 3147 1253 3182; x_wconf 84' lang='lat' dir='ltr'><strong>sq.</strong></span> <span class='ocrx_word' id='word_1_322' title='bbox 1285 3136 1362 3174; x_wconf 76' lang='lat' dir='ltr'><strong>[er.</strong></span> <span class='ocrx_word' id='word_1_323' title='bbox 1381 3135 1420 3186; x_wconf 82' lang='lat'><strong>4,</strong></span> <span class='ocrx_word' id='word_1_324' title='bbox 1438 3135 1476 3171; x_wconf 72' lang='lat'><strong>4.</strong></span> <span class='ocrx_word' id='word_1_325' title='bbox 1512 3132 1616 3171; x_wconf 82' lang='lat' dir='ltr'><strong>Phil.</strong></span> <span class='ocrx_word' id='word_1_326' title='bbox 1633 3133 1671 3182; x_wconf 78' lang='lat'><strong>3,</strong></span> <span class='ocrx_word' id='word_1_327' title='bbox 1689 3133 1754 3170; x_wconf 84' lang='lat'><strong>13.</strong></span> <span class='ocrx_word' id='word_1_328' title='bbox 1786 3130 1934 3169; x_wconf 72' lang='lat' dir='ltr'><strong>Matth.</strong></span> 
     </span>
     <span class='ocr_line' id='line_1_41' title="bbox 333 3185 1295 3241; baseline 0.004 -16"><span class='ocrx_word' id='word_1_329' title='bbox 333 3190 483 3238; x_wconf 85' lang='lat'><strong>11,13.</strong></span> <span class='ocrx_word' id='word_1_330' title='bbox 600 3185 643 3241; x_wconf 85' lang='grc'><strong>3)</strong></span> <span class='ocrx_word' id='word_1_331' title='bbox 663 3189 727 3225; x_wconf 78' lang='lat' dir='ltr'><strong>Ps.</strong></span> <span class='ocrx_word' id='word_1_332' title='bbox 747 3191 783 3238; x_wconf 87' lang='lat'><strong>1,</strong></span> <span class='ocrx_word' id='word_1_333' title='bbox 804 3189 841 3225; x_wconf 88' lang='lat'><strong>2.</strong></span> <span class='ocrx_word' id='word_1_334' title='bbox 964 3192 1008 3239; x_wconf 81' lang='lat'><strong>4)</strong></span> <span class='ocrx_word' id='word_1_335' title='bbox 1027 3191 1091 3229; x_wconf 70' lang='lat' dir='ltr'><strong>Pa.</strong></span> <span class='ocrx_word' id='word_1_336' title='bbox 1112 3193 1176 3239; x_wconf 84' lang='grc'><strong>18,</strong></span> <span class='ocrx_word' id='word_1_337' title='bbox 1197 3194 1219 3228; x_wconf 89' lang='grc'>8</span> <span class='ocrx_word' id='word_1_338' title='bbox 1237 3203 1295 3238; x_wconf 68' lang='lat' dir='ltr'><strong>tq.</strong></span> 
     </span>
    </p>
   </div>
  </div>
 </body>
</html>
