1942 3554
635 257 718 296 DE
747 257 1092 296 rumcrrlA.
1547 250 1675 297 165

81 375 209 419 ἰιιιιιε
236 369 570 436 impudicitiae,
603 371 904 419 moechorum
937 381 985 419 et
1014 371 1356 419 fornicatorum
1387 378 1436 418 et
1466 369 1675 416 incesto-

96 443 157 490 ιιι
186 443 324 507 plane
357 440 652 490 fidelissimus
690 441 960 500 advocatus,
994 442 1159 506 quibus
1195 440 1484 489 honorandis
1515 455 1676 487 susce-

30 566 46 574 ,
73 521 125 578 ιιι
142 512 272 560 banc
305 529 516 561 caussam
548 513 771 561 adversu's
803 515 1015 577 spiritum
1045 522 1280 571 sanctum,
1319 521 1371 559 ut
1406 512 1571 559 falsum
1602 519 1676 558 te-

93 584 317 634 ·monium
346 585 521 632 recitet
559 584 618 632 de
659 586 873 654 apostolo
913 586 1043 632 eius?
1100 583 1230 630 Nihil
1269 584 1363 630 tale
1395 582 1565 630 Paulus
1603 582 1674 628 in-

82 640 207 712 'isit
241 655 318 719 qui
349 663 495 702 totam
528 657 683 703 carnis
722 657 1052 702 necessitatem
1092 653 1150 702 de
1189 655 1351 718 probis
1391 655 1531 701 etiam
1562 655 1675 700 titu-

32 741 45 770 λ
92 748 99 766 :
153 725 408 779 obliterare
455 735 666 774 conatur.
728 725 947 789 Indulget
990 741 1102 773 sane
1148 742 1241 772 non
1287 724 1541 781 adulteria,
1589 722 1674 771 sed

14 811 31 852 g·
63 853 66 854 ⁷
93 797 258 860 ptias3
289 798 444 861 parcit
473 813 585 844 sane
615 798 936 854 matrimoniis,
969 813 1062 842 non
1093 797 1289 859 stupris,
1322 798 1475 842 tentat
1505 811 1563 842 ne
1591 811 1674 841 na-

39 876 70 918 ·‘J
133 882 185 934 ge
215 866 400 932 quidem
430 869 699 931 ignoscere,
732 883 791 914 ne
825 868 991 930 culpae
1021 866 1313 925 blandiatur3
1354 865 1515 913 studet
1544 882 1673 912 com-

32 942 34 945 ’
83 953 245 986 scere
274 937 623 986 benedictionis
655 938 968 994 concubitum,
1002 953 1060 983 ne
1092 936 1440 984 maledictionis
1473 952 1673 983 excuse-

97 1043 138 1056 .
200 1007 302 1056 Hoc
347 1010 392 1057 ei
424 1018 692 1073 supererat,
728 1024 916 1056 carnem
947 1009 1023 1055 vel
1054 1024 1082 1054 a
1109 1007 1330 1067 sordibus
1367 1023 1597 1072 purgare,
1644 1023 1674 1053 a

72 1118 92 1130 ,.
152 1080 240 1127 ulis
278 1081 401 1127 enim
436 1097 532 1127 non
566 1089 740 1144 potest.
802 1078 899 1127 Sed
937 1088 1010 1127 est
1045 1079 1136 1126 hoc
1175 1079 1401 1126 sollemne
1434 1080 1672 1142 perversis

36 1177 66 1208 ι,
122 1149 285 1199 idiotis
306 1150 586 1208 haereticis,
618 1152 710 1198 iam
740 1159 790 1198 et
818 1150 1054 1214 psychicis
1085 1150 1330 1207 universis,
1364 1151 1560 1196 alicuius
1593 1157 1672 1196 ca-

70 1215 180 1289 sttuli
218 1222 436 1285 ancipitis
475 1224 728 1270 occasione
767 1219 990 1269 adversus
1028 1223 1289 1268 exercitum
1333 1222 1671 1268 sententiarum

27 1288 81 1333 ἰι
104 1293 342 1340 trumenti
371 1294 515 1340 totius
546 1294 733 1340 armari.

14 1386 61 1413 2,
194 1366 273 1414 17.
334 1362 552 1411 Provoca
582 1363 640 1412 ad
672 1365 980 1428 apostolicam
1018 1365 1192 1422 aciem,
1240 1364 1400 1426 aspice
1448 1362 1671 1426 epistolas

22 1435 162 1490 v‘us,
195 1449 356 1481 omnes
386 1451 472 1498 pro
503 1433 744 1499 pudicitia,
776 1452 863 1499 pro
898 1436 1129 1492 castitate,
1161 1450 1248 1498 pro
1266 1435 1516 1481 sanctitate
1533 1449 1673 1497 prae-

25 1503 257 1564 Vadunt,
291 1521 454 1552 omnes
484 1507 531 1552 in
562 1502 777 1554 luxuriae
810 1515 859 1554 et
890 1507 1111 1553 lasciviae
1145 1514 1193 1552 et
1231 1504 1438 1552 libidinis
1478 1506 1673 1568 negotia

122 1576 321 1623 ulantur.
413 1575 533 1635 Quid
586 1575 788 1641 denique
843 1585 892 1625 et
934 1577 1432 1624 Thessalonicensibus
1477 1577 1672 1623 scribit?

35 1662 38 1667 ·
65 1644 311 1695 *dvocatio
350 1649 473 1695 enim
512 1657 675 1695 nostra
704 1665 798 1695 non
839 1664 899 1696 ex
929 1647 1230 1705 seductione,
1263 1663 1352 1695 nec
1386 1663 1445 1695 ex
1476 1648 1669 1694 immun-

77 1718 175 1766 tia.
234 1717 317 1766 Et:
365 1717 495 1767 Haec
528 1728 601 1766 est
627 1720 842 1768 voluntas
873 1719 973 1777 dei,
1021 1720 1329 1767 sanctimonia
1358 1727 1538 1775 vestra,
1586 1719 1669 1766 ab-

0 1812 34 1855 .'
63 1789 220 1838 ‘'4‘ere2s
223 1806 341 1838 vos
384 1807 414 1837 a
455 1790 795 1848 fornicatione,
842 1793 965 1838 scire
1007 1805 1373 1853 unumquemque
1418 1806 1499 1836 vas
1538 1806 1668 1836 suum

15 1857 22 1862 ’
78 1868 81 1874 “
114 1830 332 1909 sidere'
319 1878 367 1909 ιιι
396 1862 706 1908 sanctimonia
737 1870 785 1909 ct
814 1861 1016 1918 honore,
1049 1878 1142 1907 non
1174 1862 1219 1907 in
1259 1859 1451 1907 libidine
1493 1876 1666 1907 concu-

0 1917 328 1995 ¹scentiae,
375 1933 498 1979 sicut
541 1934 778 1990 nationes,
827 1948 944 1996 quae
991 1931 1125 1979 deum
1172 1933 1391 1994 ignorant
1407 1933 1468 1991 ¹).
1547 1930 1664 1990 Quid

7 2003 245 2060 ‘'As-alatae
290 2003 482 2066 legunt?
537 2003 789 2051 Manifesta
834 2012 940 2051 sunt
985 2019 1131 2067 opera
1178 2004 1348 2050 carnis.
1429 2002 1664 2061 Quaenam

0 2074 26 2148 ξ
67 2076 164 2120 ta?
221 2073 274 2122 In
304 2075 465 2138 primis
502 2076 659 2138 posuit
695 2075 1081 2131 fornicationem,
1128 2073 1484 2131 immunditiam,
1525 2074 1664 2121 lasci-

66 2145 179 2253 fam,
212 2161 331 2210 quae
368 2144 596 2209 praedico
634 2146 790 2204 vobis,
837 2147 959 2193 sicut
987 2137 1224 2209 praedixi,
1274 2144 1398 2208 quod
1438 2146 1512 2209 qui
1551 2146 1665 2192 talia

0 2235 25 2241 ’
70 2265 95 2273 ,,
100 2238 122 2257 σε
149 2224 203 2274 t,
234 2229 429 2280 regnum
461 2215 536 2264 dei
567 2234 659 2263 non
691 2225 796 2265 sunt
826 2218 1124 2264 consecuturi
1155 2215 1448 2263 haereditate
1465 2218 1528 2276 2).
1570 2216 1664 2263 Ro-

10 2294 25 2336 ’,
132 2287 167 2333 i
194 2303 310 2335 vero
343 2286 452 2352 quid
483 2289 632 2351 magis
663 2287 870 2345 discunt,
918 2305 1051 2352 quam
1092 2305 1183 2334 non
1217 2286 1546 2350 derelinquere
1579 2287 1664 2334 do-

0 2398 29 2424 f„
71 2355 77 2367 ²
119 2374 213 2405 ιιιιι
242 2366 351 2423 post
380 2357 548 2406 fidem?
607 2358 726 2418 Quid
758 2375 874 2422 ergo
907 2358 1146 2407 dicemus?
1182 2359 1586 2422 perseverabimus
1617 2360 1663 2406 in

73 2426 137 2473 ’4“
141 2430 376 2492 nquentia,
407 2438 460 2477 ut
488 2439 680 2494 superet
709 2431 891 2493 gratia?
946 2429 1099 2477 Absit.
1178 2430 1263 2488 Qui
1302 2431 1471 2476 mortui
1510 2447 1663 2477 sumus

0 2496 18 2508 ”
82 2499 409 2563 linquentiae,
442 2500 675 2564 quomodo
705 2503 911 2548 vivemus
941 2503 987 2547 in
1026 2518 1083 2548 ea
1121 2500 1304 2547 adhuc?
1359 2499 1434 2547 An
1473 2501 1663 2563 ignora-

152 2569 292 2635 qnod,
325 2572 403 2634 qui
435 2572 568 2618 tincti
599 2588 755 2619 sumus
786 2573 831 2617 in
865 2571 1053 2618 Christo
1081 2572 1214 2627 Iesu,
1248 2573 1293 2617 in
1333 2580 1529 2619 mortem
1563 2574 1662 2620 eius

7 2668 17 2678 ν
91 2657 201 2708 vus
226 2642 393 2688 tincti?
451 2640 723 2706 Consepulti
756 2658 871 2704 ergo
904 2642 970 2688 illi
1002 2659 1154 2688 sumus
1186 2657 1272 2705 per
1309 2642 1584 2706 baptismum
1616 2645 1663 2690 in

90 2721 263 2780 ptem,
309 2721 361 2759 ut
389 2712 511 2758 sicut
541 2712 753 2760 Christus
792 2715 1053 2759 resurrexit
1082 2730 1109 2759 a
1143 2714 1355 2772 mortuis,
1403 2716 1468 2762 ita
1499 2725 1547 2763 et
1577 2732 1662 2763 nos

95 2784 327 2831 novitate
365 2783 490 2829 vitae
528 2783 813 2831 incedamus.
877 2781 927 2829 Si
967 2785 1087 2831 enim
1127 2786 1307 2831 consati
1346 2802 1498 2834 sumus
1514 2789 1560 2846 3)
1600 2789 1662 2834 si-

0 2894 22 2920 ζ’.
87 2870 251 2908 acro
281 2855 444 2900 mortis
476 2855 596 2911 eius,
630 2854 712 2901 sed
744 2863 792 2903 et
821 2857 1182 2902 resurrectionis
1213 2857 1406 2914 erimus,
1447 2858 1538 2905 hoc
1570 2860 1662 2905 sci—

0 2946 12 2974 .’
234 2923 365 2989 quod
401 2933 534 2972 vetus
565 2925 703 2971 homo
736 2934 898 2972 noster
929 2927 1138 2972 confixus
1178 2937 1249 2974 est
1279 2927 1361 2974 illi.
1424 2927 1476 2975 Si
1507 2938 1660 2977 autem

102 3048 105 3049 ⁷
165 2997 214 3043 ui
244 3012 397 3043 sumus
429 3012 530 3043 cum
564 2995 774 3053 Christo,
823 2995 1077 3055 credimus,
1125 2997 1246 3061 quod
1277 3007 1326 3046 et
1365 3001 1660 3048 convivemus

107 3162 201 3215 ιι)
218 3168 242 3204 1
260 3166 408 3206 Thess.
427 3169 465 3215 2,
488 3169 524 3206 3.
542 3169 582 3216 4,
601 3169 622 3205 3
642 3180 727 3216 sqq.
856 3170 901 3218 2)
920 3169 1010 3209 Gal.
1030 3172 1067 3220 5,
1089 3172 1152 3208 19.
1270 3169 1312 3221 3)
1335 3172 1404 3210 Sic
1431 3172 1493 3210 ed.
1518 3172 1657 3222 Fran„

87 3272 101 3281 ψ
121 3234 202 3273 ιιι,
222 3224 367 3272 Seml.;
400 3225 493 3264 alii:
525 3226 828 3275 consepulti
860 3239 962 3265 sum
979 3239 1044 3266 us.
