1942 3554
483 132 570 170 An
607 129 985 171 NATtoNEs
1024 130 1135 168 mn
1188 131 1219 167 1.
1565 127 1678 175 157

32 273 134 323 *tsi
163 271 325 320 inclita
355 273 504 320 minus
535 281 771 336 spernunt.
829 269 1007 336 Atquin
1041 270 1280 319 extraneis
1313 278 1402 316 tam
1435 269 1675 317 honorare

26 345 181 409 ‘quam
218 342 491 407 confingere
531 344 681 406 magis
722 343 978 405 competit.
1000 377 1010 389 .
1032 378 1042 389 .
1063 377 1074 389 .
1109 340 1476 389 domesticorum
1517 341 1676 388 curio-

0 415 160 482 4⁸itas
189 415 343 462 furata
375 423 449 462 est
494 430 580 478 per
623 413 812 460 rimulas
855 422 902 460 et
935 428 1179 460 cavernas.
1261 410 1407 471 Quid,
1452 427 1555 458 cum
1589 410 1675 457 do-

0 486 1 546 }
35 486 230 534 mestici
261 501 345 532 eos
375 484 508 532 vobis
539 482 770 547 prodant?
809 482 979 530 Omnes
1011 500 1037 530 a
1068 484 1205 530 nullis
1238 484 1386 546 magis
1412 482 1671 546 prodimur,

0 553 1 591 ἕ
33 565 217 622 quanto
247 556 410 618 magis,
443 556 482 601 si
512 555 737 601 atrocitas
762 562 890 600 tanta
922 554 997 611 sit,
1032 569 1151 617 quae
1183 554 1362 600 iustitia
1387 552 1674 616 indignatio-

0 654 1 673 ÷
39 628 115 674 ais
153 640 336 674 omnem
381 624 709 672 familiaritatis
755 622 892 671 fidem
924 625 1115 687 rumpit,
1171 640 1263 670 non
1302 624 1513 687 potuerit
1559 640 1674 670 con-

0 722 1 725 *
40 698 216 754 tinere,
272 693 398 761 quod
435 694 638 753 horruit,
678 710 834 752 mens,
884 693 1008 758 quod
1049 695 1256 757 expavit,
1299 694 1494 741 oculus?
1568 694 1671 740 Hoc

40 781 227 833 qnoque
251 767 445 824 mirum,
485 767 525 813 si
566 774 614 812 et
653 765 757 823 ille,
800 765 877 828 qui
909 773 1038 811 tanto
1071 765 1393 828 impatientiae
1427 766 1528 811 iure
1561 781 1671 827 pro-

0 835 191 896 -ffluit,
240 835 431 885 deferre
478 845 527 884 et
572 853 663 882 non
703 835 908 899 probare
950 836 1117 899 gestit,
1166 845 1215 882 et
1245 836 1346 892 ille,
1398 836 1475 899 qui
1507 833 1669 891 audiit,

36 923 135 956 non
173 916 222 956 et
258 909 304 967 1)
337 906 501 955 videre
536 907 743 966 curavit3
796 905 1026 970 siquidem
1059 922 1144 970 par
1175 906 1355 953 fructus
1389 915 1462 954 est
1495 914 1544 953 et
1590 904 1673 952 de-

34 979 228 1037 Ἰεῑοι-ἰε,
294 979 334 1026 si
381 977 505 1042 quod
552 977 718 1025 detulit
771 977 963 1040 probet,
1041 986 1090 1024 et
1133 976 1383 1035 auditoris,
1461 977 1500 1024 si
1547 974 1673 1041 quod

37 1048 170 1099 audit
201 1050 342 1096 etiam
374 1048 464 1096 sibi
498 1048 679 1096 credat.
750 1048 902 1106 Tunc,
937 1049 1151 1112 inquitis,
1204 1049 1353 1112 primo
1387 1046 1589 1095 delatum
1625 1057 1674 1095 et

17 1118 295 1168 ,exhibitum
342 1128 438 1178 est,
502 1118 708 1167 auditum
757 1127 806 1165 et
843 1120 1102 1182 inspectum
1143 1128 1239 1176 est,
1302 1127 1440 1183 atque
1498 1117 1671 1166 exinde

39 1189 193 1237 famae
240 1189 627 1238 commendatum.
720 1189 821 1236 Hoc
869 1188 1053 1252 quidem
1107 1188 1441 1252 superscendit
1488 1205 1669 1236 omnem

37 1259 419 1318 admirationem,
468 1262 505 1308 si
546 1260 692 1308 semel
725 1259 1066 1324 deprehensum
1107 1269 1179 1307 est
1218 1259 1341 1324 quod
1373 1275 1560 1323 semper
1590 1257 1674 1306 ad-

38 1331 259 1388 mittitur,
294 1333 385 1379 nisi
418 1330 668 1380 desivimus
700 1332 788 1378 iam
820 1331 931 1377 talia
965 1330 1197 1378 factitare.
1260 1329 1436 1395 Atquin
1469 1339 1516 1377 et
1547 1329 1672 1377 idem

39 1417 276 1460 vocamur,
325 1402 451 1450 etin
489 1401 656 1449 iisdem
697 1400 992 1464 deputamur,
1035 1410 1083 1447 et
1121 1399 1178 1448 de
1220 1400 1296 1448 die
1334 1400 1667 1459 redundamus3

39 1484 133 1537 quo
176 1472 221 1531 2)
251 1473 432 1536 plures,
481 1472 571 1519 hoc
603 1471 813 1535 pluribus
847 1470 1020 1530 odiosi;
1056 1472 1204 1535 magis
1236 1472 1464 1519 increscit
1496 1470 1669 1528 odium,

15 1544 343 1592 -increscente
382 1544 602 1600 materia,
649 1542 929 1606 proficiente
968 1540 1265 1589 multitudine
1304 1558 1516 1599 reorum,
1559 1539 1672 1605 quid

14 1614 103 1662 πίω
140 1630 233 1661 non
270 1614 460 1678 proficit
504 1611 750 1660 multitudo
798 1614 1144 1661 nuntiatorum?
1214 1612 1350 1671 Quod
1388 1614 1559 1670 sciam,
1625 1620 1671 1660 et

39 1685 340 1732 conversatio
395 1686 555 1731 notior
606 1684 731 1730 facta
779 1693 876 1742 est3
936 1684 1067 1730 scitis
1114 1692 1164 1731 et
1209 1682 1310 1731 dies
1358 1691 1671 1731 conventuum

11 1764 330 1814 rostrorum,
395 1756 552 1818 itaque
607 1763 655 1800 et
708 1753 981 1801 obsidemur
1034 1762 1082 1801 et
1135 1755 1460 1817 opprimimur,
1531 1762 1578 1801 et
1622 1754 1670 1799 in

12 1826 151 1890 =ipsis
203 1826 388 1873 arcanis
435 1824 889 1888 congregationibus
936 1823 1215 1870 detinemur.
1309 1824 1421 1882 Quis
1467 1840 1670 1887 unquam

13 1903 195 1944 ‘tamen
227 1911 412 1944 semeso
445 1911 592 1959 puero
626 1895 929 1958 supervenit?
963 1896 1064 1958 quis
1089 1895 1387 1942 incruentato
1427 1910 1546 1957 pane
1586 1911 1669 1943 ve-

37 1967 179 2030 stigia
219 1965 427 2014 dentium
476 1964 819 2029 deprehendit?
896 1966 996 2029 quis
1042 1965 1254 2013 tenebris
1301 1966 1552 2028 repentino
1601 1966 1671 2012 lu—

14 2039 164 2085 =mine
211 2037 401 2100 irruptis
449 2036 680 2083 immunda
712 2036 888 2099 aliqua,
938 2051 996 2082 ne
1030 2035 1228 2083 dixerim
1260 2037 1441 2083 incesta
1494 2035 1670 2084 indicia

13 2109 351 2172 weeognovit?
426 2105 477 2154 Si
507 2108 716 2171 praemio
750 2107 1071 2170 impetramus,
1113 2124 1170 2154 ne
1207 2108 1322 2154 tales
1354 2108 1399 2153 in
1431 2106 1669 2170 publicum

36 2178 366 2237 extrahamur,
421 2193 565 2242 quare
612 2187 661 2226 et
706 2179 1036 2241 opprimimur?
1103 2178 1354 2226 Possumus
1393 2186 1440 2224 et
1479 2178 1666 2238 omnino

40 2262 140 2297 non
163 2248 367 2309 extrahi3
426 2249 528 2313 quis
567 2250 688 2297 enim
729 2247 1045 2312 proditionem
1086 2250 1293 2296 criminis
1334 2249 1532 2295 alicuius
1564 2249 1666 2295 sine

42 2319 237 2371 erimine
281 2320 384 2383 ipso
430 2328 510 2367 aut
549 2319 822 2367 venditant
852 2318 1070 2367 redimit?
1127 2319 1223 2367 Sed
1271 2318 1381 2383 quid
1427 2319 1668 2366 extraneis

42 2389 416 2453 speculatoribus
455 2399 504 2438 et
547 2389 780 2438 indicibus
820 2389 1103 2448 detractem,
1160 2392 1238 2454 qui
1270 2390 1382 2437 talia
1414 2389 1665 2445 obiiciatis,

42 2473 160 2531 quae
198 2477 290 2508 non
327 2460 386 2508 ab
424 2461 537 2525 ipsis
576 2461 711 2508 nobis
751 2477 855 2508 cum
894 2462 1092 2507 maxima
1129 2461 1475 2507 vociferatione
1516 2458 1668 2522 publi-

12 2562 14 2564 -
42 2539 230 2591 eantur,
255 2540 335 2578 aut
357 2533 509 2580 statim
534 2531 713 2590 audita,
754 2532 792 2578 si
809 2532 938 2595 prius
963 2530 1364 2588 demonstrantur,
1397 2539 1477 2576 aut
1499 2538 1667 2593 postea

11 2617 14 2620 ’
41 2610 253 2665 roperta,
285 2602 323 2648 si
354 2602 542 2650 interim
575 2602 820 2650 celentur?
854 2600 965 2648 Sine
1000 2599 1140 2647 dubio
1174 2602 1294 2648 enim
1326 2601 1558 2648 initiatum
1581 2617 1666 2648 vo-

11 2669 244 2719 dontibus
286 2688 387 2720 mos
433 2681 506 2720 est
540 2674 670 2736 prius
708 2672 767 2720 ad
807 2673 1076 2735 magistrum
1110 2687 1349 2718 sacrorum
1379 2671 1453 2718 vel
1484 2680 1665 2736 patrem

40 2738 194 2789 adire.
247 2742 362 2789 Tum
386 2742 465 2789 ille
492 2742 642 2790 dicet:
676 2743 834 2791 Infans
859 2742 942 2789 tibi
969 2743 1044 2805 qui
1077 2741 1226 2788 adhuc
1259 2743 1386 2806 vagit
1415 2743 1460 2801 3)
1495 2759 1666 2790 neces·

41 2812 214 2869 sarius,
247 2812 324 2875 qui
347 2813 632 2872 immoletur,
668 2823 715 2861 et
745 2815 876 2876 panis
909 2813 1215 2875 aliquantum,
1250 2814 1327 2877 qui
1358 2814 1404 2859 in
1436 2815 1663 2876 sanguine

35 3020 81 3063 '.⁷
157 3019 199 3069 1)
228 3022 380 3071 Rigalt.
412 3035 510 3062 non
543 3028 590 3061 et
622 3027 850 3072 probare
884 3047 929 3052 —
977 3028 1024 3061 et
1056 3036 1155 3062 non
1187 3025 1376 3062 videre.
1496 3026 1538 3072 2)
1569 3025 1664 3072 Rig.

42 3079 187 3125 Quod.
247 3077 288 3128 3)
321 3081 446 3117 codd.
476 3081 575 3117 Mss.
607 3085 840 3129 vagetur.
