1942 3554
340 249 476 295 100
619 251 701 288 DE
731 250 1250 288 EXHORTATIONE
1281 250 1675 292 cAsTITATls.

340 364 539 412 admisso
572 371 769 410 mortem
801 361 1080 409 destinabat.
1102 380 1103 383 ¹
1143 360 1214 409 Ita
1239 361 1415 410 diaboli
1441 380 1555 428 opus
1577 380 1716 411 unum
1740 372 1827 420 est,
1851 373 1942 421 tem

338 444 439 480 tare
473 432 594 495 quod
627 434 672 478 in
704 442 750 479 te
784 442 878 490 est,
911 450 969 479 an
999 434 1131 480 velis.
1205 432 1271 480 At
1299 434 1378 483 uhi
1416 436 1623 492 voluisti,
1669 436 1876 498 sequitur
1903 440 1942 499 14

336 513 383 550 te
415 504 502 550 sibi
534 503 740 565 subigat,
775 517 866 549 non
899 513 1120 567 operatus
1158 505 1204 550 in
1245 513 1289 552 te
1318 506 1628 563 voluntatem,
1668 504 1757 558 ¹sed
1789 502 1942 589 nactnj

333 574 679 638 possessionem
709 575 961 621 voluntatis
979 576 1040 634 1).
1117 574 1267 637 Igitur
1312 592 1414 623 cum
1452 576 1598 623 solum
1637 577 1698 623 sit
1734 577 1781 623 in
1818 573 1942 642 nob*

331 646 476 702 velle,
509 646 556 690 in
587 645 677 691 hoc
710 645 937 707 probatur
967 654 1128 692 nostra
1158 647 1206 692 in
1238 644 1373 693 deum
1403 662 1555 704 mens,
1587 662 1647 693 an
1677 662 1735 694 ea
1756 644 1942 707 velimtt¹

332 731 449 779 quae
483 732 585 763 cum
614 715 854 762 voluntate
885 717 1028 779 ipsius
1058 717 1249 763 faciant.
1702 720 1703 723 ’
1919 727 1938 771 ³,

471 790 518 836 3.
578 784 688 832 Alte
735 795 784 832 et
827 787 1051 850 impresse
1092 787 1447 850 recogitandam
1485 803 1590 835 esse
1621 786 1729 835 dico
1761 786 1837 835 dei
1865 804 1942 835 voi·

328 857 574 914 luntatem,
610 855 718 920 quid
750 858 889 903 etiam
921 859 967 903 in
1001 859 1189 904 occulto
1219 858 1348 905 velit.
1412 858 1541 916 Quae
1573 855 1695 906 enim
1725 859 1772 905 in
1802 858 1942 907 mani·-

326 927 473 985 festo,
507 928 676 974 scimus
710 943 893 985 omnes,
934 943 1081 991 eaque
1122 930 1223 991 ipsa
1255 929 1455 991 qualiter
1483 930 1530 975 in
1560 930 1807 976 manifesto
1840 931 1941 987 sint,

325 997 703 1062 perspiciendum
735 1007 820 1045 est.
884 997 1004 1045 Nam
1037 1000 1125 1046 etsi
1158 998 1386 1062 quaedam
1413 998 1630 1047 videntur
1658 1000 1942 1047 voluntatem

326 1067 402 1116 dei
435 1084 624 1132 sapere,
658 1067 763 1115 dum
795 1085 823 1115 a
854 1068 944 1115 deo
976 1071 1330 1132 permittuntur,
1363 1087 1455 1116 non
1480 1071 1634 1116 statim
1659 1086 1795 1117 omne
1821 1070 1939 1134 quod

322 1139 610 1202 permittitur
640 1154 699 1184 ex
729 1155 859 1185 mera
890 1148 938 1185 et
967 1148 1068 1186 tota
1096 1141 1336 1187 voluntate
1369 1139 1588 1203 procedit
1611 1141 1710 1205 eius
1736 1142 1811 1203 qui
1835 1157 1934 1204 per·

322 1210 479 1255 mittit.
541 1208 615 1255 Ex
644 1207 937 1271 indulgentia
962 1218 1048 1266 est,
1084 1209 1392 1273 quodcunque
1418 1212 1702 1273 permittitur
1717 1206 1782 1270 2⁷).'
1815 1211 1942 1269 Quae

320 1280 409 1326 etsi
441 1280 540 1326 sine
571 1279 812 1330 voluntate
845 1295 942 1326 non*
970 1289 1063 1337 est,
1099 1282 1206 1343 quia¹
1236 1289 1390 1329 tamen
1415 1268 1614 1344 aliquam
1638 1281 1780 1328 habet
1811 1297 1933 1330 caus·

319 1365 416 1397 sam
448 1348 494 1395 in
525 1350 605 1396 illo
640 1351 714 1396 cui
744 1349 1036 1413 indulgetur,
1087 1353 1216 1414 quasi
1257 1350 1315 1398 de
1351 1353 1499 1398 invita
1528 1353 1658 1399 venit
1684 1352 1938 1403 voluntate*

316 1436 456 1484 passa
487 1436 698 1467 caussam
731 1422 822 1476 sui,
858 1437 976 1484 quae
1010 1423 1141 1485 cogit
1170 1423 1472 1469 voluntatem.
1526 1421 1672 1479 Vide,
1706 1423 1852 1486 qualis
1883 1423 1942 1482 sifi*

314 1491 532 1542 voluntas
565 1493 688 1548 eius,
723 1493 853 1538 cuius
885 1493 1035 1539 altera
1067 1493 1128 1539 sit
1160 1509 1324 1539 caussa
1339 1494 1402 1553 3).
1459 1492 1678 1540 Secunda
1702 1494 1812 1541 item
1837 1509 1942 1557 spe-.-

317 1563 415 1608 cies
456 1561 802 1609 consideranda
847 1571 919 1609 est
963 1579 1055 1621 non
1072 1565 1119 1623 4)
1167 1579 1312 1626 purae
1356 1564 1624 1612 voluntatis.
1699 1563 1811 1610 Vult
1854 1581 1942 1612 noe·

315 1631 430 1679 deus
462 1648 606 1695 agere
641 1632 868 1696 quaedam
899 1633 1088 1696 placida
1119 1634 1230 1690 sibi,
1263 1635 1310 1679 in
1343 1635 1506 1697 quibus
1531 1651 1624 1680 non
1649 1633 1942 1697 indulgentia-‚2

313 1705 661 1767 patrocinatur,
696 1703 779 1751 sed
811 1703 1058 1767 disciplina
1090 1704 1369 1751 dominatur.
1448 1704 1499 1751 Si
1530 1713 1683 1752 tamen
1715 1706 1817 1756 alia,
1837 1706 1942 1752 istiw

313 1776 611 1838 praeposuit,
645 1776 804 1838 utique
839 1790 956 1837 quae
989 1777 1136 1838 magis
1165 1775 1285 1832 vult,
1333 1774 1579 1822 dubiumne
1613 1784 1684 1823 est
1714 1791 1771 1823 ea
1801 1777 1942 1823 nobizw

313 1844 539 1892 sectanda
570 1861 697 1902 esse,
747 1841 863 1909 quae
895 1847 1088 1904 mavult,
1130 1863 1265 1910 quum
1312 1862 1429 1910 quae
1475 1847 1622 1893 minus
1663 1847 1782 1903 vult,
1828 1847 1942 1910 quiz:-

311 1916 406 1962 alia
435 1917 582 1978 magis
614 1917 732 1972 vult,
766 1915 962 1980 perinde
994 1916 1211 1964 habenda
1242 1918 1334 1963 sint
1363 1926 1501 1981 atque
1533 1918 1572 1963 si
1603 1917 1748 1964 nolit?
1813 1917 1942 1981 Nam

313 1986 591 2044 ostendens,
640 1986 749 2050 quid
794 1989 942 2050 magis
985 1989 1121 2046 velit,
1168 1989 1394 2035 minorem
1438 1989 1723 2035 voluntatem
1754 1990 1942 2036 maim-122

311 2056 565 2114 delevit5).
629 2058 904 2121 Quantoque
937 2067 1044 2106 tuae
1075 2068 1317 2122 utramque
1349 2060 1614 2122 proposuit,
1654 2067 1783 2105 tanto
1816 2058 1905 2107 defi

310 2129 426 2174 nivit
455 2127 502 2174 id
534 2138 580 2175 te
614 2124 792 2174 sectari*
820 2128 1020 2186 debere,
1071 2129 1194 2193 quod
1243 2129 1502 2176 declaravit
1530 2145 1580 2176 se
1612 2131 1760 2192 magis
1788 2130 1910 2178 velle
1934 2123 1942 2204 ᾗ

309 2197 439 2260 Ergo
473 2200 511 2244 si
544 2197 650 2245 ideo
685 2197 967 2256 declaravit,
1014 2208 1065 2245 ut
1102 2199 1148 2246 id
1187 2201 1407 2256 secteris,
1455 2198 1578 2263 quod
1624 2202 1770 2263 magis
1813 2201 1915 2248 vult-

307 2270 408 2315 sine
442 2267 582 2315 dubio
616 2270 704 2314 nisi
736 2270 801 2315 ita
833 2270 973 2326 facis,
1015 2278 1180 2316 contra
1209 2271 1497 2316 voluntatem
1529 2271 1629 2317 eius
1659 2273 1805 2334 sapis,
1851 2287 1902 2318 sa

307 2338 480 2402 piendo
515 2347 679 2386 contra
710 2341 942 2402 potiorem
976 2341 1075 2387 eius
1105 2341 1413 2397 voluntatem,
1453 2340 1691 2404 magisque
1724 2340 1898 2390 offendi

308 2426 442 2472 quam
472 2412 779 2473 promereris,
829 2410 949 2474 quod
995 2411 1094 2457 vult
1125 2411 1308 2474 quidem
1341 2409 1581 2468 faciend0‚
1613 2410 1696 2458 sed
1714 2412 1759 2473 6)
1800 2429 1915 2477 quo·-

306 2481 479 2527 mavult
508 2480 789 2544 respuendo.
864 2480 937 2527 Ex
966 2490 1099 2545 parte
1139 2481 1391 2545 delinquis3
1439 2497 1499 2529 ex
1540 2491 1698 2546 parte,
1746 2485 1783 2531 si
1829 2501 1901 2531 no]

419 2636 463 2686 1)
496 2637 587 2686 Rig.
619 2639 674 2675 ut
702 2640 752 2676 et
782 2638 880 2676 sibi
912 2639 1199 2688 subiungat
1227 2661 1284 2668 —-
1351 2639 1647 2678 cessionem
1670 2640 1888 2681 volunta

303 2693 387 2731 tis.
503 2695 547 2743 2)
568 2695 841 2742 Cf.1Cor.7,
862 2697 900 2734 6.
997 2693 1041 2745 3)
1073 2697 1161 2744 Rig.
1194 2695 1277 2742 vol
1361 2700 1463 2743 tas,
1495 2697 1645 2735 cuius
1676 2697 1815 2735 alter
1840 2710 1891 2737 es

305 2761 507 2787 caussa.
622 2751 668 2799 4)
698 2752 890 2800 Negandi
908 2753 1118 2800 particula
1136 2754 1250 2789 deest
1268 2753 1379 2800 apud
1395 2753 1513 2791 alios.
1630 2751 1676 2805 5)
1703 2755 1827 2792 Hunc
1851 2755 1891 2794 lo

304 2818 400 2843 cum
418 2807 659 2846 sicemscr.
679 2809 855 2856 corrigit
872 2809 1144 2847 VVouwerus:
1187 2809 1311 2846 Vide
1342 2813 1536 2856 quanta
1568 2809 1638 2847 sit
1670 2810 1886 2849 volunta

303 2874 361 2899 ea
391 2882 447 2889 —
477 2864 860 2902 consideranda
891 2863 947 2902 'ut
976 2877 1077 2903 non
1109 2877 1266 2913 purae
1296 2865 1605 2904 voluntatis.
1662 2867 1787 2904 Vult
1821 2880 1885 2906 no

304 2919 427 2955 deus
459 2919 557 2957 sibi
587 2921 786 2967 placita
815 2922 993 2959 facere·
1025 2923 1076 2959 in
1107 2923 1295 2969 quibus
1325 2942 1380 2950 —
1418 2922 1470 2960 Si
1507 2924 1677 2960 tamen
1707 2926 1757 2961 et
1785 2924 1898 2962 alia·

302 2975 406 3012 ista
435 2977 702 3026 proponit,
732 2978 915 3024 utique
946 2990 1072 3025 quae
1104 2979 1263 3028 magis
1293 2979 1417 3018 vult.
1463 2979 1568 3016 Nec
1599 2979 1805 3018 dubium
1835 2991 1889 3019 οι

301 3043 360 3069 ea
388 3031 537 3068 nobis
569 3035 800 3071 taxanda
831 3045 969 3081 esse,
1004 3047 1130 3082 quae
1160 3036 1292 3083 vult,
1327 3046 1437 3072 cum
1467 3047 1544 3083 ea,
1585 3047 1714 3082 quae
1743 3036 1879 3074 minu

301 3088 436 3136 vult,
471 3087 556 3134 qui
587 3090 748 3139 magis
780 3091 912 3138 vult,
943 3092 1158 3138 perinde
1184 3092 1417 3129 habenda
1444 3093 1568 3142 sint,
1592 3094 1739 3139 quasi
1761 3093 1884 3130 noli·

300 3147 424 3183 Nam
455 3145 774 3183 ostendendo
799 3169 856 3175 —
886 3147 1165 3186 delevit.--
1193 3149 1281 3186 Nos
1300 3149 1890 3197 probavimusffigaltiiemen-

302 3202 524 3240 dationem.
649 3201 693 3249 6)
726 3202 814 3250 Rig.
848 3206 897 3241 et
928 3205 1057 3250 quod
1087 3206 1282 3244 mavult
1311 3216 1441 3254 resp.
1743 3229 1746 3232 ·
