1942 3554
288 194 376 241 56
810 197 893 233 DE
930 194 1392 234 POENITENTIA.

286 326 401 357 vera
430 308 721 372 poenitentia
759 307 998 353 functum?
1069 306 1240 351 Timuit
1285 306 1406 352 enim
1438 304 1590 354 adhuc
1622 307 1912 374 delinquere,

287 395 347 426 ne
380 394 471 423 non
503 384 768 422 mereretur
798 377 1035 438 accipere.
1095 373 1162 421 At
1191 375 1270 421 ille
1301 381 1650 439 praesumptor,
1692 395 1797 427 cum
1826 382 1916 430 sibi

285 447 662 510 ep10m1tte1et
697 460 892 491 securus
924 445 1131 502 scilicet,
1179 435 1345 492 timere
1378 462 1471 501 non
1501 448 1677 509 potuit3
1725 450 1793 497 sic
1825 467 1915 499 nec

286 516 626 595 poenitentiam
651 515 875 577 implevit,
910 516 1018 577 quia
1047 515 1355 562 instrumento
1387 517 1732 579 poenitentiae,
1764 518 1812 566 id
1844 529 1918 569 est

285 595 436 642 metu,
471 586 639 631 caruit.
700 583 1024 647 Praesumptio
1057 583 1424 632 inverecundiae
1457 587 1628 649 portio·
1647 597 1745 646 est,
1786 591 1918 638 inflat

284 657 563 735 petitorem,
604 653 806 717 despicit
837 653 1065 701 datorem.
1142 655 1303 717 Itaque
1350 654 1528 719 decipit
1572 673 1916 727 nonnunquam.

284 724 411 772 Ante
448 725 567 772 enim
600 741 735 788 quam
768 723 998 771 debeatur
1027 725 1336 788 repromittit,
1380 742 1471 790 quo
1502 741 1691 790 semper
1735 730 1796 787 is,
1839 731 1919 794 qui

288 804 362 842 est
390 803 738 859 praestaturus,
773 793 1045 841 offenditur.

430 897 478 943 7.
542 893 817 956 Hucusque,
853 893 1038 940 Christe
1073 892 1286 951 domine,
1329 893 1386 942 de
1418 896 1743 958 poenitentiae
1776 896 1919 946 disci-

285 964 415 1027 plina
461 965 608 1010 servis
654 965 744 1010 tuis
791 962 976 1011 discere
1021 964 1097 1010 vel
1142 963 1306 1011 audire
1355 966 1620 1028 contingat,
1679 983 1920 1031 quousque

287 1035 430 1081 etiam
463 1032 736 1096 delinquere
769 1050 861 1079 non
894 1042 1085 1096 oportet
1114 1033 1435 1094 audientibus3
1473 1037 1557 1083 vvel
1589 1036 1713 1084 nihil.
1734 1039 1826 1084 iam
1861 1037 1920 1086 de

286 1105 585 1167 poenitentia
616 1105 856 1159 noverint,
890 1104 1005 1149 nihil
1037 1104 1136 1150 eius
1167 1106 1425 1167 requirant.
1496 1104 1636 1168 Piget
1665 1106 1921 1166 secundae,

286 1175 381 1220 imo
415 1175 506 1220 iam
539 1173 728 1219 ultimae
762 1173 863 1235 spei
895 1172 1148 1219 subtexere
1180 1174 1489 1231 mentionem,
1521 1190 1580 1222 ne
1604 1176 1924 1228 retractantes

289 1242 348 1290 de
381 1241 572 1289 residuo
611 1242 786 1288 auxilio
826 1240 1127 1304 poenitendi,
1175 1244 1374 1306 spatium
1420 1243 1573 1291 adhuc
1600 1239 1925 1310 vdelinquendi

290 1312 617 1359 demonstrare
647 1310 906 1359 videamur.
966 1311 1127 1370 Absit,
1173 1322 1226 1359 ut
1263 1314 1430 1376 aliquis
1467 1315 1534 1361 ita
1564 1316 1922 1380 interpretetur,

289 1383 422 1447 quasi
455 1399 513 1430 eo
547 1383 635 1429 sibi
667 1383 807 1428 etiam
840 1397 961 1433 nune
992 1391 1155 1445 pateat
1184 1381 1244 1429 ad
1275 1382 1660 1447 delinquendum,
1703 1387 1810 1450 quia
1872 1403 1924 1435 a·

287 1462 361 1500 tet
407 1452 466 1499 ad
511 1451 872 1516 poenitendum,
921 1460 970 1499 et
1013 1451 1326 1500 redundantia
1372 1455 1651 1503 clementiae
1699 1404 1925 1513 noeagis

287 1522 533 1572 libidinem
565 1524 712 1569 saciat
742 1522 971 1569 humanae
1002 1524 1299 1570 temeritatis.
1375 1523 1563 1572 Nemo
1559 1526 1755 1574 iccirco
1788 1515 1927 1575 dete-

287 1595 391 1640 rior
421 1594 504 1650 sit,
540 1594 648 1656 quia
679 1591 793 1639 deus
818 1593 988 1639 melior
1012 1601 1105 1650 est,
1139 1595 1314 1640 totiens
1341 1592 1672 1658 delinquendo,
1706 1599 1925 1659 quotiens

287 1664 568 1726 ignoscitur.
648 1661 866 1709 Ceterum
907 1661 1044 1709 finem
1081 1663 1242 1725 utique
1289 1662 1521 1711 evadendi
1551 1664 1766 1730 habebit,
1816 1668 1926 1716 curn

293 1731 565 1780 offendendi
597 1749 690 1778 non
721 1732 928 1778 habebit.
990 1732 1233 1779 Evasimus
1264 1733 1433 1792 seme13
1475 1734 1702 1783 hactenus
1731 1736 1926 1799 pericn-

288 1803 407 1851 losis
438 1803 750 1864 nosmetipsos
782 1802 1058 1858 inferamus,
1107 1803 1215 1848 etsi
1240 1803 1409 1849 iterum
1455 1806 1640 1851 evasuri
1677 1805 1928 1856 videmur?

289 1871 512 1936 Plerique
544 1873 792 1934 naufiagio
818 1871 1007 1918 liberati
1039 1871 1210 1918 exinde
1242 1872 1485 1936 lepudium
1518 1879 1585 1921 et
1596 1876 1702 1922 navi
1733 1885 1782 1924 et
1805 1880 1926 1929 mari

293 1941 478 1999 dieunt,
513 1951 562 1990 ct
592 1941 670 1988 dei
700 1942 1005 1999 beneficium,
1054 1943 1266 1989 salutem
1283 1959 1410 1990 suam
1441 1937 1648 2003 scilicet,
1697 1949 1925 1996 memoria

290 2013 494 2077 periculi
539 2009 789 2059 honorant.
867 2011 1031 2059 Laudo
1077 2013 1316 2070 timorem,
1372 2012 1526 2076 diligo
1563 2016 1920 2072 verecundiam,

290 2084 460 2129 nolunt
481 2084 651 2130 iterum
675 2081 862 2129 divinae
889 2081 1245 2130 misericordiae
1272 2084 1406 2131 oneri
1430 2099 1558 2143 esse3
1585 2085 1838 2134 formidant
1852 2089 1929 2135 vi-·

294 2152 398 2199 deri
422 2152 681 2209 inculcare,
716 2151 839 2215 quod
866 2153 1109 2199 consecuti
1133 2162 1259 2211 sunt3
1292 2153 1416 2200 bona
1442 2163 1573 2202 certe
1604 2156 1922 2206 sollicitudine

291 2224 463 2269 iterum
497 2222 704 2284 experiri
733 2223 905 2278 vitant,
954 2221 1077 2284 quod
1116 2223 1260 2269 semel
1293 2222 1559 2273 didicerunt
1603 2227 1784 2284 timere.
1853 2228 1927 2276 Ita

292 2290 460 2338 modus
492 2291 773 2337 temeritatis
807 2291 996 2337 testatio
1029 2300 1102 2337 est
1134 2293 1328 2338 timoris.
1397 2292 1558 2339 Timor
1588 2303 1739 2342 autem
1773 2297 1925 2344 homi·-

293 2363 366 2408 nis
414 2359 491 2407 dei
537 2361 690 2407 honor
735 2369 821 2407 est.
914 2358 1007 2406 Sed
1056 2361 1178 2406 enim
1217 2361 1624 2423 pervicacissimus
1663 2364 1811 2413 hostis
1842 2368 1923 2416 ille

293 2446 528 2494 nunquam
559 2431 766 2477 malitiae
799 2445 911 2477 suae
953 2430 1096 2475 otium
1134 2430 1263 2476 facit.
1338 2430 1515 2494 Atquin
1567 2441 1678 2480 tunc
1722 2438 1924 2485 maxime

295 2502 471 2557 saevit,
506 2517 609 2547 eum
640 2500 875 2547 hominem
906 2500 1045 2563 plene
1072 2500 1216 2546 sentit
1239 2500 1509 2559 liberatum3
1542 2511 1651 2550 tunc
1676 2505 1922 2568 plurimum

296 2569 597 2628 accenditur,
631 2569 737 2616 dum
769 2571 1096 2632 exstinguitur.
1157 2569 1330 2617 Doleat
1354 2579 1403 2617 et
1424 2572 1702 2634 ingemiscat
1726 2591 1925 2625 necesse

296 2650 393 2699 est,
425 2642 564 2688 venia
594 2649 900 2704 peecatorum
930 2641 1179 2704 permissa,
1213 2648 1284 2686 tot
1306 2641 1350 2686 in
1376 2641 1562 2705 homine
1587 2646 1751 2702 mortis
1777 2662 1924 2710 opera

298 2711 476 2769 diruta,
525 2719 598 2757 tot
642 2711 803 2758 titulos
849 2710 1159 2757 damnationis
1205 2718 1335 2757 retro
1368 2727 1479 2758 suae
1512 2728 1690 2761 erasos.
1763 2714 1923 2776 Dolet,

299 2780 423 2843 quod
454 2782 602 2843 ipsum
634 2790 683 2828 et
713 2781 909 2843 angelos
941 2781 1040 2827 eius
1072 2779 1245 2827 Christi
1284 2796 1444 2828 servus
1475 2782 1554 2830 ille
1592 2793 1822 2846 peccator
1850 2787 1924 2834 iu-·

299 2850 540 2897 dicaturus
572 2859 658 2898 est.
720 2851 883 2916 Itaque
917 2850 1158 2908 observat,
1200 2860 1460 2913 oppugnat,
1509 2851 1715 2912 obsidet,
1762 2857 1801 2902 si
1833 2870 1923 2920 qua

295 2921 447 2983 possit
478 2929 558 2967 aut
589 2922 752 2968 oculos
785 2921 1168 2984 concupiscentia
1201 2922 1378 2968 carnali
1409 2922 1579 2980 ferire,
1611 2932 1692 2970 aut
1721 2926 1922 2974 animum'

297 2990 540 3037 illecebris
571 2990 861 3039 secularibus
892 2991 1104 3048 irretire,
1144 2999 1224 3036 aut
1254 2989 1391 3038 fidem
1423 3000 1642 3046 terrenae
1672 2997 1921 3058 potestatis

297 3058 549 3109 formidine
597 3071 839 3120 evertere,
885 3070 965 3110 aut
1009 3077 1037 3108 a
1073 3061 1148 3109 via
1189 3069 1324 3108 certa
1367 3064 1602 3126 perversis
1655 3063 1921 3120 traditioni·-
