1942 3554
74 142 92 163 ζ.

62 158 81 219 ξ·
530 199 614 239 DE
641 197 1608 246 MoNoGAM1A.125

94 304 98 310 ’
135 347 176 374 ,
209 314 311 362 eius
341 314 434 361 erit
464 315 604 362 etiam
637 312 870 372 defuncti,
918 316 994 361 cui
1040 314 1183 362 etiam
1228 312 1454 362 defuncto
1494 331 1611 362 con-

75 386 117 398 “
163 406 181 427 ιι
224 383 401 432 debet?
453 384 501 432 A
532 401 621 448 quo
654 383 897 449 repudium
930 402 1024 432 non
1055 385 1226 443 audiit,
1268 403 1361 432 non
1393 384 1610 445 divertit,

18 359 105 547 Ξ
70 453 334 520 repudium
374 471 469 502 non
514 455 726 520 scripsit,
775 472 878 503 cum
924 457 1026 520 ipso
1075 465 1168 516 θεῖς
1219 464 1354 539 quem
1400 458 1613 504 amisisse

60 587 67 594 V,
97 528 155 586 t,
186 527 384 585 retinet3
417 526 562 575 habet
592 543 751 574 secum
785 527 925 574 animi
956 526 1211 586 licentiam,
1246 529 1322 592 qui
1348 529 1503 575 omnia
1526 529 1614 576 ho·-

16 572 80 631 '¹2
102 633 117 657 ‚
169 613 296 662 quae
349 613 444 643 non
496 597 663 656 habet,
724 598 1003 661 imaginario
1057 594 1213 651 fructu
1265 608 1611 663 repraesentat.

16 644 86 777 Ξ
104 692 123 712 ιι
165 667 366 733 denique
399 665 644 732 interrogo
669 670 912 716 feminam:
945 669 1041 716 Dic
1058 671 1193 727 milii,
1226 686 1387 732 soror,
1421 672 1468 717 in
1491 687 1614 735 pace

17 723 274 811 ⁸*gmisisti
294 740 444 787 virum
475 743 632 787 tuum?
693 739 813 800 Quid
843 739 1203 804 respondebit?
1235 739 1311 787 An
1350 742 1398 787 in
1429 740 1615 789 discor-

15 782 98 874 ’xj-
161 809 292 874 Ergo
324 810 416 858 hoc
449 812 598 874 magis
630 812 675 858 ei
707 811 873 858 iuncta
897 820 991 869 est,
1040 828 1143 859 cum
1185 827 1275 875 quo
1316 811 1461 859 habet
1490 812 1615 876 apud

13 859 64 971 ε’
91 906 95 924 ι
130 898 381 939 caussam.
442 880 554 929 Non
586 881 827 940 discessit,
861 898 980 947 quae
1011 891 1214 950 tenetur.
1272 881 1406 930 Sed
1394 900 1440 929 ιιι
1464 887 1616 947 pace?

12 976 147 1064 8¹
157 960 436 1024 perseveret
479 953 528 1000 in
574 969 632 1001 ea
686 970 789 1001 cum
840 954 920 1000 illo
974 969 1172 1002 necesse
1212 963 1306 1012 est,
1354 971 1489 1018 quem
1523 956 1615 1001 iam

113 1025 234 1072 «iare
266 1041 362 1084 non
390 1025 591 1088 poterit,
624 1040 683 1072 ne
715 1025 782 1072 sic
799 1023 1001 1107 quidem
1034 1034 1256 1089 nuptura,
1290 1025 1329 1072 si
1360 1024 1614 1089 repudiare

10 1077 84 1148 ⁹¹³
81 1096 229 1145 isset.
275 1087 529 1143 Enimvero
562 1104 611 1142 et
640 1112 727 1160 pro
759 1097 914 1143 anima
944 1097 1045 1150 eius
1078 1106 1205 1154 orat,
1240 1089 1289 1144 et
1312 1098 1615 1159 refrigerium

10 1138 473 1234 μι·-ιιιιζ.ειᾶιιοεῐιιιιιίι
499 1167 543 1214 ei
575 1176 624 1214 et
653 1168 700 1213 in
731 1167 881 1231 prima
918 1169 1270 1215 resurrectione
1312 1169 1614 1224 consortium,

40 1235 208 1299 {offert
251 1238 415 1286 a'nnuis
461 1236 626 1298 diebus
673 1237 969 1285 dormitionis
1015 1240 1132 1286 eius.
1201 1238 1322 1286 Nam
1361 1239 1480 1286 haec
1527 1239 1618 1286 nisi

31 1311 179 1368 uerit,
222 1325 338 1358 vere
369 1307 657 1374 repudiavit,
705 1319 936 1373 quantum
957 1310 1016 1369 in
1062 1312 1164 1374 ipsa
1202 1315 1296 1367 est,
1344 1318 1394 1357 et
1431 1309 1618 1379 quidem

57 1437 66 1443 μ
107 1379 337 1450 iniquius}
380 1390 554 1445 quanto
588 1379 822 1463 quomodo
853 1382 1028 1444 potuit,
1076 1382 1186 1445 quia
1221 1397 1315 1427 non
1346 1382 1521 1444 potuit,
1570 1389 1620 1428 et

85 1445 365 1520 ἱίιιᾶἰςιιὶιιε,
399 1460 574 1532 quanto
603 1453 695 1499 iam
727 1450 987 1514 indignius,
1028 1453 1067 1498 si
1099 1452 1206 1515 quia
1237 1468 1332 1498 non
1363 1453 1616 1510 meruit1).

6 1496 84 1560 ³²·
74 1510 329 1591 numquid
360 1515 474 1569 fiihil
505 1522 682 1571 erimus
709 1531 818 1585 post
847 1531 1071 1580 mortem,
1118 1522 1375 1569 secundum
1414 1523 1620 1586 aliquem

6 1573 90 1655 ξ’,
139 1610 264 1651 rum,
312 1601 362 1641 et
390 1610 485 1641 non
516 1591 771 1654 secundum
805 1592 1093 1640 Christum?
1135 1592 1270 1653 Quod
1309 1595 1348 1641 si
1381 1593 1618 1641 credimus

5 1654 89 1714 '⁶72'
85 1672 274 1718 uorum
305 1660 728 1721 resurrectionem,
775 1665 937 1728 utique
977 1664 1265 1722 tenebimur,
1315 1681 1418 1712 cum
1452 1665 1618 1729 quibus

12 1769 38 1778 .-
71 1724 300 1789 ³rrecturi
330 1752 485 1784 sumus
509 1736 740 1783 rationem
765 1734 823 1782 de
851 1735 1081 1782 alterutro
1104 1735 1351 1783 reddituri.
1388 1735 1439 1782 Si
1463 1746 1619 1784 autem

3 1779 139 1914 ἔξεο
163 1824 291 1866 aeyo
307 1805 459 1873 neque
476 1806 663 1853 nubent
686 1821 837 1870 neque
862 1805 1111 1863 nubentur,
1139 1805 1222 1853 sed
1241 1816 1379 1853 erunt
1395 1808 1618 1870 aequales

112 1868 369 1940 [ἰεὲῗῑῇῡιιὸιι
392 1876 502 1925 ideo
527 1893 621 1923 non
645 1877 911 1924 tenebimui
929 1877 1207 1939 coniugibus
1225 1876 1476 1934 defunctis,
1511 1879 1620 1941 quia

1 1911 72 2046 ξ’
112 1951 203 1997 erit
233 1947 470 1996 restitutio
502 1948 742 2010 coniugii?
811 1946 992 2011 Atquin
1038 1963 1096 1995 eo
1144 1949 1292 2010 magis
1336 1949 1617 2005 tenebimur,

8 2042 36 2077 g
64 2037 83 2063 μ,
126 2021 174 2066 iu
205 2020 447 2068 meliorem
479 2027 647 2066 statum
644 1984 990 2075 ”destinamum
1037 2019 1354 2066 resurrecturi
1395 2020 1441 2065 in
1481 2021 1620 2082 spiri-

4 2069 72 2121 ff
116 2086 427 2148 consortium,
459 2090 664 2152 agnituri
698 2098 788 2138 tam
820 2090 1133 2153 nosmetipsos
1166 2086 1300 2154 quam
1333 2098 1382 2136 et
1413 2100 1617 2137 nostros.

29 2163 63 2218 s:
93 2175 213 2214 ·rum
245 2159 477 2226 quomodo
509 2161 687 2222 gratias
719 2159 811 2207 deo
843 2161 890 2206 in
921 2169 1165 2207 aeternum
1191 2177 1427 2219 canemus,
1462 2163 1500 2208 si
1526 2178 1620 2208 non
1652 2194 1658 2232 ·‘.

11 2290 18 2293 ⁷⁷
66 2233 199 2280 =tebit
227 2234 275 2280 in
306 2231 445 2300 nobis‘¹
471 2247 636 2278 sensus
667 2238 715 2278 et
753 2233 982 2278 memoria
1028 2230 1175 2279 debiti
1220 2232 1378 2290 huius,
1426 2234 1466 2279 si
1511 2233 1621 2279 sub-
1654 2253 1657 2255 >

80 2306 184 2362 tia,
216 2316 310 2351 non
342 2302 634 2349 conscientia
665 2302 1059 2350 reformabimur?
1117 2303 1247 2365 Ergo
1282 2305 1358 2367 qui
1392 2320 1495 2350 cum
1528 2303 1619 2350 deo

66 2391 186 2433 ns,
219 2373 352 2442 simul
385 2374 580 2430 erimus,
615 2369 721 2420 dum
754 2389 915 2420 omnes
957 2373 1079 2438 apud
1120 2373 1257 2421 deum
1297 2391 1458 2432 unum,
1507 2375 1622 2421 licet

93 2461 175 2494 es
202 2446 357 2501 varia,
390 2445 505 2492 licet
533 2444 706 2490 multae
737 2461 1005 2491 mansiones
1022 2446 1068 2504 3)
1108 2461 1255 2508 penes
1293 2453 1474 2508 patrem
1507 2461 1622 2491 eun-

6 2571 26 2575 ⁷
103 2551 122 2576 ,
153 2533 245 2570 uno
277 2514 477 2563 denario
506 2507 714 2562 eiusdem
746 2514 981 2562 mercedis
1014 2516 1219 2578 operati,
1266 2515 1314 2561 id
1353 2524 1447 2571 est,
1493 2516 1620 2562 vitae

83 2608 142 2650 .'·
140 2603 241 2644 tae,
274 2587 321 2634 iu
353 2601 443 2649 qua
471 2587 620 2649 magis
652 2602 745 2632 non
778 2585 1040 2648 separabit,
1077 2601 1192 2648 quos
1219 2587 1463 2632 coniunxit
1487 2584 1618 2643 deus,

0 2654 6 2666 ’
159 2658 207 2706 in
238 2658 328 2704 ista
359 2657 539 2704 minore
548 2623 673 2703 ὗνίῑει
698 2657 910 2720 separari
941 2664 1084 2703 vetat.
1135 2656 1249 2703 Cum
1276 2657 1394 2703 haec
1421 2657 1486 2704 ita
1511 2658 1617 2714 sint,

23 2725 38 2742 ·’
76 2727 228 2789 :odo
260 2729 340 2775 alii
370 2729 472 2774 viro
502 2727 712 2784 vacabit,
761 2729 880 2790 quae
927 2743 1011 2773 suo
1051 2728 1191 2774 etiam
1223 2728 1269 2773 in
1300 2727 1502 2774 futurum
1536 2744 1620 2778 oc-

16 2811 32 2853 f
86 2807 167 2853 fita
197 2802 300 2847 est?
357 2798 552 2861 Utrique
583 2806 738 2844 autem
771 2799 902 2844 sexui
934 2798 1186 2861 loquimur,
1221 2798 1310 2844 etsi
1334 2797 1394 2844 ad
1420 2799 1618 2846 alterum

21 2866 24 2872 ’
75 2880 139 2918 ῑιι
181 2878 276 2928 est,
310 2870 417 2934 quia
447 2866 825 2932 una‘disciplina*
847 2877 1054 2932 praeest
1129 2868 1289 2916 Alium
1331 2868 1525 2916 habebit
1569 2871 1618 2917 in

64 2980 162 3064 ’,51)
170 2997 241 3035 Fr.
262 2997 407 3035 lunius
430 2997 572 3035 locum
595 2995 706 3033 hunc
731 2999 975 3045 corruptum
995 2997 1056 3035 sic
1082 2998 1268 3036 emend.:
1301 3000 1495 3046 quanto
1519 2999 1616 3037 iam

0 3023 27 3090 1
65 3043 254 3103 fains,
301 3053 420 3100 quia
463 3064 563 3091 non
608 3053 804 3101 potuit;
854 3057 904 3091 et
944 3054 1036 3091 hoc
1081 3054 1373 3103 indignius,
1421 3061 1615 3103 quanto

0 3115 22 3193 ,⁸
129 3111 429 3206 ίιὶιὴᾱίξᾶιίιὶῧ,
474 3109 594 3158 quia
638 3121 740 3186 non
784 3111 989 3149 meruit.
1164 3112 1209 3162 2)
1248 3113 1398 3152 Matth.
1429 3114 1508 3164 22,
1549 3115 1614 3151 30.

72 3194 89 3217 f
211 3196 221 3207 .
317 3194 328 3216 ,
419 3196 428 3207 .
