1942 3554
266 211 353 258 42
842 211 925 248 DE
961 210 1291 249 BAPTISMO.

267 328 408 382 mari,
446 323 494 371 id
532 331 605 370 est
633 322 818 379 seculo,
864 322 1102 378 fluctibus,
1148 320 1196 368 id
1241 329 1335 379 est,
1380 324 1784 385 persecutionibus
1828 335 1877 375 et

269 394 603 444 tentationibus
634 394 938 455 inquietatur,
971 390 1158 439 domino
1189 407 1276 455 per
1303 393 1574 456 patientiam
1609 394 1738 442 velut
1767 394 1878 443 dor-

269 467 465 521 miente,
513 462 663 510 donec
697 463 984 509 orationibus
1015 470 1281 509 sanctorum
1325 464 1373 511 in
1415 464 1587 512 ultimis
1630 467 1890 516 suscitatusv

271 543 543 599 compescat
585 533 790 580 seculum
836 541 884 579 et
927 533 1309 596 tranquillitatem
1355 535 1449 581 suis
1486 533 1670 582 reddat.
1744 535 1882 586 Nunc

270 607 368 653 sive
394 606 528 651 tincti
554 619 736 668 quoquo
762 602 900 650 modo
927 604 1135 661 fuerunt,
1168 605 1264 651 sive
1304 604 1424 651 illoti
1446 615 1884 668 perseveraverunt,

270 685 324 723 ut
354 684 402 724 et
430 674 543 722 illud
574 673 749 730 dictum
779 673 952 720 domini
986 673 1043 721 de
1074 691 1166 721 uno
1198 675 1386 722 lavacro
1418 675 1501 722 sub
1525 675 1654 724 Petri
1682 692 1895 741 persona·

273 745 334 794 ad
364 763 450 793 nos
479 743 797 792 tantummodo
830 753 1037 807 spectet3
1084 744 1142 792 de
1189 746 1338 793 salute
1383 754 1539 794 tamen
1569 748 1897 811 apostoloruum

274 818 388 865 satis
418 817 715 864 temerarium
747 823 819 862 est
856 816 1128 873 aestimare,
1170 817 1276 879 quia
1293 818 1338 876 1)
1385 817 1477 864 illis
1505 817 1582 864 vel
1611 819 1790 882 primae
1820 818 1894 866 al·

274 888 493 936 lectionis
525 895 573 934 et
603 884 773 934 exinde
804 885 1070 933 individuae
1104 903 1206 933 cum
1231 886 1311 933 illo
1339 887 1669 936 familiaritatis
1694 904 1891 952 praero-

277 959 434 1022 gativa
465 955 787 1020 compendium
816 956 1031 1020 baptismi
1064 955 1285 1003 conferre
1319 966 1496 1020 posset.
1571 957 1771 1023 Opinor,
1818 974 1894 1007 se-

278 1028 540 1093 quebantur
553 1029 600 1087 2)
628 1027 777 1084 illum,
812 1029 888 1090 qui
912 1026 1125 1074 credenti
1151 1028 1316 1090 cuique
1341 1029 1536 1075 salutem
1562 1029 1891 1092 pollicebatur.

278 1098 418 1147 Fides
448 1106 527 1145 tua
557 1106 628 1153 te,
661 1096 839 1153 aiebat,
873 1097 1046 1143 salvum
1077 1098 1215 1162 swit,
1264 1106 1313 1143 et
1341 1099 1639 1146 remittuntur
1668 1100 1752 1147 tibi
1781 1115 1895 1164 pec-

280 1170 475 1228 cata-³),
509 1166 723 1214 credenti
753 1167 936 1229 utique,
969 1182 1056 1212 nec
1088 1175 1243 1212 tamen
1274 1167 1439 1214 tincto.
1514 1167 1568 1215 ld
1597 1170 1637 1216 si
1667 1170 1930 1233 apostoli&

281 1239 453 1295 defuit,
501 1238 661 1284 nescio
695 1252 888 1299 quorum
919 1235 1037 1283 fides
1067 1253 1159 1283 uno
1189 1237 1335 1283 verbo
1368 1237 1544 1285 domiui
1573 1240 1798 1287 suscitata
1825 1249 1899 1288 te-

282 1311 468 1357 loneum
500 1305 772 1370 dereliquit,
818 1315 998 1370 patrem
1037 1315 1085 1354 et
1121 1322 1285 1354 navem
1330 1316 1379 1355 et
1422 1317 1593 1367 artem,
1640 1326 1730 1374 qua
1757 1311 1909 1374 vitam·

284 1379 598 1435 sustentabat,
647 1377 878 1435 deseruit,
924 1379 1071 1441 patris
1116 1379 1363 1441 exsequias
1394 1377 1633 1442 despexit,
1679 1396 1910 1428 summums

283 1449 399 1499 illud
431 1448 604 1496 domini
634 1457 961 1512 praeceptum:
994 1449 1070 1511 qui
1099 1457 1280 1512 patrem
1311 1457 1390 1495 aut
1411 1458 1606 1498 matrem
1629 1451 1740 1498 mihi
1763 1465 1903 1515 prae-

285 1522 469 1578 tulerit,
501 1536 594 1566 non
625 1527 698 1566 est
726 1534 798 1566 me
832 1517 997 1581 dignus
1013 1521 1085 1578 4),
1118 1527 1225 1566 ante
1257 1520 1460 1582 perfecit
1490 1534 1625 1584 quam
1654 1520 1846 1569 audivit.

431 1594 511 1641 13.
573 1589 659 1636 Hic
692 1605 807 1652 ergo
840 1589 1159 1636 scelestissimi
1189 1590 1257 1635 illi
1293 1599 1557 1671 provo-cant
1587 1593 1942 1661 quaestiones.

287 1660 424 1710 Adeo
457 1659 638 1707 dicunt:
684 1659 938 1723 baptismus
976 1676 1068 1705 non
1107 1668 1179 1706 est
1215 1661 1533 1719 necessarius,
1580 1662 1744 1725 quibus
1788 1635 1942 1709 fides'

289 1734 403 1780 satis
434 1740 529 1789 est·
562 1746 665 1776 nam
697 1739 746 1777 et
773 1729 1011 1776 Abraham
1058 1730 1225 1776 nullius
1271 1746 1419 1794 aquae
1465 1731 1554 1778 nisi
1598 1731 1710 1780 fidei
1747 1748 1908 1780 sacra·
1940 1771 1942 1774 .

289 1810 447 1850 mento
479 1800 569 1847 deo
601 1800 791 1863 placuit.
869 1798 970 1846 Sed
995 1801 1042 1846 iu
1073 1800 1283 1848 omnibus
1313 1802 1581 1864 posteriora
1605 1796 1942 1861 concludunt,

292 1882 342 1921 et
371 1872 615 1935 sequentia
645 1868 1032 1918 antecedentibus
1062 1871 1352 1934 praevalent.
1427 1871 1588 1919 Fuerit
1623 1873 1747 1920 salus
1777 1881 1916 1920 retro

291 1959 379 2009 per
408 1941 547 1990 fidem
579 1940 746 1988 nudam
777 1949 885 1988 ante
918 1940 1091 1987 domini
1121 1943 1386 2004 passionem
1417 1951 1467 1989 et
1495 1944 1908 1991 resurrectionem.
1940 1969 1942 1971 ·

291 2013 360 2062 At
387 2013 467 2060 ubi
497 2010 614 2059 fides
645 2020 783 2059 aucta
814 2020 886 2059 est
917 2010 1143 2059 credendi
1180 2013 1227 2059 in
1271 2014 1582 2071 nativitatem,
1627 2014 1910 2078 passionem,
1940 2051 1942 2053 .

293 2084 785 2145 resurrectionemque
826 2083 949 2139 eius,
995 2081 1157 2129 addita
1202 2091 1276 2130 est
1321 2083 1559 2147 ampliatio
1598 2092 1910 2142 sacramento,

297 2154 562 2217 obsignatio
593 2153 832 2215 baptismi,
878 2154 1202 2200 vestimentum
1234 2152 1573 2216 quodammodo
1611 2153 1746 2213 fidei,
1793 2169 1911 2219 quae

296 2233 427 2272 retro
460 2230 563 2270 erat
592 2221 738 2278 nuda,
771 2238 858 2268 nec
890 2225 1147 2284 potentiam
1178 2224 1340 2270 habuit
1369 2225 1468 2270 sine
1490 2239 1582 2271 *sua
1613 2226 1749 2288 lege..
1810 2224 1914 2272 Lex

298 2295 422 2342 enim
451 2291 695 2355 tinguendi
725 2293 957 2354 imposita·
971 2301 1044 2338 est
1075 2300 1123 2338 et
1151 2293 1302 2338 forma
1330 2295 1638 2357 praescripta.
1714 2294 1809 2352 Ite,
1841 2295 1913 2341 in-

301 2366 422 2429 quit,
454 2363 625 2410 docete
657 2363 893 2419 nationes,
940 2363 1206 2424 tinguentes
1252 2378 1332 2409 eas
1375 2364 1423 2409 in
1468 2379 1638 2411 nomen
1675 2364 1828 2412 Patris
1866 2373 1916 2412 et

300 2436 407 2484 Filii
438 2443 488 2482 et
517 2432 718 2496 Spiritus
748 2434 898 2479 sancti
914 2432 977 2492 ⁵).
1052 2432 1171 2479 Huic
1217 2433 1312 2495 legi
1358 2434 1531 2481 collata
1567 2433 1777 2482 definitio
1808 2435 1913 2483 illa:

302 2507 392 2554 nisi
423 2506 523 2569 quis
553 2512 742 2551 renatus
772 2504 916 2550 fuerit
945 2518 1006 2550 ex
1034 2519 1153 2566 aqua
1191 2511 1238 2549 et
1275 2504 1460 2566 spiritu,
1507 2513 1618 2551 nen‘
1638 2505 1832 2553 intrabit
1867 2506 1916 2552 in

303 2592 499 2640 regnum
531 2575 770 2622 coelorum
786 2575 857 2634 ⁶),
905 2572 1153 2620 obstrinxit
1197 2572 1333 2620 fidem
1371 2573 1430 2620 ad
1460 2575 1676 2639 baptismi
1707 2577 1916 2624 necessi·-

305 2656 464 2695 tatem.
527 2645 688 2708 Itaque
721 2660 880 2692 omnes
912 2643 1082 2692 exinde
1114 2642 1363 2692 credentes
1393 2646 1739 2709 tinguebantur.
1767 2646 1917 2712 *Tunc

401 2817 467 2868 ν1)
497 2817 665 2853 Wouw.
697 2816 740 2852 et
769 2815 877 2863 Rig.:
923 2814 1043 2862 quia
1078 2825 1177 2851 non
1213 2813 1342 2852 illis.
1492 2815 1538 2865 2)
1574 2815 1722 2854 Iunius
1753 2813 1917 2854 emend.

310 2872 502 2911 exinde
548 2872 853 2910 individuae
899 2870 1293 2909 familiaritatis
1337 2871 1451 2909 'cum
1496 2872 1593 2911 illo
1630 2883 1919 2922 praeroga-

309 2929 419 2967 tiva
449 2940 606 2976 comp.
635 2930 770 2975 bapt.
802 2929 935 2966 conf.
977 2930 1166 2975 posset.
1234 2927 1450 2977 Opinor,
1504 2940 1641 2977 sequ.
1674 2930 1755 2966 cet.
1826 2929 1919 2978 Rig.

310 2988 511 3035 posset,
547 2996 657 3021 cum
696 2985 800 3032 illi,
843 2985 1048 3032 opinor,
1093 2984 1448 3030 sequebantur
1478 2988 1558 3022 cet.
1617 2985 1791 3024 semler.
1822 2996 1919 3023 cum

314 3041 468 3080 ceteris
498 3040 645 3079 edidit:
678 3041 832 3078 indiv.
859 3041 1015 3078 famil.
1040 3040 1413 3088 praerogativa
1431 3043 1767 3089 c.b.c.poflset.
1800 3043 1918 3079 Cum

312 3098 430 3146 illo,
461 3097 665 3146 opinor,
712 3109 848 3144 sequ.
887 3096 1034 3134 illum
1064 3098 1144 3134 etc.
1259 3096 1302 3144 3)
1320 3098 1613 3148 Marc.10‚52.
1703 3094 1750 3151 4)
1766 3097 1917 3136 Matth.

315 3157 382 3204 10,
402 3155 466 3192 37.
583 3151 624 3202 5)
653 3153 804 3191 Matth.
824 3155 888 3203 28,
906 3155 970 3191 19.
1087 3151 1133 3205 6)
1162 3154 1279 3190 Ioan.
1300 3154 1338 3202 3,
1359 3155 1395 3190 5.
