1942 3554
254 238 323 285 {2
785 237 868 274 DE
899 236 1343 275 SPEGTACULIS.

252 377 547 441 Tianquillus
587 377 790 440 accepit.
866 375 965 424 Sed
1004 377 1121 425 baec
1162 379 1273 424 satis
1313 386 1450 425 erunt
1485 376 1545 425 ad
1582 379 1780 443 originis
1812 378 1870 427 de

1931 462 1942 596 ,ἰ

253 447 522 495 idololatria
556 455 751 494 reatum.

398 522 447 569 6.
517 515 724 564 Accedit
781 515 838 563 ad
899 519 1214 565 testimoniun.
1274 518 1562 582 antiquitatis
1620 517 1870 566 subsecuta

254 589 530 652 posteritas,
585 588 779 634 somnam
827 588 1023 651 originis
1068 587 1126 634 de
1172 588 1317 635 titulis
1357 588 1490 635 huius
1530 603 1714 652 quoque
1751 597 1871 636 tem—
1930 598 1942 659 ti

252 659 383 722 poris
413 658 713 721 praeferens,
759 674 847 721 per
877 675 994 722 quos
1027 660 1256 721 signatum
1290 667 1384 716 est,
1432 659 1506 706 cui
1546 657 1675 706 idolo
1713 667 1761 705 et
1793 659 1867 706 cui

252 869 397 916 tiares
429 877 477 914 et
499 868 708 914 Florales
739 869 785 914 in
820 885 1063 916 commune
1096 868 1419 926 celebrantur3
1455 869 1623 932 reliqui
1657 867 1868 916 ludorum

253 937 311 986 de
344 938 575 986 natalibus
608 947 655 984 ct
686 938 1075 985 sollemnitatibus
1113 954 1275 1002 regum
1316 947 1364 985 et
1393 938 1592 1001 publicis
1622 940 1868 1002 prosperi·
1931 994 1933 996 v

251 1008 424 1055 tatibus
458 1017 505 1056 et
535 1008 889 1071 municipalibus
921 1009 1051 1055 fastis
1084 1009 1427 1071 superstitiosis
1454 1024 1643 1055 caussas
1668 1008 1868 1071 originis
1918 1034 1942 1067 ῖς,

251 1078 425 1125 habent
439 1078 502 1142 2).
550 1078 679 1125 Inter
709 1094 825 1142 quos
859 1079 996 1126 etiam
1028 1080 1311 1142 privatorum
1342 1079 1579 1126 memoriis
1609 1079 1869 1142 legatariae
1926 1095 1942 1134 ,³

252 1148 489 1196 editiones
520 1157 790 1212 parentant,
834 1147 883 1194 id
914 1164 1098 1211 quoque
1131 1147 1383 1195 secundum
1415 1149 1719 1196 institutionis
1750 1150 1871 1196 anti·

252 1221 489 1282 quitatem.
577 1218 697 1265 Nam
730 1227 777 1265 et
807 1235 833 1265 a
865 1217 1122 1282 primordio
1161 1218 1372 1265 bifariam
1403 1217 1499 1265 ludi
1538 1217 1867 1276 censebantur,

251 1289 376 1336 sacri
408 1297 458 1336 et
488 1288 734 1344 funebres,
768 1287 817 1334 id
849 1297 921 1335 est
953 1287 1041 1334 diis
1074 1289 1309 1335 nationum
1345 1297 1392 1336 et
1422 1290 1631 1336 mortuis.
1679 1287 1778 1336 Sed
1809 1287 1867 1337 de
1921 1315 1927 1330 ,-

250 1359 521 1406 idololatria
552 1358 664 1404 nihil
697 1357 855 1405 differt
884 1357 1003 1421 apud
1037 1375 1144 1416 nos,
1178 1358 1260 1405 sub
1294 1375 1384 1422 quo
1417 1359 1603 1406 numine
1636 1367 1684 1406 et
1714 1358 1866 1417 titulo,
1923 1394 1926 1395 γ

250 1429 356 1476 dum
402 1428 461 1475 ad
507 1428 700 1477 eosdem
747 1430 935 1492 spiritus
980 1429 1254 1492 perveniat,
1325 1429 1489 1492 quibus
1534 1430 1866 1487 renuntiamus,

248 1501 363 1547 licet
393 1501 611 1556 mortuis,
655 1499 765 1546 licet
797 1498 884 1545 diis
917 1500 1014 1545 suis
1046 1498 1234 1546 faciant.
1312 1498 1514 1547 Proinde
1547 1500 1741 1547 mortuis
1773 1499 1868 1546 suis

247 1578 299 1616 ut
339 1568 428 1616 diis
466 1570 728 1631 faciant3):
782 1586 872 1616 una
912 1569 1122 1616 conditio
1162 1571 1307 1633 partis
1346 1571 1589 1634 utriusque
1635 1578 1731 1629 est,
1777 1586 1868 1617 uua
1919 1603 1924 1622 2

1916 1776 1942 1894 ἓ

1879 1904 1882 1907 ”
1911 1903 1942 1963 ,ἑ

1923 1764 1938 1776 ,ι

1922 1870 1942 1899 ὁ·

1924 1966 1938 1989 2

1924 1996 1932 2013 s

248 1638 543 1697 idololatria,
576 1656 667 1686 una
698 1641 983 1686 renuntiatio
1015 1648 1176 1686 nostra
1207 1638 1432 1687 adversus
1464 1639 1795 1687 idololatriam.

388 1710 439 1757 7.
485 1708 750 1757 Communis
782 1711 927 1773 igitur
957 1711 1092 1772 origo
1127 1709 1337 1757 ludorum
1375 1711 1618 1774 utriusque
1651 1712 1864 1774 generis,

247 1796 519 1828 communes
551 1789 599 1826 et
631 1781 766 1838 tituli,
801 1789 854 1827 ut¹¹
883 1779 941 1828 de
975 1780 1294 1827 communibus
1327 1782 1519 1838 caussis,
1552 1778 1752 1843 proinde
1785 1797 1868 1843 ap-

245 1860 438 1914 paratus
471 1866 741 1897 communes
776 1850 978 1897 habeant
1010 1866 1206 1897 necesse
1240 1859 1312 1897 est
1336 1849 1394 1897 de
1420 1859 1554 1897 reatu
1587 1850 1863 1914 generali4)

245 1919 545 1967 idololatriae
578 1919 855 1966 conditricis
894 1936 1026 1967 suae.
1107 1919 1204 1967 Sed
1243 1922 1524 1967 circensium
1561 1921 1699 1984 paulo
1737 1936 1868 1984 pom-

242 1992 401 2054 patior
431 1999 702 2052 suggestus,
745 1990 909 2053 quibus
947 1992 1138 2053 proprie
1172 1990 1262 2037 hoc
1295 2006 1463 2037 nomen
1494 2006 1684 2054 pompa:
1730 2005 1870 2054 prae-

244 2059 394 2117 cedit,
443 2075 637 2122 quorum
670 2061 730 2106 sit
761 2061 806 2105 iu
838 2061 1089 2122 semetipsa
1119 2060 1323 2122 probans
1340 2062 1383 2121 ⁵)
1424 2060 1481 2107 de
1513 2060 1867 2107 simulacrorum

1924 660 1942 694 Ἅι

253 729 578 792 superstitioni
624 727 864 791 utriusque
885 728 929 790 ¹)
974 729 1163 791 generis
1208 727 1303 775 ludi
1341 737 1630 776 notarentur.
1704 728 1871 792 Mega·
1906 722 1934 763 Ὓ

258 798 410 846 lenses
442 807 490 846 et
518 796 842 861 Apollinares,
889 800 999 844 item
1033 798 1258 845 Cereales
1291 807 1339 844 et
1368 797 1660 862 Neptunales
1699 807 1748 846 et
1777 798 1869 845 La·
1926 795 1937 825 7⁵

1916 2021 1931 2046 j.

245 2131 396 2184 serie,
453 2128 511 2175 de
544 2130 793 2192 imaginum
826 2131 1033 2192 agmine,
1090 2129 1148 2176 de
1181 2129 1417 2187 curribus,
1467 2129 1525 2177 de
1556 2130 1757 2187 thensis,
1807 2128 1864 2176 de
1919 2141 1934 2176 Τ

243 2200 544 2257 armamaxis,
594 2199 652 2246 de
692 2198 903 2255 sedibuS,
960 2199 1017 2246 de
1061 2200 1272 2256 coronis,
1322 2198 1379 2246 de
1413 2200 1608 2247 exuviis.
1685 2199 1863 2258 Quanta

243 2278 495 2333 praeterea
528 2285 684 2326 sacra,
726 2278 895 2332 quanta
928 2270 1162 2316 sacrificia
1193 2269 1502 2333 praecedant,
1550 2267 1863 2327 intercedant,
1922 2261 1935 2304 '3‘

244 2339 522 2396 succedant,
558 2349 670 2402 quot
701 2340 927 2402 collegia,
963 2349 1076 2403 quot
1106 2338 1397 2398 sacerdotia,
1432 2349 1545 2404 quot
1577 2340 1735 2387 officia
1766 2356 1865 2386 mo-
1921 2387 1926 2406 Δ,

245 2419 463 2467 veantur,
511 2410 664 2456 sciunt
701 2410 913 2456 homines
953 2411 1076 2456 illius
1109 2410 1257 2468 urbis,
1307 2411 1353 2456 in
1393 2426 1480 2474 qua
1513 2409 1863 2458 daemoniorum

245 2490 503 2528 conventus
537 2478 768 2526 consedit.
837 2479 906 2526 Ea
938 2482 973 2526 si
1007 2481 1186 2526 minore
1221 2497 1331 2527 cura
1365 2497 1451 2543 per
1479 2481 1747 2543 provincias
1778 2496 1863 2544 pro
1922 2487 1925 2489 ’

244 2551 503 2598 minoribus
536 2550 710 2597 viribus
742 2549 1142 2607 administrantur,
1191 2559 1343 2596 tamen
1377 2567 1537 2597 omnes
1570 2550 1738 2614 ubique
1772 2551 1864 2597 cir-
1916 2555 1923 2613 ζ’

359 2749 403 2797 1)
436 2748 853 2794 uniuscuiusque
884 2747 977 2794 alii;
1023 2746 1095 2784 sed
1121 2749 1269 2785 contra
1293 2747 1486 2786 codicum
1515 2747 1634 2784 fidem
1663 2747 1772 2786 nihil
1800 2749 1864 2785 est

243 2805 511 2852 mutandum,
561 2816 688 2851 quum
717 2803 807 2840 ludi
837 2804 997 2841 scenici
1027 2806 1070 2840 et
1099 2803 1311 2841 circenses
1342 2806 1556 2842 notentur.
1672 2801 1720 2857 2)
1750 2804 1863 2841 Rhe-

244 2873 398 2900 nanus:
432 2861 589 2899 fastis
613 2861 1190 2909 superstitionibusque
1209 2873 1243 2896 c.
1261 2872 1298 2898 0.
1315 2860 1354 2896 h.
1373 2882 1423 2887 —
1457 2860 1683 2909 Rigaltius:
1715 2862 1764 2897 et
1785 2871 1861 2897 so-

243 2918 502 2956 lemnibus
527 2929 776 2966 reg-um—
798 2918 948 2954 festis
975 2916 1374 2964 superstitionis
1409 2927 1626 2954 caussas
1655 2916 1860 2967 habent.

244 2975 425 3013 Semler:
486 2974 642 3015 fastis
679 2974 1084 3022 superstitionis
1132 2984 1344 3011 caussas
1391 2973 1614 3021 originis
1662 2973 1862 3010 habent.
1912 2970 1917 2974 ‘

245 3032 336 3068 Una
358 3031 483 3068 litera
498 3031 542 3067 in
564 3041 600 3068 v.
618 3033 934 3079 superstitionis
958 3032 1121 3067 mutata.
1145 3030 1266 3067 locus
1292 3029 1457 3067 videtur
1473 3030 1576 3067 satis
1599 3029 1859 3067 emendatus.

245 3086 288 3131 3)
321 3087 550 3124 mortuis.
617 3087 817 3123 Licebit
849 3087 947 3124 diis
987 3087 1095 3124 suis
1127 3086 1348 3134 faciant,
1396 3086 1612 3134 proinde
1641 3083 1861 3123 mortuis

246 3144 469 3189 faciunt,
504 3143 725 3191 Rigaltius.
842 3141 883 3192 4)
914 3142 1146 3193 genitali,
1178 3142 1245 3179 Fr.
1270 3142 1415 3179 Iunius
1446 3153 1469 3179 e
1498 3142 1585 3182 MS.
1701 3140 1745 3190 5)
1776 3150 1861 3177 no·
1898 3176 1908 3189 ».

247 3210 374 3250 men,
415 3211 591 3248 pompa
621 3200 938 3247 praecedens
969 3219 1025 3227 —
1057 3201 1239 3246 probat
1273 3198 1493 3246 Rigaltius.
