1942 3554
299 242 412 293 212
567 244 658 282 DE
697 243 884 280 FUGA
923 243 995 279 IN
1032 239 1614 279 PERSECUTIONE.

302 402 395 431 non
426 392 587 446 potest
619 399 724 430 esse
756 399 886 429 meus
920 381 1188 443 discipulus.
1216 383 1260 439 1)
1331 379 1576 428 Postremo
1609 382 1655 428 in
1675 369 1927 445 'Apocalyssiff

299 455 371 517 psi
394 455 439 512 2)
476 471 569 500 non
600 454 757 516 sugam
788 451 963 498 timidis
996 450 1154 509 offert,
1202 449 1287 497 sed
1317 452 1441 498 inter
1471 460 1662 498 ceteros
1694 452 1926 518 reprobos

300 525 577 586 particulam
623 524 671 569 in
718 532 886 586 stagno
934 522 1165 584 sulphuris
1212 529 1261 568 et
1305 522 1449 584 ignis,
1512 520 1638 584 quod
1683 531 1756 569 est
1801 535 1926 575 mors

301 593 524 642 secunda.
1909 628 1917 633 .

442 669 493 715 8.
557 664 752 726 Refugit
783 672 831 709 et
861 664 960 726 ipse
992 662 1081 710 vim
1115 661 1368 717 interdum,
1410 660 1494 709 sed
1525 660 1689 708 eadem
1722 646 1925 726 rationess

301 753 391 799 qua
434 735 681 798 Apostolis
729 735 895 796 lugere
936 741 1269 795 praeceperat,
1319 731 1470 779 donec
1519 732 1706 779 seilicet
1745 730 1926 790 doctri&

299 823 405 852 nam
438 822 565 852 suam
597 805 836 867 impleret,
871 819 959 866 qua
992 811 1330 860 consummata,
1371 818 1464 848 non
1498 800 1605 848 dico
1639 803 1798 859 stetit,
1839 799 1926 866 sed

299 892 387 923 uec
434 876 653 922 auxilium
700 891 728 920 a
772 882 904 937 patre
944 874 1218 935 angelorum
1273 873 1564 919 exercituum
1618 863 1926 940 desideravitff}

298 947 532 1009 increpito
566 946 704 991 etiam
738 943 865 990 Petri
899 943 1073 1006 gladio.
1143 942 1390 990 Professus
1423 941 1607 1006 quidem
1641 951 1689 989 et
1719 943 1819 1005 ipse
1851 949 1929 1006 est}

299 1018 497 1063 animam
537 1016 720 1064 anxiam
761 1030 906 1077 usque
945 1012 1001 1060 ad
1043 1022 1237 1059 mortem
1280 1021 1327 1060 et
1359 1029 1547 1060 carnem
1579 1013 1826 1070 infirmam,
1873 1016 1927 1078 u}

297 1087 384 1133 tibi
417 1085 708 1141 ostenderet,
741 1085 891 1147 primo
924 1085 970 1129 in
1003 1100 1053 1130 se
1084 1092 1325 1145 utramque
1352 1082 1651 1129 substantiam
1677 1082 1925 1137 humanam*

295 1157 442 1203 fuisse
476 1172 535 1203 ex
564 1156 855 1217 proprietate
890 1154 1142 1199 anxietatis
1166 1154 1346 1199 animae
1373 1161 1422 1198 et
1450 1152 1785 1198 imbecillitatis
1817 1151 1923 1213 car-'7‘

294 1227 391 1283 nis,
424 1242 482 1271 ne
516 1226 675 1281 aliam,
709 1233 762 1270 ut
798 1222 982 1286 quidam
1014 1239 1134 1268 nunc
1167 1222 1471 1278 induxerunt,
1512 1230 1592 1267 aut
1623 1237 1811 1268 carnem
1843 1220 1925 1280 aul}

298 1297 494 1342 animam
530 1295 704 1342 Christi
736 1293 1148 1355 interpretareris3
1186 1291 1355 1339 dehine
1380 1301 1430 1338 ut
1453 1290 1780 1340 demonstratis
1807 1284 1925 1354 cen-1}

298 1365 553 1413 ditionibus
600 1381 759 1411 earum
806 1364 977 1420 scireS,
1033 1362 1134 1408 illas
1174 1362 1285 1408 nihil
1322 1362 1482 1409 valere
1519 1377 1606 1424 per
1649 1363 1921 1425 semetipsas

297 1438 397 1484 sine
438 1438 619 1500 spiritu.
693 1434 755 1480 Et
799 1432 908 1479 ideo
955 1433 1263 1496 praeponit-⁶³)
1319 1432 1508 1495 spiritus
1553 1441 1817 1496 promptus,
1872 1430 1923 1480 usi

295 1516 539 1570 utramque
581 1504 901 1552 conditionem
941 1502 1231 1548 substantiae
1270 1503 1509 1565 utriusque
1548 1503 1812 1565 respiciens
1850 1502 1924 1548 in-'v

296 1578 508 1641 telligas,
541 1577 587 1622 in
620 1584 666 1621 te
700 1589 804 1620 esse
838 1574 977 1620 etiam
1009 1570 1329 1619 fortitudinem
1363 1572 1574 1634 spirituS,
1608 1571 1840 1636 quomodo
1873 1579 1923 1621 et

295 1648 611 1694 infiimitatem
645 1645 825 1701 carnis3
871 1659 925 1689 ac
958 1644 1047 1688 iam
1080 1643 1188 1688 hinc
1221 1643 1342 1688 scias
1375 1641 1485 1704 quid
1517 1642 1636 1689 unde
1670 1643 1838 1700 facias,
1873 1634 1921 1691 eli

297 1717 404 1781 quid
439 1717 511 1764 cui
537 1716 784 1771 subiicias,
818 1714 1046 1761 infirmum
1072 1711 1258 1759 seilicet
1281 1712 1418 1768 forti,
1450 1727 1532 1770 ne,
1565 1721 1614 1758 ut
1638 1728 1758 1758 nunc
1785 1713 1917 1770 facis,

293 1788 354 1836 de
402 1788 555 1834 carnis
602 1784 788 1848 quidem
829 1783 1097 1829 infirmitate
1138 1782 1394 1838 causseriS,
1443 1780 1501 1828 de
1535 1782 1726 1844 spiritus
1763 1788 1920 1829 autent

295 1858 514 1905 firmitate
563 1854 846 1901 dissimules.
925 1852 1185 1898 Postulavit
1231 1861 1278 1898 et
1323 1852 1422 1914 ipse
1463 1868 1490 1898 a
1527 1860 1683 1914 patre,
1730 1853 1768 1898 si
1814 1847 1920 1899 lieri

292 1936 471 1991 posset,
504 1926 728 1973 transiret
758 1924 815 1971 ab
848 1924 927 1970 illo
963 1922 1088 1969 calix
1120 1922 1367 1985 passioniS.
1429 1921 1618 1968 Postula
1650 1930 1698 1968 et
1730 1930 1800 1979 tu,
1831 1911 1922 1969 scd·

295 2007 421 2045 stans
456 2006 504 2043 ut
535 1997 640 2054 ille3
699 1994 783 2042 sed
814 1993 1052 2058 postulans
1084 2001 1281 2049 tantum,
1325 1991 1409 2038 sed
1440 1992 1728 2054 subiungens
1761 2001 1807 2039 et
1841 1999 1921 2053 ree*

293 2069 441 2131 liqua:
481 2067 657 2113 Verum
690 2082 781 2111 non
814 2063 939 2128 quod
972 2079 1063 2126 ego
1097 2063 1221 2120 vole,
1254 2060 1338 2109 sed
1369 2061 1494 2125 quod
1523 2071 1589 2108 tu.
1612 2062 1658 2120 4)
1714 2055 1918 2124 Fugiens

293 2147 447 2184 autem
482 2134 716 2199 quomodo
755 2135 844 2181 hoc
884 2134 1167 2197 postulabis,
1214 2134 1314 2195 ipse
1354 2132 1438 2179 tibi
1469 2140 1715 2196 praestans
1753 2132 1924 2179 calicis'·

292 2208 670 2262 translationem,
709 2220 798 2251 nee
831 2204 955 2267 quod
986 2212 1120 2266 pater
1151 2203 1269 2259 vult,
1303 2204 1477 2260 facies,
1512 2201 1595 2250 sed
1629 2201 1752 2265 quod
1785 2203 1860 2247 tu?
1922 2245 1925 2247 ,

434 2279 482 2326 9.
537 2275 698 2322 Omnia
728 2273 950 2336 Apostoli
982 2271 1236 2319 secundum
1269 2270 1404 2319 deum
1437 2273 1597 2335 utique
1637 2269 1922 2333 docuerunt*

292 2348 447 2394 omnia
479 2345 812 2408 evangelizare
845 2343 1109 2390 voluerunt.
1135 2342 1179 2399 ⁵)
1259 2341 1347 2388 Ubi
1387 2341 1492 2388 illos
1532 2340 1740 2387 ostendis
1779 2355 1921 2407 piae-

292 2426 479 2480 ceptum
512 2413 723 2479 fugiendi
763 2413 820 2461 de
862 2414 1052 2459 civitate
1086 2412 1132 2457 in
1171 2411 1407 2458 civitatem
1438 2420 1750 2469 restaurasse,
1807 2412 1919 2474 quia

288 2504 380 2535 nec
412 2487 678 2550 potuissent
708 2486 800 2532 tale
835 2483 944 2547 quid
977 2482 1265 2529 constituere
1307 2489 1398 2527 tam
1438 2482 1721 2528 contrarium
1754 2494 1915 2529 exem-³

290 2558 380 2620 plis
412 2558 507 2604 suis
538 2565 588 2602 ut
618 2557 776 2617 fugam
807 2552 1240 2614 mandaren13qui
1281 2552 1585 2598 cummaxime
1627 2550 1683 2599 de
1719 2551 1922 2611 vinculis„

290 2628 365 2674 vel
397 2627 584 2683 insulis,
619 2625 785 2688 quibus
817 2624 875 2671 ob
909 2623 1279 2678 confessionem,
1312 2637 1402 2667 non
1437 2620 1495 2667 ob
1528 2621 1683 2685 fugam
1715 2621 1922 2668 nominis·

291 2697 679 2753 continebantur,
727 2694 786 2743 ad
818 2694 1049 2741 ecclesias
1080 2691 1364 2739 scribebant.
1440 2690 1652 2738 Infirmos
1691 2690 1919 2739 sustineri

290 2767 422 2813 iubet
452 2767 637 2823 Paulus,
662 2765 705 2827 6)
738 2767 895 2828 utique
928 2765 1047 2810 enim
1079 2779 1172 2808 non
1204 2762 1464 2825 fugientes3
1499 2759 1755 2824 (quomodo
1789 2755 1925 2824 cuiuis

293 2837 640 2883 sustinebantur
698 2836 948 2883 absentes?
1023 2850 1079 2880 an
1139 2833 1364 2895 patientia
1417 2831 1545 2878 dicet
1597 2829 1920 2895 sustinendos,-

291 2906 440 2953 sicubi
471 2922 556 2969 per
586 2906 898 2952 infirmitatem
930 2903 1040 2951 fidei
1079 2917 1189 2949 suae
1230 2900 1570 2959 offenderint?)
1633 2902 1701 2948 sic
1739 2909 1790 2946 ut
1827 2915 1920 2963 pu-.

404 3088 448 3135 1)
481 3089 581 3124 Luc.
608 3090 673 3131 14,
699 3090 763 3124 26.
852 3088 897 3135 2)
931 3099 966 3124 c.
984 3089 1049 3135 21,
1071 3087 1108 3122 8.
1197 3085 1241 3130 3)
1271 3084 1420 3123 Matth.
1439 3086 1506 3129 26,
1524 3085 1591 3120 41.
1684 3083 1730 3129 4)
1762 3080 1909 3118 matth.

290 3147 358 3193 26,
385 3147 450 3182 39.
582 3141 626 3194 5)
660 3143 735 3179 Ed.
763 3144 894 3181 Rhen.
926 3146 974 3181 1.:
1023 3142 1197 3180 omnia
1244 3140 1508 3188 evangelii
1550 3137 1918 3176 revolverunt.

289 3199 331 3238 m
370 3203 391 3237 1
415 3200 561 3237 Thess.
581 3203 617 3250 5,
646 3201 717 3237 14.
1918 3201 1919 3205 ’
