1942 3554
522 157 1072 197 APOLOGETIGUS.
1515 156 1629 206 125

7 300 305 369 {uaecunque
335 309 384 347 te
416 299 612 347 materia
645 297 957 355 destruxerit,
991 297 1227 354 hauserit,
1260 296 1548 357 aboleverit,
1581 299 1629 347 in

7 373 189 422 mihilum
231 370 535 435 prodegerit,
590 367 763 416 reddet
807 377 873 415 te.
954 368 1068 415 Eius
1116 367 1189 416 est
1228 368 1422 415 nihilum
1461 369 1626 432 ipsum,

9 445 132 492 iuius
166 451 216 490 et
243 449 408 490 totum.
482 439 636 502 Ergo,
693 439 907 501 inquitis,
963 454 1152 501 semper
1188 437 1479 486 moriendum
1514 440 1625 497 erit,

9 524 46 563 Ξῖ
75 528 265 577 semper
292 508 648 574 resurgendum.
727 507 778 555 Si
810 509 875 556 ita
906 523 1064 555 rerum
1092 508 1306 556 dominus
1326 508 1626 567 destinasset,

4 585 195 650 >ingratis
227 580 519 646 experireris
552 578 836 626 conditionis
867 587 977 626 tuae
1010 579 1185 643 legem.
1268 578 1335 627 At
1371 597 1493 627 nunc
1535 597 1629 627 non

1 657 138 704 aliter
166 653 430 709 destinavit,
466 667 599 714 quam
630 648 940 714 praedicavit.
1021 649 1152 708 Quae
1184 651 1307 696 ratio
1341 651 1626 698 universita-

7 743 92 775 2em
140 741 201 774 ex
245 723 522 772 diversitate
563 721 848 784 composuit,
897 728 949 767 ut
988 721 1144 768 omnia
1182 735 1242 767 ex
1282 721 1479 768 aemulis
1517 721 1627 768 sub-

7 794 299 845 ;tantiis*sub
330 794 508 840 unitate
541 800 818 839 constarent
850 806 910 838 cx
940 807 1095 838 vacuo
1129 800 1178 838 et
1209 790 1390 850 solido,
1433 807 1495 839 ex
1525 793 1626 839 ani-

0 867 105 915 mali
136 870 188 914 et
213 864 472 921 inanimali,
515 879 576 910 ex
607 861 1025 926 comprehensibili
1058 864 1109 911 et
1138 862 1624 925 incomprehensibili,

6 954 59 987 ax
88 937 195 984 luce
224 945 274 984 et
303 934 538 989 tenebris,
586 949 646 981 ex
676 934 776 996 ipsa
807 933 904 980 vita
936 941 985 980 et
1021 941 1198 980 morte:
1254 931 1419 980 eadem
1458 950 1627 982 aevum

0 1023 183 1073 quoque
222 1007 287 1054 ita
327 1004 560 1052 destinata
599 1021 654 1052 ac
698 1003 918 1051 distincta
951 1002 1227 1052 conditione
1263 1006 1528 1064 conseruit,
1578 1013 1629 1052 ut

0 1079 142 1142 orima
170 1077 290 1126 hacc
322 1092 430 1140 pars
461 1077 518 1123 ab
553 1074 752 1123 exordio
786 1091 968 1133 rerum,
1017 1091 1153 1138 quam
1186 1076 1459 1134 incolimus,
1507 1085 1627 1123 tem-

4 1149 148 1213 porali
178 1156 335 1196 aetate
368 1145 427 1194 ad
458 1147 593 1194 linem
630 1145 828 1202 defluat,
885 1161 1089 1209 sequens
1121 1162 1262 1204 vero,
1312 1163 1447 1210 quam
1481 1162 1628 1210 expe-

0 1229 198 1277 etamus,
246 1220 292 1265 in
323 1218 548 1265 infinitam
581 1218 911 1264 aeternitatem
944 1226 1251 1280 propagetur.
1326 1217 1473 1276 Quum
1507 1233 1626 1281 ergo

3 1291 101 1338 finis
132 1298 182 1338 et
211 1289 346 1337 limes
376 1287 580 1346 mediuS,
615 1289 693 1351 qui
724 1287 963 1345 interhiat,
999 1286 1202 1346 affuerit,
1236 1297 1286 1335 ut
1312 1289 1451 1336 etiam
1468 1287 1627 1335 mundi

3 1363 143 1427 {psius
174 1361 362 1424 species
393 1360 708 1407 transferatur
738 1374 889 1421 aeque
922 1360 1221 1421 temporalis,
1271 1374 1390 1423 quae
1430 1360 1498 1407 illi
1532 1359 1628 1406 dis-

0 1431 220 1496 positioni
265 1431 562 1478 aeternitatis
607 1429 759 1477 aulaei
798 1430 906 1476 vice
947 1445 1157 1492 oppansa
1189 1439 1285 1477 est:
1341 1439 1451 1477 tunc
1484 1431 1628 1479 resti-

2 1511 156 1552 tuetur
200 1516 336 1549 omne
381 1501 626 1549 humanum
667 1516 816 1564 genus
863 1499 920 1547 ad
968 1500 1354 1563 expungendum,
1411 1501 1534 1565 quod
1580 1502 1627 1548 in

0 1576 89 1622 isto
119 1590 240 1622 aevo
269 1571 384 1620 boni
415 1588 497 1620 seu
530 1571 638 1619 mali
670 1573 864 1630 meruit,
921 1580 970 1618 et
1015 1572 1125 1619 exin
1173 1570 1533 1636 dependendum
1580 1573 1627 1618 in

2 1646 264 1693 immensam
311 1644 606 1691 aeternitatis
651 1644 1032 1707 perpetuitatem.
1109 1641 1318 1707 Ideoque
1365 1660 1455 1692 nec
1497 1659 1626 1691 mors

0 1717 112 1774 iam,
167 1730 257 1763 nec
296 1730 459 1762 rursus
491 1731 547 1762 ac
578 1730 741 1761 rursus
780 1715 1102 1771 resurrectio,
1153 1713 1238 1760 sed
1271 1715 1443 1762 erimus
1483 1714 1626 1762 iidem

2 1786 76 1851 qui
105 1802 252 1843 nunc,
300 1800 389 1832 nec
422 1784 501 1832 alii
534 1793 664 1847 post:
721 1783 797 1831 dei
844 1783 1032 1848 quidem
1075 1785 1287 1832 cultores
1326 1785 1449 1849 apud
1490 1784 1627 1832 deum

2 1871 206 1921 semper,
238 1854 532 1919 superinduti
564 1854 823 1902 substantia
855 1856 1047 1917 propria
1077 1857 1399 1914 aeternitatis3
1437 1856 1628 1919 profani

2 1941 113 1975 vero
145 1935 196 1974 et
226 1928 304 1990 qui
336 1942 430 1972 non
461 1926 635 1989 integri
664 1924 723 1973 ad
755 1924 916 1983 deum,
949 1926 995 1971 in
1027 1942 1183 1989 poena
1214 1942 1366 1990 acque
1399 1927 1521 1991 iugis
1553 1928 1627 1990 ig-

2 1997 92 2055 nis,
140 1996 355 2045 habentis
387 2011 447 2043 ex
478 1997 578 2059 ipsa
611 2006 776 2043 natura
807 1997 909 2044 eius
942 1995 1144 2044 divinam
1178 1997 1365 2044 scilicet
1402 1998 1628 2045 submini-

0 2068 271 2116 strationem
303 2067 779 2130 incorruptibilitatis.
802 2068 846 2126 1)
900 2066 1150 2115 Noverunt
1180 2076 1229 2114 et
1257 2068 1525 2133 philosophi
1557 2067 1629 2115 di-

0 2139 270 2188 versitatem
308 2138 472 2185 arcani
512 2146 560 2184 et
589 2137 766 2202 publici
800 2139 937 2202 ignis.
1016 2137 1085 2186 lta
1117 2138 1261 2203 longe
1291 2139 1412 2187 alius
1444 2148 1517 2187 est
1548 2140 1627 2203 qui

0 2209 101 2259 unni
136 2209 359 2266 humano,
407 2209 524 2255 alius
556 2211 632 2272 qui
664 2208 841 2256 iudicio
875 2209 953 2257 dei
983 2219 1206 2272 apparet,
1254 2211 1354 2258 sive
1395 2209 1453 2258 de
1487 2210 1626 2258 coelo

0 2278 188 2328 fulmina
217 2281 478 2343 stringens,
516 2280 617 2327 sive
651 2279 709 2327 de
740 2289 869 2328 terra
900 2296 988 2344 per
1016 2282 1228 2329 vertices
1259 2283 1484 2328 montium
1518 2297 1628 2328 eru-

0 2358 156 2411 ctans3
210 2367 304 2398 non
351 2351 473 2398 enim
513 2350 735 2408 absumit,
785 2350 910 2415 quod
950 2353 1130 2410 exurit,
1181 2351 1266 2399 sed
1299 2350 1404 2398 dum
1437 2359 1624 2414 erogat,

0 2429 205 2486 reparat.
276 2420 414 2469 Adeo
447 2430 636 2469 manent
667 2431 849 2469 montes
881 2437 1069 2485 semper
1100 2421 1339 2479 ardentes,
1374 2431 1423 2469 et
1456 2422 1533 2485 qui
1566 2419 1624 2469 de

0 2490 138 2540 coelo
170 2492 398 2556 tangitur,
445 2493 599 2540 salvus
633 2502 725 2551 est,
774 2502 825 2539 ut
855 2492 982 2540 nullo
1015 2494 1104 2540 iam
1137 2493 1236 2556 igni
1270 2491 1624 2540 decinerescat.

0 2559 61 2608 Et
87 2561 179 2610 hoc
211 2563 304 2611 erit
332 2563 648 2610 testimonium
681 2564 804 2627 ignis
836 2564 1037 2619 aeterni,
1081 2563 1173 2610 hoc
1208 2563 1469 2625 exemplum
1501 2563 1626 2626 iugis

0 2627 162 2680 iudicii
190 2649 388 2697 poenam
421 2634 694 2682 nutrientis:
735 2643 920 2682 montes
951 2642 1150 2680 uruntur
1176 2641 1223 2680 et
1241 2631 1425 2680 durant.
1502 2631 1626 2693 Quid

0 2711 226 2751 nocentes
257 2712 306 2751 et
335 2702 411 2751 dei
442 2705 634 2752 hostes?

140 2776 227 2824 49.
290 2773 419 2821 Haec
468 2784 595 2832 sunt,
639 2791 758 2838 quae
797 2777 844 2821 in
884 2774 1020 2821 nobis
1059 2774 1172 2821 solis
1212 2775 1624 2838 praesumptiones

1 2851 250 2901 vocantur,
295 2844 341 2889 in
372 2844 665 2908 philosophis
699 2854 747 2893 et
779 2846 932 2909 poe'tis
965 2861 1169 2892 summae
1203 2845 1436 2893 scientiae
1470 2853 1520 2892 et
1550 2846 1624 2892 in-

36 3014 45 3031 *
111 3026 156 3075 1)
187 3026 293 3064 flav.
325 3027 374 3063 et
401 3027 488 3074 qui
517 3039 618 3065 non
645 3028 849 3077 integre
878 3029 937 3065 ad
969 3028 1133 3078 deum,
1167 3028 1219 3066 in
1247 3040 1413 3077 poena
1439 3028 1547 3080 (aig.
1572 3028 1620 3066 in

0 3076 241 3132 p'Oenam)
272 3094 436 3129 aeque
472 3084 612 3132 iugis
639 3084 794 3132 ignis,
828 3085 1070 3122 habentis
1104 3085 1220 3134 (Rig.
1245 3084 1524 3134 habentes)
1559 3096 1622 3122 cx

0 3135 96 3191 ὶιῇιι.
126 3149 163 3176 e.
196 3139 370 3177 divina
402 3151 471 3178 sc.
507 3142 659 3178 subm.
691 3141 883 3178 incorr.
