1942 3554
61 0 138 105 {j}
147 53 151 55 ‚
184 37 192 43 ·

99 58 118 70 ι,
240 58 243 59 ’
270 60 277 61 ’

117 74 132 84 «π
163 77 174 82 -

64 115 90 122 «μ
110 119 118 125 ,

569 159 1133 200 Ανοιοωῑτιουε.
1592 158 1709 207 89,

38 303 426 372 ψωοςθιιίῑωιι,
464 302 636 351 virtute
667 308 717 348 et
745 300 931 347 ratione
964 299 1260 355 comitatum,
1301 306 1351 345 et
1380 298 1548 362 spiritu
1579 298 1673 346 ful-

42 374 225 436 ςῂἡῖ),
274 371 498 431 eundem,
547 371 625 435 qni
667 369 816 418 verbo
864 369 1020 416 omnia
1065 377 1115 415 et
1151 368 1339 416 faceret
1369 377 1418 416 et
1448 368 1667 417 iecisset.

40 442 118 493 Ad
166 442 430 492 doctrinam
473 457 589 490 vero
629 441 754 499 eius,
804 456 893 504 qua
925 438 1298 488 revincebantur
1329 440 1544 503 magistri
1575 439 1674 502 pri-

38 529 294 578 not-esque
326 511 625 570 Iudaeorum,
656 513 724 557 ita
762 509 1187 574 exasperabantur,
1222 510 1421 557 maxime
1454 508 1582 574 quod
1611 507 1673 556 ad

37 600 149 637 Qum
193 585 361 648 ingens
405 579 649 630 multitudo
705 579 1011 638 deflecteret,
1078 589 1130 626 ut
1173 589 1416 643 postremo
1465 579 1674 628 oblatum

38 653 218 713 'Pontio
242 653 414 703 Pilato
428 651 613 717 Syriam
652 660 762 699 tunc
796 667 857 699 ex
886 661 1020 714 parte
1053 650 1264 697 Romana
1279 652 1327 709 2)
1376 652 1670 714 procuranti,

50 724 270 774 violentia
312 721 640 787 suffragiorum
686 723 733 768 in
780 737 970 769 crucem
985 723 1030 779 3)
1082 720 1191 768 dedi
1232 721 1321 767 sibi
1363 722 1671 769 extorserint.

43 792 354 855 Praedixerat
395 802 446 841 et
489 795 590 858 ipse
636 794 702 840 ita
747 792 976 840 facturos.
1057 791 1225 838 Parum
1265 791 1380 850 hoc,
1428 792 1468 838 si
1499 807 1592 838 non
1626 799 1676 838 et

37 865 480 930 »prophet-aereum
558 863 619 910 Et
649 869 805 911 tamen
838 862 1028 910 suffixus
1043 863 1088 924 4)
1130 863 1343 925 spiritum
1386 877 1490 909 cum
1520 861 1672 909 verbo

43 943 216 1002 sponte,
256 933 452 994 dimisit,
499 943 760 998 praevento
809 933 1045 982 carnificis
1093 932 1265 980 officio.
1341 930 1525 980 Eodem
1574 949 1676 980 mo-

68 1004 71 1006 ’
108 1058 117 1063 ,
149 1013 199 1053 to
244 1003 370 1064 dies,
415 1004 617 1054 medium
672 1004 833 1051 orbem
881 1005 1099 1068 signante
1147 1004 1272 1061 sole,
1321 1002 1552 1050 subducta
1584 1011 1671 1050 est.

42 1072 304 1142 opliquium
336 1077 496 1141 utique
527 1083 833 1139 putaverunt,
882 1076 959 1139 qui
992 1073 1040 1121 id
1079 1090 1266 1138 quoque
1306 1090 1450 1137 super
1482 1073 1673 1120 Christo

35 1144 363 1210 ‚praedicatum
394 1163 488 1194 non
520 1147 754 1205 scieruntz,
797 1145 1000 1209 [ratione
1034 1161 1125 1191 non
1166 1144 1481 1207 deprehensa,
1523 1160 1675 1207 nega-

49 1217 260 1280 σοιύιιῑς]
275 1217 320 1280 ⁵)
351 1226 401 1264 et
431 1225 585 1264 tamen
618 1231 722 1263 eum
754 1215 911 1262 mundi
945 1232 1103 1263 casum
1139 1215 1335 1261 relatum
1356 1217 1402 1261 in
1421 1216 1609 1262 arcanis
1627 1212 1676 1273 ⁶)

45 1288 214 1336 vesu-is
258 1286 456 1335 habetis.
532 1287 662 1334 Tunc
705 1284 868 1334 ludaei
909 1285 1173 1332 detractum
1214 1295 1264 1332 et
1302 1285 1526 1348 sepulcro
1561 1301 1675 1331 con-

32 1357 188 1405 vditum
234 1373 403 1422 magna
448 1358 588 1404 etiam
634 1357 850 1404 militaris
898 1355 1145 1404 custodiae
1190 1355 1438 1419 diligentia
1471 1356 1675 1403 circum-

43 1425 294 1486 sederunt,
333 1443 416 1486 ne,
450 1428 558 1492 qnia
589 1426 893 1491 praedixerat
924 1428 1065 1473 tertia
1097 1426 1173 1474 die
1206 1436 1587 1474 resurrecturum
1621 1441 1674 1474 se

50 1515 76 1546 a
98 1505 269 1556 morte,
303 1496 522 1562 discipuli
555 1498 682 1545 furto
713 1497 893 1545 amoliti
926 1496 1132 1544 cadaver
1164 1497 1384 1544 fallerent
1409 1499 1674 1560 suspectos.

33 1567 146 1622 *Sed
175 1583 293 1617 ecce
305 1563 402 1615 'die
433 1569 575 1616 tertia
607 1583 841 1615 concussa
872 1577 1071 1632 repente
1103 1577 1257 1626 terra,
1301 1577 1349 1614 et
1379 1567 1503 1615 mole
1535 1583 1676 1614 revo-

35 1626 181 1700 illita,
209 1655 330 1704 quae
362 1638 666 1687 obstruxerat
696 1639 985 1703 sepulcrum,
1035 1648 1084 1687 et
1122 1637 1339 1686 custodia
1369 1654 1545 1702 pavore
1580 1636 1675 1685 dis-

37 1711 194 1770 iacta,
238 1710 377 1758 nullis
415 1710 751 1774 apparentibus
791 1709 1059 1773 discipulis,
1110 1710 1223 1757 nihil
1265 1711 1310 1756 in
1344 1710 1565 1773 sepulcro
1598 1724 1677 1756 re-

33 1788 226 1844 ›pertum
258 1789 355 1839 est,
386 1789 717 1845 praeterquam
750 1782 951 1828 exuviae
984 1781 1172 1844 sepulti.
1248 1780 1565 1827 Nihilominus
1606 1788 1677 1825 ta-

35 1852 454 1915 ›meu'primores,
500 1867 695 1915 quorum
742 1852 972 1898 intererat
1019 1860 1066 1898 et
1105 1851 1262 1898 scelus
1309 1850 1579 1913 divulgare,
1629 1858 1679 1896 et

36 1919 266 1985 populum
295 1921 580 1984 vectigalem
614 1929 662 1967 et
694 1922 965 1968 famularem
997 1920 1085 1967 sibi
1120 1938 1146 1967 a
1172 1920 1264 1967 fide
1290 1935 1540 1977 revocare,
1573 1935 1677 1966 sur-

44 1998 234 2054 reptum
261 2007 290 2038 a
319 1990 563 2055 discipulis
595 1992 940 2038 iactitaverunt.
1016 1991 1135 2038 Nam
1162 2007 1251 2039 nec
1277 1992 1356 2038 ille
1376 2006 1426 2037 se
1445 1991 1492 2036 in
1508 1990 1677 2053 vulgus

48 2059 235 2119 eduxit,
267 2076 328 2108 ne
357 2061 485 2125 impii
517 2077 682 2109 errore
716 2061 1052 2119 liberarentur,
1100 2070 1151 2108 ut
1182 2070 1230 2108 et
1261 2060 1403 2118 fides,
1454 2077 1547 2106 non
1579 2075 1678 2107 me·-

34 2129 204 2179 ‘diecti
234 2132 447 2195 praemio
479 2130 735 2190 destinata,
785 2131 1057 2179 difficultate
1098 2140 1355 2180 constaret.
1433 2130 1547 2177 Cum
1582 2129 1678 2177 dis-

32 2200 216 2327 :ig-lis
245 2210 401 2249 autem
433 2200 705 2266 quibusdam
738 2201 860 2265 apud
894 2200 1152 2249 Galilaeam
1185 2201 1388 2249 Iudaeae
1429 2203 1676 2266 regionem

140 2269 450 2335 quadraginta
481 2271 584 2319 dies
617 2272 732 2335 egit,
766 2271 946 2319 docens
978 2288 1063 2319 eos
1095 2288 1215 2336 quae
1248 2271 1498 2319 docerent.
1579 2271 1678 2318 De·

50 2329 169 2407 ffic
190 2339 421 2389 ordinatis
452 2344 523 2390 eis
554 2341 614 2389 ad
648 2341 848 2389 officium
880 2341 1191 2406 praedicandi
1223 2359 1311 2406 per
1350 2341 1534 2399 orbem,
1584 2343 1679 2388 cir-

48 2411 263 2478 cumfusa
307 2410 430 2460 nube
474 2413 520 2459 in
568 2412 752 2460 coelum
800 2421 869 2460 est
912 2421 1127 2476 ereptus,
1175 2414 1319 2460 multo
1353 2414 1509 2459 verius
1542 2427 1678 2474 quam

37 2479 179 2549 ap'qd
219 2497 307 2530 vos
357 2498 635 2531 asseverare
683 2481 740 2530 de
787 2482 988 2530 Romulo
1013 2483 1057 2546 ⁷)
1105 2483 1294 2530 Proculi
1341 2482 1515 2529 solent.
1610 2481 1681 2528 Ea

80 2686 86 2690 ·
166 2674 211 2726 1)
239 2676 398 2727 Rham,
427 2681 555 2729 Helu,
587 2682 767 2728 Ganga:
810 2681 1159 2727 inuti-uotum,
1194 2679 1285 2716 cod.
1317 2679 1448 2727 bugd.
1480 2679 1679 2717 sufful-

52 2735 175 2785 tqnm.
252 2734 254 2737 ’
315 2734 362 2784 2)
391 2737 491 2775 cod.
519 2738 652 2785 Lugd-
684 2748 746 2774 ex
778 2737 926 2784 plebe
958 2737 1218 2780 Romana,
1262 2735 1383 2772 Fuld.
1426 2747 1489 2772 ex
1521 2739 1680 2784 parte

38 2789 347 2828 ‘Romanam
489 2793 535 2842 3)
574 2795 639 2830 lta
684 2793 775 2830 cod.
819 2792 968 2839 Fuld.;
1016 2791 1110 2829 alii:
1153 2791 1207 2827 in
1237 2803 1305 2828 cr.
1338 2793 1503 2829 Iesum
1548 2793 1680 2830 dedi.

53 2845 102 2893 4)
131 2844 234 2883 md.
258 2848 360 2884 ante
379 2847 606 2896 Rigaltium
640 2852 682 2886 et
698 2850 822 2886 Ham:
855 2848 1144 2896 prophetae
1176 2850 1321 2886 retro
1353 2849 1523 2886 etiam.
1582 2851 1679 2886 Ta-

37 2910 167 2948 ·nen
194 2901 438 2941 suffixus
468 2905 630 2942 multa
660 2905 848 2943 mortis
880 2903 1042 2940 illius
1075 2904 1298 2952 propria
1328 2905 1575 2942 ostendit
1605 2906 1679 2942 in-

54 2956 238 3010 q‘gnin.
296 2957 418 2995 Nam
449 2960 688 3008 spiritum
719 2964 800 2999 etc.
829 2961 906 2997 Vv.
938 2959 1098 2997 multa
1126 2980 1184 2988 —
1213 2961 1337 2997 Nam
1368 2961 1411 2997 in
1447 2962 1538 2999 cod.
1558 2962 1679 2998 Futd„

32 3010 222 3067 *mm-
282 3013 375 3062 mg.
404 3016 564 3053 emend.
593 3017 657 3053 Et
685 3017 891 3054 tandem
924 3017 1047 3052 suff.
1165 3014 1206 3065 5)
1235 3018 1312 3053 Vv.
1350 3018 1474 3054 uncis
1513 3018 1680 3054 inclusa

38 3067 223 3191 ·&lo
253 3069 345 3107 cod.
374 3070 495 3107 Fuld.
528 3072 669 3109 addita
698 3073 914 3121 leguntur.
1030 3069 1075 3122 6)
1108 3074 1171 3109 lta
1202 3073 1293 3121 Rig.
1323 3076 1366 3110 et
1396 3074 1501 3110 Hav.
1533 3085 1555 3110 e
1588 3073 1680 3109 cod.

107 3179 122 3190 ⁸
159 3137 198 3173 Ι;
230 3126 382 3164 ceteri:
413 3126 465 3164 in
482 3128 727 3166 archivis.
818 3129 861 3176 7)
894 3128 1683 3177 Cud.Fu1d.Rig.etum-moninus-

70 3212 132 3278 352*
159 3274 163 3276 γ
