1942 3554
318 237 445 282 193
732 236 816 274 DE
844 235 1112 274 IEIUNIIS
1141 233 1282 273 ADV.
1310 233 1520 275 P-svcn.

321 349 606 399 coniecturis
637 355 686 394 et
715 355 892 404 tamen,
939 356 1075 410 puto,
1122 346 1409 395 fidelioribus
1446 347 1784 410 repercutiens.
1842 345 1911 397 Vi*

318 420 531 475 deamus,
563 434 621 464 an
652 418 712 464 ali
750 411 826 464 uid
856 418 949 465 tale
988 418 1123 464 nobis
1169 417 1228 465 de
1271 417 1579 465 vetustatibus
1619 433 1800 482 quoque
1844 434 1873 481 p
1910 420 1942 441 ³⁹

315 490 594 537 trocinetur.
635 487 686 534 In
717 434 883 534 {xodo
916 488 1098 535 habitus
1130 488 1209 536 ille
1238 487 1418 552 Moysis
1448 487 1671 537 adversus
1699 487 1866 543 Amale
1899 482 1902 483 ⁷

316 559 605 608 orationibus
649 559 923 622 proeliantis
974 575 1118 622 usque
1170 559 1218 605 in
1270 575 1487 606 occasum
1538 560 1885 623 perseverans!¹
1938 593 1942 606 2

315 645 470 677 nonne
515 630 654 676 statio
701 629 790 675 fuit
834 632 971 676 sera?
1042 629 1192 684 Iesum
1237 627 1370 677 Nave
1416 628 1729 677 debellantem
1757 628 1942 679 Amo

314 701 486 747 rhaeos
516 698 758 763 prandisse
791 699 871 745 illa
902 698 978 746 die
1011 701 1347 758 existimamus,
1395 716 1484 763 qua
1527 701 1639 764 ipsis
1684 700 1911 763 θΙθιιιιιιιζ4
1938 721 1942 751 ι

313 771 563 818 stationem
608 771 946 833 imperavit²)?
1005 769 1147 817 Stetit
1191 770 1262 818 sol
1307 772 1354 817 in
1401 769 1596 818 Gabaon
1640 779 1690 818 et
1731 770 1840 817 luna
1881 771 1942 820 ἰέ

311 841 509 898 Aialon,
542 842 671 887 stetit
703 841 772 886 sol
805 849 853 886 et
883 841 990 886 luna
1020 842 1066 887 in
1099 842 1316 898 statione,
1350 840 1502 889 donec
1526 842 1649 888 ultus
1681 849 1753 888 est
1781 832 1938 905 popm}

313 912 385 959 lus
416 910 475 958 de
507 911 706 958 inimicis
739 911 854 967 suiS,
903 919 951 957 et
996 912 1127 957 stetit
1170 912 1240 958 sol
1279 910 1438 958 medio
1485 911 1646 971 coelo3
1693 919 1743 958 et
1772 913 1942 972 non³>

313 981 578 1030 accedebat
621 983 668 1028 in
714 997 932 1027 occasum
979 990 1027 1027 et
1054 981 1207 1028 'finem
1253 980 1348 1028 diei
1386 983 1542 1040 unius,
1588 998 1681 1028 non
1711 982 1799 1028 fuit
1829 974 1942 1036 dien»

311 1054 420 1100 talis
450 1061 579 1099 retro
612 1060 661 1098 et
690 1052 736 1097 in
767 1052 1039 1109 novissimo,
1073 1052 1229 1115 utique
1261 1060 1352 1098 tam
1383 1053 1614 1115 prolixuS,
1646 1060 1719 1108 ut,
1765 1053 1936 1116 inquit,v

313 1121 561 1170 exaudiret
605 1120 719 1168 deus
763 1121 1018 1178 hominem,
1064 1138 1223 1184 parem
1268 1123 1452 1169 scilicet
1494 1123 1634 1179 solis,
1682 1122 1942 1170 instantem⁴

311 1201 406 1239 tam
438 1191 516 1238 diu
546 1193 593 1238 in
625 1190 784 1237 officio
816 1192 1063 1237 stationem
1096 1193 1236 1237 etiam
1267 1207 1374 1238 sera
1404 1192 1664 1254 longiorem
1682 1193 1745 1252 4).
1787 1192 1933 1240 Certe

313 1261 426 1310 Saul
458 1271 506 1309 et
536 1262 635 1324 ipse
667 1262 712 1307 in
743 1261 925 1324 proelio
966 1263 1266 1318 constitutus,
1312 1263 1565 1310 manifeste·
1601 1279 1762 1310 munus
1808 1260 1942 1321 istudl

310 1332 502 1380 indixit:
547 1330 828 1379 Maledictus
871 1330 1033 1388 liomo,
1083 1333 1158 1394 qui
1204 1331 1357 1379 ederit
1393 1348 1560 1396 panem
1597 1331 1657 1380 ad
1687 1348 1942 1397 vesperaque

310 1419 482 1467 usque,
516 1402 622 1450 dum
652 1403 858 1449 ulciscar
888 1400 1326 1460 deinimico‘meo,
1368 1411 1418 1450 et
1447 1419 1541 1450 non
1571 1405 1776 1466 gustavit
1806 1412 1942 1465 totu*

310 1474 509 1538 populus
554 1474 676 1530 eius,
725 1481 774 1520 et
817 1481 917 1520 tota
954 1481 1082 1519 terra
1159 1472 1389 1520 randebat
1405 1475 1467 1533 ⁵).
1535 1473 1730 1522 Tantam
1775 1483 1942 1527 auten·

313 1544 427 1592 deus
458 1545 694 1608 praestitit
723 1545 1053 1590 auctoritatem
1085 1490 1243 1591 edicto
1275 1544 1489 1591 stationis
1519 1544 1664 1602 illius,
1704 1553 1755 1592 ut
1792 1544 1879 1615 Ion

312 1616 448 1672 than,
482 1615 602 1661 filius
636 1613 813 1671 Saulis,
847 1630 1118 1677 quamquam
1150 1616 1340 1677 ignarus
1369 1615 1668 1662 ieiunationis
1697 1616 1745 1662 in
1776 1631 1796 1661 s
1851 1612 1866 1663 ss

312 1685 535 1733 definitae
569 1694 750 1748 gustum
783 1685 933 1731 mellis
964 1684 1238 1742 admiserat,
1284 1694 1333 1732 et
1362 1693 1493 1732 sorte
1524 1701 1631 1732 mox
1662 1684 1720 1733 de
1753 1675 1942 1733 delicto

310 1757 371 1804 sit
405 1755 666 1812 traductus,
701 1763 749 1802 et
776 1756 855 1802 vix
884 1771 971 1818 per
998 1771 1190 1818 precem
1220 1757 1398 1819 populi
1409 1756 1621 1819 periculo
1661 1765 1922 1820 exemptus:

312 1827 448 1890 gulae
482 1827 602 1873 enim
635 1826 769 1873 licet
778 1826 999 1889 simplicis
1030 1841 1138 1872 reus
1167 1827 1336 1873 fuerat.
1399 1824 1495 1873 Sed
1525 1834 1574 1873 et
1602 1825 1768 1874 Daniel
1807 1842 1938 1874 anno

309 1899 459 1963 primo
492 1898 619 1960 regis
650 1895 804 1953 Darii,
839 1912 941 1942 cum
972 1897 1154 1944 ieiunus
1191 1898 1239 1943 in
1277 1912 1418 1944 sacco
1459 1904 1508 1944 et
1545 1897 1705 1944 cinere
1737 1911 1922 1954 exomq—

309 1969 493 2031 logesin
525 1966 615 2014 deo
647 1975 838 2030 ageret.
872 1975 920 2014 et
949 1965 1124 2025 adhuc,
1163 1960 1335 2031 inquit,
1376 1967 1595 2048 loquente
1634 1982 1706 2015 me
1730 1968 1791 2014 in
1823 1981 1921 2033 ora?

308 2040 463 2096 tione,
497 2054 613 2086 ecce
642 2039 736 2096 vir,
770 2053 904 2100 quem
933 2036 1143 2084 videram
1188 2039 1235 2084 in
1279 2038 1452 2085 somnis
1497 2038 1654 2096 initio,
1699 2029 1942 2091 velocitet

307 2110 471 2156 volans
503 2109 894 2172 appropinquavit
922 2108 1033 2154 mihi
1059 2109 1188 2171 quasi
1213 2108 1331 2155 hora
1353 2107 1608 2189 vespertini
1632 2106 1916 2169 εειοιίίὶοἰίῧ)

310 2179 440 2226 Haec
473 2180 566 2225 erit
595 2179 734 2225 statio
767 2194 895 2235 sera,
930 2194 1047 2241 quae
1085 2177 1145 2225 ad
1182 2193 1427 2242 vesperam
1463 2175 1674 2226 ieiunans
1710 2178 1917 2243 pinguio-

308 2265 408 2297 rem
441 2250 702 2296 orationem
734 2247 824 2295 deo
856 2249 1077 2294 immolat.

454 2324 533 2368 11.
597 2317 760 2365 Omnia
791 2327 945 2365 autem
976 2319 1067 2365 ista
1098 2316 1243 2364 credo
1275 2319 1438 2381 ignota
1469 2319 1567 2388 θίεἸ
1587 2319 1663 2382 qui
1688 2313 1942 2368 affinostrz..

307 2389 578 2447 turbantur,
610 2396 692 2435 aut
722 2389 824 2436 sola
852 2389 1050 2435 forsitan
1082 2388 1311 2446 lectione,
1351 2404 1444 2450 non
1476 2389 1614 2435 etiam
1647 2388 1907 2436 intentione
1939 2415 1942 2438 1

310 2469 553 2542 comperta
582 2458 836 2506 secundum
867 2459 1091 2505 maiorem
1120 2459 1211 2505 vim
1242 2459 1561 2522 imperitorum
1593 2457 1714 2522 apud
1745 2459 1942 2522 glorio·-

308 2532 535 2579 sissimam
567 2530 755 2577 scilicet
784 2527 1120 2576 multitudinem
1151 2528 1496 2592 psychicorum.
1549 2528 1809 2593 Propterea
1839 2518 1942 2592 pem}

307 2602 515 2665 singulas
561 2599 814 2647 direximus
859 2599 1043 2664 species
1095 2599 1451 2657 ieiunationum,
1510 2594 1942 2667 xerophagiarum}

307 2674 581 2729 stationum,
622 2679 694 2727 ut,
736 2669 842 2718 dum
873 2685 1172 2717 recensemus
1211 2667 1463 2716 secundum
1500 2671 1740 2734 utriusque
1781 2677 1911 2734 testa

308 2744 452 2790 menti
483 2749 772 2806 paraturam,
806 2749 1022 2804 quantum
1052 2739 1303 2804 proficiant
1332 2741 1537 2788 recusati
1574 2740 1648 2788 vel
1678 2740 1820 2788 recisi
1847 2753 1909 2808 νς

308 2812 537 2860 retardati
568 2812 725 2875 pabuli
758 2812 937 2868 officia,
971 2826 1053 2858 eos
1084 2809 1404 2867 retundamus,
1439 2811 1515 2874 qui
1545 2810 1663 2858 haec
1692 2810 1820 2859 velut
1842 2823 1909 2861 vas

311 2884 467 2930 cantia
496 2883 744 2941 infirmant.
806 2881 918 2929 Item
953 2879 1057 2928 dum
1087 2882 1267 2945 pariter
1311 2880 1618 2940 ostendimus,
1665 2897 1755 2945 quo
1786 2894 1905 2930 sem·

422 3063 468 3118 1)
486 3065 620 3102 Exod.
641 3067 707 3113 17,
727 3068 750 3102 8
771 3077 858 3113 sqq.
990 3065 1034 3114 2)
1058 3065 1127 3103 Sic
1143 3064 1214 3102 Fr.
1231 3064 1394 3116 Iunius,
1422 3064 1522 3103 Cod.
1539 3061 1779 3111 Wouweri,
1805 3059 1895 3110 mg.
1927 3070 1932 3072 ·

309 3121 403 3160 alii:
437 3123 535 3171 imp
547 3122 755 3160 etravit.
870 3121 914 3171 3)
929 3121 1368 3169 ExceptiseddAEran.
1386 3125 1428 3159 et
1443 3121 1536 3171 Rtg.
1551 3131 1716 3161 omnes:
1746 3119 1800 3156 ut
1822 3127 1899 3154 au

309 3181 421 3217 tem.
538 3178 582 3227 4)
600 3179 679 3216 los.
699 3180 764 3226 10,
783 3179 806 3214 7
825 3190 910 3225 sqq.
1027 3179 1070 3229 5)
1089 3179 1110 3215 1
1129 3179 1240 3217 Sam.
1258 3179 1325 3228 14,
1344 3178 1397 3215 24
1412 3189 1498 3226 sqq.
1614 3173 1657 3227 6)
1670 3175 1776 3214 Dan.
1793 3175 1832 3223 9,
1850 3173 1904 3211 21
