1942 3554
630 183 713 221 DE
751 181 1095 222 PUDICITIA.
1539 182 1670 227 139

23 292 28 296 ’
55 303 110 361 μ
137 297 394 345 auctoritas
424 297 685 360 scripturae
716 297 763 343 in
793 298 886 343 suis
916 299 1125 344 terminis
1155 295 1296 344 stabit
1319 298 1418 343 sine
1443 296 1677 345 alterutra

54 367 384 432 &ppositionffi
438 375 487 414 et
529 367 848 431 poenitentiae
893 366 1145 416 subsidium
1190 368 1284 415 suis
1330 365 1679 415 conditionibus

55 423 396 510 ‘aeterminatur
421 438 524 484 sine
555 439 738 501 passiva
769 440 1093 496 concessione,
1127 447 1176 486 et
1190 439 1319 502 ipsae
1337 439 1465 501 prius
1484 453 1680 486 caussae

54 509 160 565 eius
190 507 536 571 distinguuntur
566 509 664 555 sine
697 509 892 556 confusa
929 510 1269 574 propositione.
1333 508 1533 555 Caussas
1562 524 1681 572 poe-

49 575 284 637 gniten'tiae
323 577 498 627 delicta
538 578 872 638 condicimus3'
895 579 1014 626 haec
1060 578 1304 627 dividimus
1343 580 1390 626 in
1430 578 1546 625 duos
1578 580 1682 626 exi-

53 656 156 709 tusg
202 649 296 717 alia
332 658 469 697 erunt
505 649 823 707 remissibilia,
869 649 962 696 alia
1006 650 1369 706 irremissibilia,
1425 648 1680 696 secundum

54 718 185 788 ffuod
227 720 399 767 nemini
446 718 631 767 dubium
676 728 749 766 est
793 720 885 767 alia
931 722 1315 783 castigationem.
1339 719 1541 776 mereri,
1589 720 1682 767 alia

51 788 420 838 damnationem.
455 789 599 837 Omne
632 789 851 837 delictum
882 799 962 837 aut
988 793 1126 838 venia
1156 790 1385 854 expungit
1414 798 1494 836 aut
1509 806 1680 854 poena,

48 861 198 924 *denia
228 876 289 908 ex
319 861 646 924 castigatione,
678 876 836 924 poena
867 876 927 907 ex
958 859 1272 907 damnatione.
1320 859 1392 907 De
1423 861 1516 907 ista
1546 858 1682 907 diffe-

0 962 1 967 =
43 922 214 980 >fontia
243 931 334 979 iam
365 940 414 978 et
444 930 663 995 quasdam
692 931 1012 994 praemisimus
1050 931 1387 979 altercationes
1426 930 1685 992 scriptura-

55 1017 162 1065 ¹rrum
205 1002 314 1049 hinc
359 1002 657 1049 retinentium
702 1001 811 1048 hinc
858 1000 1193 1049 dimittentium
1231 999 1422 1048 delicta.
1494 998 1591 1047 Sed
1637 1009 1687 1048 et

48 1068 264 1137 §oannes
294 1069 509 1119 docebit:
571 1070 623 1118 Si
654 1073 754 1135 quis
785 1073 876 1118 scit
904 1073 1098 1119 fratrem
1129 1088 1260 1122 suum
1291 1070 1568 1134 delinquere
1601 1070 1686 1119 de-

51 1142 222 1191 lictum
252 1134 345 1189 no'n
376 1141 680 1199 ad'mortem,
712 1142 989 1205 postulabit,
1022 1151 1071 1190 et
1101 1141 1291 1189 dabitur
1324 1142 1421 1188 vita
1461 1142 1530 1199 ei,
1579 1143 1688 1205 quia

59 1212 156 1260 non
200 1211 260 1260 ad
297 1212 493 1260 mortem
525 1212 773 1276 delinquit,
820 1212 911 1260 hoc
957 1214 1050 1260 erit
1087 1212 1383 1260 remissibile.
1444 1211 1532 1258 Est
1568 1211 1687 1260 deli-

62 1291 196 1331 etum>
218 1281 279 1331 ad
307 1292 528 1342 mortem3
575 1300 669 1330 non
706 1299 792 1346 pro
824 1283 906 1330 illo
940 1282 1072 1341 dico,
1105 1291 1156 1330 ut
1186 1284 1287 1347 quis
1317 1281 1547 1346 postulet,
1594 1282 1686 1330 hoc

56 1354 156 1402 erit
183 1354 506 1402 irremissibile
524 1355 587 1415 ¹).
648 1353 720 1400 Ita
749 1353 830 1400 ubi
861 1350 933 1401 est
970 1353 1181 1401 conditio
1210 1354 1288 1401 vel
1326 1354 1448 1400 ratio
1478 1353 1688 1417 postula-

54 1424 219 1482 tionis,
251 1423 348 1470 illic
381 1425 520 1471 etiam
551 1424 863 1482 remissionis,
905 1423 982 1470 ubi
1012 1440 1100 1472 nec
1133 1424 1477 1487 postulationis,
1509 1423 1575 1471 ibi
1605 1439 1688 1471 ae-

29 1509 153 1560 .-,que
183 1509 272 1541 nec
302 1494 604 1541 remissionis.
639 1492 905 1541 Secundum
921 1494 1042 1542 hanc
1076 1493 1389 1541 differentiam
1407 1493 1688 1542 delictorum

62 1565 380 1630 poenitentiae
413 1556 594 1628 quoque
627 1563 835 1622 conditio
862 1563 1229 1612 discriminatur.
1289 1564 1399 1611 Alia
1429 1565 1536 1622 erit,
1570 1580 1689 1628 quae

32 1636 246 1684 &eniam
278 1635 501 1699 consequi
530 1636 699 1698 possit,
732 1635 781 1689 inv
817 1633 993 1689 delicto
1033 1636 1219 1682 scilicet
1247 1635 1539 1692 remissibili,
1579 1636 1688 1692 alia,

43 1721 183 1771 R-quae
208 1706 431 1769 consequi
462 1706 587 1758 nullo
619 1704 758 1752 modo
790 1706 953 1768 possit,
986 1707 1033 1752 in
1064 1705 1240 1753 delicto
1273 1706 1458 1766 scilicet
1480 1701 1691 1753 irremis-

55 1776 204 1826 sibili.
264 1775 327 1823 Et
369 1784 584 1840 superest
614 1776 886 1839 specialiter
916 1775 973 1822 de
1005 1776 1251 1822 moechiae
1283 1784 1333 1822 et
1361 1776 1690 1822 fornicationis

59 1855 188 1896 statu
218 1839 511 1902 examinare,
530 1843 577 1892 in
609 1862 742 1909 quam
768 1845 1044 1892 delictorum
1077 1855 1257 1909 partem
1290 1844 1494 1892 debeant
1517 1844 1689 1908 redigi.

180 1920 255 1967 .3.
318 1914 413 1963 Sed
451 1917 579 1979 prius
618 1914 832 1962 decidam
877 1915 1250 1963 intercedentem
1290 1931 1351 1962 ex
1388 1915 1574 1963 diverso
1614 1931 1691 1963 re-

67 1987 366 2052 sponsionem
397 1984 456 2033 ad
487 1991 589 2033 eam
618 1987 940 2050 poenitentiae
972 1987 1200 2049 speciem,
1242 2002 1374 2048 quam
1409 2002 1512 2033 cum
1543 1987 1691 2033 maxi-

66 2073 141 2105 me
173 2055 415 2104 delinimus
443 2057 582 2104 venia
615 2072 803 2104 carere.
869 2055 919 2102 Si
952 2057 1089 2114 enim,
1123 2057 1356 2120 inquiunt,
1390 2056 1546 2120 aliqua
1575 2071 1692 2120 poe·

25 2128 27 2130 ’
67 2129 267 2176 nitentia
292 2123 429 2174 'caret
456 2128 610 2184 venia,
643 2128 733 2173 iam
765 2143 853 2174 nec
883 2127 929 2173 in
962 2135 1107 2173 totum
1139 2126 1324 2190 agenda
1353 2127 1438 2173 tibi
1470 2135 1557 2174 est.
1605 2126 1692 2174 Ni-

20 2239 22 2242 .
68 2194 135 2246 hil'
163 2198 285 2246 enim
314 2195 544 2269 agendum
593 2206 666 2244 est
702 2199 890 2244 frustra.
967 2197 1116 2244 Porro
1155 2199 1328 2244 frustra
1367 2206 1537 2260 agetur
1574 2212 1691 2260 poe-

15 2263 19 2269 *
68 2267 278 2326 nitentia,
317 2270 357 2316 si
395 2276 530 2315 caret
571 2269 725 2315 venia.
787 2267 944 2315 Omnis
983 2277 1136 2315 autem
1174 2268 1467 2332 poenitentia.
1506 2267 1694 2330 agenda

70 2348 165 2399 est3
212 2336 327 2402 ergo
373 2339 521 2385 omnis
564 2339 748 2386 veniam
794 2348 1136 2402 consequatur,
1183 2355 1241 2386 ne
1287 2339 1463 2385 frustra
1506 2347 1690 2401 agatur,

71 2411 180 2475 quia
208 2425 302 2457 non
333 2410 424 2456 erit
453 2408 653 2472 agenda,
686 2410 723 2456 si
754 2409 927 2456 frustra
958 2418 1140 2471 agatur.
1188 2408 1339 2455 Porro
1371 2410 1546 2455 frustra
1577 2425 1691 2470 age-

70 2489 162 2538 tur,
194 2481 233 2527 si
256 2480 399 2527 ¹venia
430 2479 627 2527 carebit.
685 2479 859 2526 Merito
891 2480 1047 2541 utique
1079 2480 1146 2524 ita
1177 2487 1439 2541 opponunt,
1474 2480 1690 2542 quoniam

72 2551 205 2599 huius
245 2564 426 2613 quoque
471 2545 790 2613 poenitentiae
829 2550 1051 2605 fructum,
1098 2547 1146 2594 id
1178 2557 1250 2595 est
1277 2549 1483 2606 veniam,
1530 2550 1577 2595 in
1609 2565 1690 2596 sua

0 2645 22 2687 j
48 2615 307 2686 'potestate
353 2627 705 2682 usurpaverunt.
769 2618 995 2676 Quantum
1042 2619 1164 2665 enim
1204 2617 1263 2665 ad
1292 2619 1420 2676 illos,
1468 2635 1496 2665 a
1527 2618 1690 2682 quibus

2 2684 239 2756 ‘'''3pacem
275 2690 519 2737 humanam
551 2689 852 2751 consequitur
866 2691 937 2747 2);
971 2697 1187 2751 quantum
1219 2697 1372 2736 autem
1403 2687 1463 2736 ad
1494 2705 1594 2746 nos,
1614 2691 1688 2753 qui

68 2761 223 2809 ¹solum
267 2758 500 2807 dominum
545 2760 830 2807 meminimus
875 2757 1049 2806 delicta
1094 2758 1391 2817 concedere,
1439 2769 1488 2806 et
1530 2759 1688 2823 utique

21 2861 25 2875 <1
76 2831 315 2888 mortalia,
362 2846 456 2877 non
492 2829 666 2876 frustra
709 2838 890 2891 agetur.
950 2827 1026 2876 Ad
1073 2827 1304 2876 (lominum
1343 2830 1463 2877 enim
1495 2831 1687 2877 remissa

80 2909 130 2949 et
157 2902 226 2948 illi
255 2893 423 2948 exinde
455 2902 712 2963 prostrata,
751 2900 842 2946 hoc
873 2900 973 2963 ipso
1005 2901 1150 2962 magis
1190 2900 1461 2963 operabitur
1489 2902 1687 2958 veniam,

20 2965 22 2967 ’
80 2970 204 3036 quod
248 2986 350 3018 eam
395 2986 422 3016 a
467 2969 566 3016 solo
599 2968 689 3016 deo
721 2978 909 3027 exorat,
957 2969 1079 3032 quod
1117 2969 1291 3018 delicto
1331 2986 1415 3017 suo
1445 2971 1686 3018 humanam

1 2602 18 2639 Q*
3 2510 23 2590 *m
6 2463 21 2496 '⁹⁸‘
12 2429 22 2453 in
16 2412 19 2416 ν
22 2387 23 2391 Α

193 3127 237 3173 1)
259 3130 274 3164 1
297 3127 353 3163 10.
375 3127 411 3174 5,
431 3126 496 3165 16.
613 3125 656 3175 2)
674 3125 923 3164 ciacconius
940 3126 1031 3165 add.
1051 3137 1112 3165 vv.
1144 3127 1349 3164 frustra
1379 3125 1567 3175 agitur.
