1942 3554
50 0 102 69 t
181 78 187 80 ,
288 0 318 85 Τ
390 57 401 61 -
649 63 671 73 ,

601 186 683 223 DE
714 185 1165 224 SPECTACULIS.
1642 188 1713 237 19

59 329 377 396 qoraescripta
413 328 496 382 sit,
549 325 682 389 quasi
720 341 881 388 parum
915 327 1057 374 etiam
1092 323 1150 373 de
1192 326 1478 390 spectaculis
1511 343 1717 390 pronun-

70 401 224 448 {tetur
239 401 308 460 1),
352 414 455 447 cum
481 396 898 459 concupiscentiae
925 397 1078 445 seculi
1105 395 1207 444 datr
1213 405 1398 444 uantur.
1445 396 1566 445 Nam
1593 399 1718 446 sicut

48 471 310 535 pecuniae
348 468 426 517 vel
462 467 703 530 dignitatis
743 467 817 514 vel
857 467 998 531 gulae
1036 468 1113 516 vel
1154 466 1361 515 libidinis
1402 468 1479 516 vel
1511 469 1712 532 gloriae,

75 541 143 588 ita
174 549 224 589 et
253 538 503 604 voluptatis
536 538 927 600 concupiscentia
959 547 1058 598 est3
1096 539 1283 602 species
1315 546 1472 587 autem
1500 539 1714 604 volupta-

77 611 141 660 tis
174 610 314 660 etiam
345 608 636 674 spectacula.
717 606 918 671 opinor,
967 610 1262 673 generaliter
1293 611 1563 658 nominatae
1599 627 1715 657 con-

77 681 401 746 cupiscentiae
435 679 679 727 continent
717 679 763 725 in
803 695 856 726 se
891 688 940 727 ct
970 680 1260 742 ¹‹';oluptates
1313 695 1466 744 aeque
1507 697 1715 744 genera-

0 794 1 807 ,
69 753 188 809 liter
216 751 490 800 intellectae
529 749 794 813 voluptates
836 750 1113 814 specialiter
1151 759 1200 798 et
1231 751 1278 797 in
1311 752 1584 814 spectacula
1617 751 1714 799 dis-

65 830 310 876 seruntur.
374 821 594 869 Ceterum
626 820 870 868 retulimus
902 837 1043 885 supra
1073 819 1134 868 de
1167 821 1382 868 locorum
1418 821 1710 881 conditione,

68 891 204 958 quod
247 908 342 940 non
380 907 469 956 per
505 892 762 955 semetipsa
801 908 886 939 nos
925 893 1194 956 inquinent,
1243 891 1329 940 sed
1368 908 1455 956 per
1494 909 1550 940 ea
1591 909 1711 957 quae

60 959 175 1027 ssti'c
207 971 456 1028 geruntur,
505 978 593 1026 per
622 977 742 1026 quae
777 963 912 1009 simul
944 963 1344 1026 inquinamentum
1379 962 1710 1022 combiberint,

64 1042 185 1086 sanc
217 1042 267 1084 et
296 1034 344 1081 in
372 1034 557 1082 alteros
588 1042 815 1098 respuunt
831 1034 896 1096 2).

219 1109 303 1156 15.
345 1103 535 1152 Viderit
566 1119 708 1167 erge,
756 1112 806 1150 ut
838 1103 1062 1163 diximus,
1103 1105 1378 1169 principalis
1410 1104 1573 1152 titulus
1605 1104 1711 1152 ido-

67 1174 317 1234 lolatriae,
372 1176 579 1240 reliquas
617 1176 821 1238 ipsarum
861 1191 1016 1222 rerum
1059 1176 1308 1240 qualitates
1350 1184 1517 1224 contra
1565 1173 1709 1245 dei3)

60 1262 237 1310 ,omnes
274 1247 500 1294 feramus.
577 1244 703 1293 Deus
745 1248 987 1310 praecepit
1003 1247 1046 1308 4)
1093 1247 1305 1311 spiritum
1346 1256 1580 1304 sanctum,
1637 1255 1711 1294 ut-

69 1325 186 1382 pote
227 1333 313 1381 pro
353 1326 547 1364 naturae
587 1332 699 1363 suae
738 1316 889 1374 bono,
938 1326 1153 1364 tenerum
1194 1325 1243 1365 ct
1282 1316 1533 1364 delicatum
1580 1326 1708 1364 tran-

39 1387 308 1451 .quillitatc
341 1396 390 1435 ct
421 1388 615 1435 lenitate
648 1395 696 1433 et
727 1387 885 1450 quiete
919 1396 968 1434 et
998 1403 1117 1451 pace
1150 1396 1373 1445 tractare,
1406 1404 1500 1435 non
1527 1388 1706 1446 furore,

71 1467 166 1507 nou
196 1457 320 1516 loile,
371 1474 464 1504 non
496 1458 589 1514 ira,
637 1473 730 1504 non
764 1455 931 1505 dolore
963 1459 1246 1522 inquietare.
1318 1458 1436 1506 Huic
1471 1457 1706 1522 quomodo

66 1544 178 1581 eum
209 1528 495 1592 spectaculis
526 1529 704 1591 poterit
730 1529 1021 1576 convenire?
1066 1528 1213 1576 Omne
1240 1530 1362 1575 enim
1387 1529 1708 1592 spectaculum

72 1598 173 1648 sine
205 1599 520 1647 concussione
553 1599 741 1663 spiritus
773 1615 866 1645 non
899 1607 988 1646 est.
1071 1598 1161 1647 Ubi
1194 1601 1315 1646 enim
1355 1599 1594 1663 voluptas,
1643 1599 1709 1646 ibi

67 1677 125 1723 eat
150 1668 378 1728 studium,
432 1686 521 1733 per
551 1668 677 1734 quod
709 1669 896 1717 scilicet
926 1670 1143 1734 voluptas
1177 1671 1319 1734 sapin
1368 1669 1448 1717 ubi
1486 1669 1706 1728 studium,

35 1756 41 1768 “’
66 1739 139 1792 sti
174 1749 228 1789 et
263 1741 540 1799 aemulatio,
586 1755 672 1804 per
717 1756 852 1804 quam
891 1740 1093 1788 studium
1134 1742 1270 1804 sapit.
1346 1740 1498 1789 Porro
1538 1751 1587 1790 et
1627 1741 1707 1790 ubi

60 1810 344 1870 *emulatim
376 1811 442 1858 ibi
473 1819 523 1858 et
552 1811 687 1858 furor
718 1819 768 1858 et
796 1810 904 1859 bilis
937 1820 987 1859 et
1015 1813 1084 1859 ira
1118 1821 1167 1859 ct
1198 1811 1337 1859 dolor
1368 1821 1416 1859 et
1448 1821 1611 1860 cetera
1645 1828 1708 1860 ex

18 1933 28 1937 ,
69 1881 168 1939 his,
216 1897 336 1946 quae
376 1898 480 1928 cum
519 1881 592 1928 bis
632 1898 725 1928 non
766 1890 1041 1944 competunt
1079 1881 1376 1945 disciplinae.
1455 1882 1577 1929 Nam
1617 1883 1707 1930 etsi

71 1952 178 2016 quis
207 1951 424 1999 modeste
457 1960 506 1999 et
534 1951 683 2015 probe
717 1952 1000 2014 spectaculis
1032 1953 1205 1999 fruitur
1235 1968 1320 2015 pro
1354 1951 1598 2016 dignitatis
1628 1952 1705 2001 vel

68 2023 245 2070 aetatis
282 2022 358 2070 vel
399 2024 536 2070 etiam
577 2030 771 2069 naturae
812 2037 926 2071 suae
959 2021 1257 2080 conditione,
1306 2039 1398 2069 non
1431 2032 1586 2071 tamen
1618 2024 1705 2071 im·

63 2091 260 2141 nobilis
298 2093 437 2140 animi
475 2101 550 2140 est
595 2093 697 2140 sine
737 2093 883 2140 tacita
916 2093 1109 2157 spiritus
1139 2094 1382 2156 passione.
1455 2092 1610 2141 Nemo
1644 2092 1704 2141 ad

70 2161 358 2227 voluptatem
391 2164 517 2211 venit
547 2163 648 2211 sine
680 2163 878 2221 affectu,
932 2179 1070 2211 nemo
1111 2163 1332 2212 affectum
1374 2166 1476 2212 sine
1518 2164 1703 2212 casibus

60 2233 170 2287 suis
199 2235 392 2298 pafitur.
443 2234 538 2298 Ipsi
571 2250 706 2282 casus
737 2235 1041 2282 incitamenta
1072 2245 1179 2282 sunt
1209 2235 1422 2284 affectus.
1479 2235 1703 2284 Ceterum

31 2303 301 2353 ..dcessat
328 2304 555 2363 affectus,
602 2305 727 2352 nulla
766 2314 839 2352 est
874 2306 1115 2370 voluptas,
1164 2315 1212 2354 et
1253 2315 1326 2354 est
1358 2322 1466 2354 reus
1498 2307 1588 2354 iam
1622 2307 1702 2355 ille

28 2432 33 2443 ἒ
69 2375 288 2423 vanitatis
320 2390 379 2423 eo
412 2377 715 2434 conveniens,
749 2375 827 2423 ubi
858 2376 973 2423 nihil
1007 2378 1331 2442 consequitur.
1383 2377 1502 2425 Puto
1527 2386 1700 2436 autem,

54 2445 212 2497 “etiam
241 2447 421 2495 vanitas
453 2455 683 2495 extranea
714 2455 787 2494 est
824 2447 978 2495 nobis.
1060 2447 1205 2507 Quid,
1254 2447 1379 2512 quod
1420 2456 1469 2495 et
1506 2449 1607 2512 ipse
1649 2464 1701 2496 se

58 2513 250 2579 iudicat
279 2516 404 2565 inter
435 2533 519 2565 eos
550 2518 751 2581 positus,
800 2534 995 2581 quorum
1027 2535 1078 2566 se
1111 2519 1308 2566 similem
1341 2518 1507 2565 nolens
1538 2519 1700 2583 utique

53 2581 410 2638 detestatorem
444 2588 725 2636 confitetur?
796 2587 951 2635 Nobis
983 2590 1095 2636 satis
1128 2606 1218 2635 non
1253 2597 1350 2646 est,
1391 2589 1430 2635 si
1464 2588 1552 2654 ipsi
1584 2589 1700 2636 nihil

67 2655 164 2704 hle
195 2656 444 2717 faciamus,
477 2660 565 2706 nisi
598 2667 645 2706 ct
675 2659 787 2706 talia
820 2659 1101 2706 facientibus
1133 2675 1224 2706 non
1259 2660 1574 2708 conferamur.
1647 2660 1698 2707 Si

5 2926 10 2933 η
183 2883 227 2930 1)
259 2883 485 2924 Rhenanus
518 2888 560 2922 et
589 2886 651 2923 ed.
682 2885 814 2923 Paris.
860 2885 914 2921 de
954 2884 1134 2923 liteiis
1168 2888 1561 2934 pronuntietur.
1622 2888 1695 2924 Ri-

26 2932 249 2988 galtius:
284 2939 340 2977 de
371 2942 699 2988 spectaculis
735 2942 1154 2990 pronuntiemus.
1274 2942 1315 2993 2)
1347 2944 1695 2992 cod.Ag01›ardi:

4 2986 30 3018 ἶ
43 2997 121 3034 ,οι-
141 2997 244 3032 tum
277 2995 445 3035 altero
475 3002 742 3045 respuunt.
861 2998 905 3045 3)
937 2998 1312 3038 Siclocumecod.
1333 3000 1542 3048 Agobardi
1566 3001 1695 3038 resti-

0 3074 20 3090 ;.
44 3051 154 3091 :tuit
176 3051 406 3100 Rigaltius,
440 3058 731 3101 praeterquam
766 3055 877 3101 quod
908 3054 1098 3102 scripsit:
1136 3055 1461 3095 idololatria.
1535 3058 1580 3093 In
1614 3061 1694 3094 cet.

3 3105 158 3162 ‘j'ssfpffid-
190 3108 481 3146 contrariis
519 3121 692 3148 omnes
732 3112 978 3148 feramus.
1042 3112 1126 3150 Sed
1155 3113 1224 3150 vel
1255 3113 1557 3150 contrarias
1589 3112 1689 3160 dei,

66 3161 135 3202 vel
165 3167 352 3202 contra
378 3175 460 3202 res
493 3164 574 3202 dei
604 3167 868 3204 scribendum
902 3170 979 3204 ent.
1108 3168 1185 3217 4)-
1194 3169 1300 3218 Eph.
1311 3171 1356 3216 4,
1378 3169 1444 3206 30.

1268 3256 1338 3303 2.
