1942 3554
522 129 608 166 An
650 127 1026 173 NATJONES
1068 128 1196 166 1213:
1229 129 1260 166 1.
1574 130 1686 181 159

45 277 274 318 onustare
297 267 468 316 vultis?
495 265 570 315 Α11
594 267 684 316 hae
711 266 845 316 nobis
872 269 993 315 omni
1021 266 1158 316 modo
1183 267 1488 318 redimendae
1515 269 1684 319 viden-

36 337 159 389 ‘nu-‘e
196 355 254 387 an
285 339 365 387 atii
398 337 590 386 ordines
631 338 835 386 dentium
876 339 1270 398 Christianorum,-
1312 348 1361 388 et
1396 341 1476 388 alii
1508 357 1683 405 specus

45 410 280 467 faucium,
321 417 371 457 et
404 409 484 457 alii
514 408 572 456 ad
617 409 786 456 incesti
818 408 1059 457 libidinem
1097 411 1276 457 nervia?-
1300 410 1431 469 Nou,
1481 414 1677 476 opinor3

47 481 167 528 satis
199 482 322 528 enim
353 488 426 528 est
446 478 583 526 nobis
608 479 709 526 sola
730 480 932 527 veritate
957 496 984 526 a
1009 490 1165 528 vestra
1189 483 1427 545 positione
1453 481 1675 531 discerni.

49 550 258 599 Tertium
288 564 440 614 genus
470 548 690 607 dicimur,
741 564 955 613 cynopae
996 552 1041 608 1)
1081 551 1247 615 aliqui,
1288 552 1362 600 vel
1410 553 1676 618 sciapodes,

49 621 127 670 vd
156 621 298 685 aliqui
328 619 389 668 de
421 619 727 667 subterranea
757 619 1020 683 antipodes.

187 695 239 741 8.
273 689 322 738 Si
347 706 439 754 qua
459 691 592 748 istie,
625 689 747 754 apud
770 706 854 737 vos
878 690 1044 738 saltem
1069 692 1190 738 ratio
1223 700 1319 749 est,
1359 691 1510 740 edatis
1534 695 1676 743 velim

46 762 242 827 primum
273 769 323 808 et
352 759 605 808 secundum
639 776 809 825 genus,
842 770 894 808 ut
922 762 987 808 ita
1011 760 1070 809 de
1094 762 1238 808 tertio
1273 771 1474 810 constet.
1516 763 1676 811 Psam-

37 828 280 881 .'mticbus
314 829 504 896 quidem
537 832 716 895 putavit
754 832 839 878 tibi
876 847 928 879 se
967 833 1162 895 ingenio
1203 833 1502 896 exploratus,
1543 836 1580 880 si
1615 835 1673 882 de

38 901 198 968 pinta
234 903 450 967 generis:
489 901 665 950 dicitur
702 904 824 950 enim
863 903 1067 950 infantes
1098 905 1281 951 recenti
1314 918 1340 949 e
1372 913 1508 967 partu
1539 921 1674 952 seor-

38 988 147 1022 sum
169 988 200 1020 a
223 974 510 1021 commercio
536 974 771 1020 hominum
803 972 1001 1021 alendos
1031 973 1284 1022 tradidisse
1317 976 1503 1033 nutrici,
1539 992 1673 1039 quam

38 1051 97 1092 ὀἱ
125 1043 271 1107 ipsam
299 1051 558 1108 propterea
591 1044 940 1108 elinguaverat,
987 1053 1038 1091 ut
1063 1045 1108 1091 111
1135 1053 1281 1092 totum
1314 1046 1505 1093 exsules
1536 1048 1673 1094 vocis

45 1113 274 1162 hnmanae
305 1130 401 1161 non
423 1113 582 1162 auditu
609 1115 870 1162 formarent
894 1114 1150 1179 loquelam,
1185 1114 1269 1163 sed
1294 1132 1378 1163 suo
1403 1126 1673 1180 promentes

0 1228 1 1251 χ
46 1199 149 1232 ean
163 1186 357 1248 primam
372 1185 608 1233 nationem
629 1185 951 1249 designarent,
972 1187 1102 1233 cuius
1121 1202 1283 1233 sonum
1307 1196 1471 1234 natura
1499 1186 1670 1235 dictas-

0 1260 1 1268 *
41 1263 136 1302 set.
181 1254 334 1302 Prima
367 1272 459 1302 vox
490 1255 679 1303 Bekkos
701 1256 746 1314 2)
779 1257 1047 1304 renuntiata
1080 1265 1176 1314 est3
1208 1256 1536 1320 interpretatio
1570 1259 1672 1305 eius

42 1323 184 1372 Panis
227 1326 349 1388 apud
395 1325 606 1390 Phrygas
644 1341 814 1374 nomen
855 1335 949 1386 est3
994 1325 1210 1391 Phryges
1240 1329 1375 1390 primi
1408 1343 1556 1391 genus
1589 1344 1670 1375 ex-

36 1393 154 1443 sule
186 1395 432 1443 habentur.
499 1396 595 1443 Sed
634 1396 725 1443 hoc
771 1413 908 1443 unum
955 1398 1047 1442 erit
1089 1395 1147 1443 de
1178 1398 1459 1444 vanitatibus
1492 1407 1672 1446 vestra-

38 1479 144 1513 tum
182 1465 440 1513 fabularu-
479 1483 571 1513 11011
611 1468 766 1514 otiose
806 1466 943 1513 nobis
981 1466 1359 1524 retractandum,
1400 1482 1490 1531 quo
1530 1468 1670 1516 fidem

44 1545 249 1584 vestram
293 1537 577 1584 vanitatibus
623 1553 759 1602 quam
803 1537 1083 1584 veritatibus
1133 1539 1179 1599 ³)
1225 1537 1427 1585 deditam
1476 1537 1670 1585 demon-

38 1614 194 1654 strare
238 1608 483 1670 gestimus.
574 1606 650 1655 An
697 1608 885 1655 omnino
933 1607 1163 1655 credibile
1210 1609 1290 1666 sit,
1338 1609 1418 1655 tali
1459 1609 1668 1657 membro

31 1675 261 1736 desento,
306 1686 488 1726 vastato
526 1679 675 1742 ipsius
722 1679 901 1726 animae
934 1694 1115 1741 organo
1149 1688 1197 1724 et
1241 1680 1402 1742 utique
1442 1679 1667 1726 radicitus

34 1759 206 1806 100030,
234 1749 452 1796 castratis
482 1749 713 1807 faucibus,
748 1764 866 1812 quae
899 1750 1038 1796 etiam
1072 1749 1367 1796 extrinsecus
1399 1750 1667 1812 periculose

39 1818 370 1876 vulnerantur,
401 1818 575 1866 exinde
605 1819 717 1866 taho
750 1820 797 1865 in
823 1817 1107 1882 praecordia
1139 1820 1392 1875 refluente,
1426 1828 1666 1882 postremo

36 1887 325 1952 aliquamdiu
355 1888 647 1936 cessantibus
685 1889 942 1946 alimentis,
975 1889 1116 1935 vitam
1147 1890 1321 1936 nutrici
1352 1889 1665 1952 perdurasse?

35 1957 148 2023 Age
184 1974 336 2016 nune,
383 1961 771 2022 perseveraverit
816 1958 1103 2006 Philomelae
1150 1958 1507 2006 medicamentis
1533 1995 1544 2006 .
1573 1995 1583 2006 .
1614 1995 1625 2006 .
1652 1994 1663 2008 .

35 2044 180 2094 quan
203 2038 252 2077 et
281 2030 427 2093 ipsam
458 2029 805 2093 prudentiores,
832 2044 923 2076 11011
950 2030 1140 2093 linguae
1166 2029 1329 2086 caede,
1356 2029 1440 2077 sed
1471 2030 1666 2093 pudoris

35 2099 216 2154 {tubere
244 2109 416 2148 mutam
447 2102 837 2165 interpretantur.
902 2098 953 2147 Si
986 2116 1104 2163 ergo
1131 2101 1258 2157 vixit,
1293 2101 1445 2164 potuit
1476 2101 1665 2148 effutire

34 2169 215 2234 aliquid
253 2170 466 2218 obtusum
507 2180 554 2219 et
593 2171 950 2218 exarticulatum
988 2186 1152 2218 sonum
1196 2171 1527 2235 tinnitumque,
1563 2174 1664 2218 sine

35 2239 280 2288 indutam
318 2240 619 2300 labellorum,
681 2258 892 2306 expanso
934 2258 1042 2298 ore,
1104 2241 1262 2304 lingua
1310 2250 1550 2305 stupente,
1605 2241 1664 2289 de

35 2310 155 2359 aulis
175 2311 393 2359 faucibus
420 2314 529 2376 cogi
552 2313 687 2360 licet:
722 2311 770 2358 id
801 2313 900 2359 fors
931 2321 1042 2359 tunc
1068 2312 1294 2370 infantes,
1329 2313 1437 2375 quia
1459 2314 1663 2369 unicum,

35 2380 227 2429 &cilius
257 2384 582 2441 commentati,
618 2383 754 2447 paulo
786 2381 1090 2439 modulatius,
1124 2391 1286 2445 utpote
1322 2382 1559 2444 lignatuli,
1593 2382 1664 2427 in-

36 2459 226 2500 mtum
256 2451 452 2500 alicuius
483 2454 888 2517 interpretationis
920 2454 1215 2516 impegerint.
1279 2452 1384 2499 Sint
1414 2467 1535 2498 nunc
1566 2452 1664 2515 pri-

35 2522 103 2569 -ἰ
143 2521 381 2587 Phryges,
435 2540 529 2571 non
581 2533 736 2571 tamen
788 2525 917 2569 tertii
972 2523 1251 2579 Christiani,
1315 2530 1513 2584 quantae
1539 2523 1664 2569 enim

36 2590 161 2641 stine
192 2595 397 2656 gentium
437 2596 587 2642 series
624 2604 733 2657 post,
768 2593 1009 2657 Phrygas?
1060 2592 1234 2638 Verum
1266 2593 1555 2654 recogitate,
1603 2608 1662 2640 ne

35 2674 159 2725 quos
185 2664 376 2710 tertium
417 2680 566 2727 genus
605 2664 790 2721 dicitis,
825 2664 1081 2727 principem
1115 2663 1267 2708 locum
1301 2661 1565 2718 obtineant,
1601 2664 1663 2708 si-

38 2730 228 2795 qnidem
272 2744 366 2780 non
410 2735 504 2782 ussa
548 2751 666 2797 gens
713 2751 804 2781 non
852 2733 1142 2787 Christianag
1211 2733 1367 2795 itaque
1426 2746 1663 2795 quaecun-

39 2815 281 2864 quetgens
316 2805 485 2866 prima,
525 2806 823 2852 nihilominus
854 2803 1134 2850 Christiana.
1225 2801 1439 2848 Ridicula
1470 2802 1662 2850 demen-

23 3058 47 3079 4
157 3026 201 3072 1)
231 3025 321 3074 Rig.
353 3026 724 3074 cynopennae3
767 3026 837 3063 sed
881 3028 936 3063 cf.
971 3026 1092 3073 Apol.
1133 3028 1170 3063 8.
1305 3027 1350 3073 2)
1395 3027 1520 3064 Codd.
1561 3029 1662 3063 Mss.

29 3079 240 3120 Pactos.
300 3083 362 3118 Cf.
381 3083 533 3120 Herod.
561 3085 607 3130 2,
639 3085 677 3119 2.
804 3083 847 3130 3)
872 3082 1003 3120 Scrib.
1036 3094 1143 3122 van.
1178 3082 1351 3131 potius
1385 3095 1526 3130 quam
1561 3094 1665 3120 ver.
