1942 3554
266 170 359 217 84
591 167 674 206 DE
713 167 919 205 CULTU
955 163 1345 203 FEMINARUM
1387 165 1499 203 Lm.
1529 166 1563 203 1.

268 299 430 332 omnes
461 283 580 330 istae
611 279 838 341 profanae
869 275 1244 339 spectaculorum
1283 275 1562 321 secularium
1606 274 1890 341 voluptates}

263 356 392 408 sicut
422 349 478 396 de
510 349 622 411 ipsis
653 363 781 392 suum
811 346 1027 392 volumen
1059 342 1286 391 edidimus
1303 345 1374 405 1),
1420 345 1522 406 ipsa
1559 347 1698 392 etiam
1735 346 1891 394 idolo*

268 423 408 469 latria
440 434 501 464 ex
529 415 669 473 rebus
701 414 778 461 dei
810 421 1017 461 constat:
1049 429 1143 459 non
1171 421 1328 460 tamen
1365 412 1473 460 ideo
1507 415 1623 462 circi
1652 416 1890 476 furoribus

268 498 351 539 aut
380 501 553 535 arenae
587 483 915 531 atrocitatibus
945 491 1025 529 aut
1054 498 1226 530 scenae
1271 482 1632 546 turpitudinibus
1664 482 1893 552 Christiazss

267 575 376 606 num
408 557 535 603 affici
567 562 777 618 oportet,
811 554 917 616 quia
949 552 1063 600 deus
1094 561 1143 599 et
1172 568 1337 615 equum
1368 561 1416 599 et
1439 553 1712 615 pantheram
1737 563 1786 602 et
1805 555 1894 629 vm}

270 645 373 676 cem
403 625 580 672 homini
606 623 759 682 dedit3
793 638 882 669 nec
907 621 1015 669 ideo
1042 620 1360 668 idololatriam
1384 623 1568 685 impune
1593 618 1740 671 faciet
1756 624 1894 684 Chrif

269 700 470 752 stianus‚
504 695 612 757 quia
643 692 719 739 dei
752 691 961 739 conditio
995 700 1067 739 est
1097 701 1146 738 et
1174 691 1279 738 thus
1310 700 1359 738 et
1386 707 1562 739 merum
1594 701 1642 740 ct
1670 694 1792 756 ignis
1817 685 1895 757 qui
1937 732 1942 762 ἔ

269 767 479 815 vescitur
506 773 558 815 ,et
587 763 805 811 animalia
836 778 954 824 quae
984 762 1203 809 victimae
1237 762 1372 818 fiunt,
1405 777 1508 808 cum
1539 770 1589 809 et
1617 764 1897 826 ipsa-mateq·
1935 765 1942 824 ἲ

269 839 343 884 ria
374 849 492 898 quae
525 831 753 879 adoratur
783 830 860 878 dei
891 833 964 878 sit.
1043 829 1123 877 Sic
1170 847 1286 893 ergo
1327 839 1375 877 et
1406 833 1535 878 circa
1565 841 1718 880 actum
1749 839 1897 879 mate-t

271 908 446 953 riarum
481 918 648 949 census
679 917 708 948 a
740 899 830 947 deo
863 899 1179 957 descendens,
1211 909 1469 963 propterea
1500 911 1772 960 excusatus,
1806 902 1897 949 deo
1935 898 1942 926 ⁹

274 973 581 1022 extraneum*
612 979 663 1018 ut
692 986 822 1018 reum
855 971 1040 1017 scilicet
1070 970 1251 1032 gloriae
1285 971 1489 1016 seculum
1507 972 1571 1031 2).

415 1048 461 1093 9.
523 1041 644 1088 Nam
675 1049 726 1087 ut
758 1055 968 1103 quaeque
1000 1055 1155 1086 rerum
1187 1055 1275 1102 per
1303 1040 1509 1101 singulas
1550 1056 1754 1104 quasque
1801 1050 1898 1088 ter-
1940 1071 1942 1074 <

274 1131 351 1162 ras
397 1121 446 1159 et
488 1124 856 1172 unamquamque
903 1109 1147 1170 regionem
1193 1109 1394 1167 marisss)
1443 1125 1470 1154 a
1515 1109 1605 1156 deo
1653 1110 1900 1158 distributa

275 1192 402 1238 sunt,
436 1181 636 1227 invicem
662 1179 750 1225 sibi
774 1178 1043 1240 peregrina,
1076 1175 1199 1239 apud
1225 1185 1414 1223 exteros
1439 1187 1595 1225 mutuo
1621 1195 1745 1236 rara,
1777 1179 1900 1243 apud

272 1268 357 1298 vos
371 1253 418 1310 4)
461 1251 586 1304 iure,
635 1249 674 1294 si
704 1248 864 1309 utique
896 1246 971 1293 vel
1004 1254 1287 1308 appetuntur
1314 1246 1390 1294 vel
1421 1248 1746 1310 negliguntur,
1795 1251 1900 1312 quia

275 1337 369 1368 non
399 1327 555 1366 tantus
587 1326 660 1363 est
690 1318 737 1362 in
768 1317 860 1363 illis
891 1317 1053 1363 fervor
1083 1316 1265 1378 gloriae
1297 1317 1421 1362 inter
1451 1316 1736 1366 domesticos
1767 1306 1902 1382 frigi2

277 1391 380 1437 dae.
444 1387 540 1434 Sed
573 1388 694 1433 enim
727 1403 787 1433 ex
823 1387 1169 1450 possessionum
1209 1384 1560 1445 distributione,
1609 1404 1742 1451 quam
1789 1388 1903 1450 deus

275 1470 327 1507 ut
355 1460 504 1507 voluit
535 1456 791 1512 ordinavit,
838 1457 1007 1503 raritas
1054 1465 1102 1503 et
1145 1457 1459 1519 peregrinitas
1497 1456 1619 1520 apud
1651 1457 1903 1509 extraneos

278 1545 464 1592 semper
495 1528 692 1589 gratiam
725 1527 993 1582 inveniens,
1042 1525 1099 1572 de
1147 1526 1346 1588 simplici
1379 1542 1544 1574 caussa
1574 1544 1668 1574 non
1698 1527 1904 1576 habendi

279 1615 396 1663 quae
444 1597 557 1644 deus
603 1596 714 1642 alibi
763 1596 1038 1651 collocavit,
1089 1596 1519 1658 concupiscentiam
1566 1599 1792 1644 concitat·
1819 1598 1942 1661 hae--

277 1667 434 1716 bendi.
478 1667 551 1713 Ex
574 1666 662 1712 hac
687 1666 847 1711 vitium
872 1664 997 1711 aliud
1023 1663 1306 1721 extenditur,
1339 1665 1646 1714 immoderate
1672 1666 1903 1715 habendi:

281 1737 426 1802 quod,
461 1737 549 1783 etsi
580 1737 703 1782 forte
736 1733 999 1781 habendum
1031 1736 1114 1791 sit,
1145 1733 1309 1780 modus
1339 1734 1730 1789 tamendebetur.
1757 1736 1902 1785 'Haec

279 1810 373 1856 erit
402 1806 619 1862 ambitio,
652 1802 775 1851 unde
809 1813 856 1851 et
886 1819 1057 1850 nomen
1087 1805 1187 1850 eius
1218 1804 1623 1867 interpretandum
1650 1815 1746 1863 est,
1779 1805 1904 1870 quod

281 1876 670 1938 concupiscentia
700 1873 823 1937 apud
855 1876 1054 1920 animum
1085 1873 1320 1920 ambiente
1367 1883 1589 1923 nascatur
1633 1875 1692 1922 ad
1723 1877 1907 1939 gloriae

279 1956 461 2003 votum,
495 1943 673 2007 grande
705 1945 892 1990 scilicet
919 1952 1101 2000 votum,
1149 1942 1295 2006 quod,
1341 1952 1393 1990 ut
1431 1943 1792 2002 diximussnon
1823 1963 1907 1993 na«,-

281 2026 407 2073 tura,
456 2031 544 2062 nec
575 2015 774 2071 veritas,
821 2012 905 2060 sed
941 2015 1111 2060 vitiosa
1148 2014 1288 2059 animi
1325 2015 1483 2076 passio
1523 2017 1906 2079 concupiscentia

283 2084 647 2141 commendavit,
696 2092 745 2130 et
788 2084 881 2130 alia
924 2084 1038 2129 vitia
1082 2083 1358 2157 ambitionis
1394 2092 1459 2130 et>
1487 2085 1684 2146 gloriae.
1748 2084 1828 2133 Sic
1859 2093 1908 2134 et

280 2157 434 2219 pretia
464 2154 604 2201 rebus
636 2154 956 2209 inflammavit,
1004 2161 1054 2198 ut
1100 2168 1149 2198 se
1197 2168 1380 2215 quoque
1427 2153 1729 2202 accenderet.
1797 2154 1906 2202 Non

281 2233 412 2271 tanto
444 2225 594 2269 maior
632 2223 684 2267 fit
722 2223 1129 2284 concupiscentia,
1179 2230 1349 2283 quanto
1395 2225 1551 2284 magni
1595 2224 1734 2281 fecit,
1783 2222 1908 2288 quod

284 2293 553 2354 concupiit?
612 2290 681 2337 De
712 2291 998 2337 brevissimis
1030 2290 1197 2336 loculis
1227 2291 1555 2352 patrimonium
1583 2291 1762 2354 grande
1793 2310 1906 2356 pro-

281 2364 454 2419 fertur3
495 2377 588 2407 uno
622 2360 716 2406 lino
749 2358 910 2406 decies
941 2360 1204 2405 sestertium
1237 2360 1481 2418 inseritur3
1529 2362 1672 2409 saltus
1703 2371 1752 2409 et
1780 2363 1907 2410 insu-

284 2433 353 2479 las
384 2440 550 2478 tenera
581 2430 743 2476 cervix
773 2429 889 2487 fert3
938 2429 1142 2490 graciles
1187 2429 1365 2475 aurium
1412 2438 1544 2477 cutes
1590 2430 1907 2480 calendarium

286 2572 524 2618 currant,
573 2573 622 2607 et
651 2570 738 2608 ubi
770 2569 1119 2608 collocentur.
1171 2566 1245 2620 (et
1281 2570 1368 2609 ubi
1398 2582 1533 2618 spem
1566 2582 1705 2609 suam
1738 2572 1908 2611 collo-

286 2630 429 2675 cent,
463 2626 733 2674 liberAgob.)
751 2626 887 2663 Latin.
905 2627 1064 2665 emend.
1099 2627 1337 2664 Ceterum
1366 2627 1409 2663 si
1437 2628 1690 2666 materiae
1722 2640 1785 2666 ex
1815 2629 1908 2667 deo

285 2684 429 2732 sunt,
461 2694 564 2724 non
592 2682 774 2719 statim
804 2685 854 2718 et
883 2682 1187 2720 huiusmodi
1217 2681 1450 2731 fructus3
1489 2683 1624 2720 latet
1653 2684 1705 2721 in
1736 2685 1907 2722 omni-

285 2741 398 2788 bus,
432 2738 729 2785 quaeritur3
763 2739 813 2774 et
842 2738 974 2775 unde
1007 2739 1087 2776 etc.

399 2792 440 2841 1)
455 2795 544 2832 Lib.
561 2794 611 2831 de
628 2793 899 2842 spectaculis.
1016 2794 1057 2839 2)
1074 2794 1195 2831 Hunc
1212 2794 1370 2842 locum,
1390 2794 1431 2831 in
1450 2805 1532 2841 quo
1549 2797 1718 2833 verbum
1738 2791 1907 2842 aliquod

288 2850 498 2888 excidisse
528 2851 717 2898 videtur,
750 2850 811 2888 sic
836 2849 1024 2887 correxit
1056 2850 1146 2898 Rig.
1178 2861 1366 2888 census
1408 2862 1432 2888 a
1464 2851 1555 2888 deo
1586 2851 1908 2889 descendens

288 2908 503 2943 accusat
534 2907 624 2944 deo
657 2907 967 2944 extraneum
996 2907 1051 2943 ut
1078 2917 1111 2943 r.
1136 2917 1201 2943 sc.
1226 2907 1290 2955 gl.
1320 2906 1596 2945 secularis.
1714 2903 1761 2959 3)
1777 2907 1908 2945 Prae-

287 2964 353 2998 ter
382 2961 609 3008 Rigaltium
632 2962 782 3000 ceteri:
826 2961 1075 3000 materiis.
1194 2960 1236 3010 4)
1266 2963 1432 3000 Iunius:
1475 2962 1606 3010 apud
1635 2973 1745 3012 vos,
1793 2963 1908 3001 iure

289 3017 364 3054 sic
397 3016 580 3063 utique
611 3020 690 3056 etc.
733 3017 846 3066 Rig.:
877 3018 1009 3065 apud
1040 3028 1182 3066 suos,
1215 3018 1259 3055 si
1288 3019 1476 3066 utique
1507 3019 1587 3056 etc.
1632 3019 1715 3057 Sed
1736 3018 1803 3073 vel
1826 3018 1906 3058 hac

290 3072 580 3111 emendatione
597 3073 716 3111 locus
733 3073 919 3112 nondum
936 3076 1001 3112 est
1018 3075 1205 3112 sanatus.
