1942 3554
271 221 390 266 222
879 222 971 260 DE
1011 221 1290 261 PALL10.

274 355 376 386 cum
406 337 508 384 solo
547 343 744 382 mortem
780 334 975 395 vivit1).
1049 333 1123 381 Ex
1160 333 1485 385 huiuscemodi
1520 336 1681 386 nubilo
1721 347 1770 386 et
1796 338 1889 388 Tu-

273 410 372 456 scia
415 406 655 453 Vulsinios
703 404 965 468 [pristinos]
1013 403 1201 463 deusta,
1250 422 1340 470 quo
1377 407 1529 470 magis
1566 406 1624 456 de
1663 408 1896 458 montibus

273 480 368 526 suis
407 477 660 540 Campania
698 484 879 539 speret,
926 485 1092 540 erepta
1130 475 1395 540 Pompeios.
1456 476 1554 526 Sed
1599 478 1754 527 absit,
1798 478 1902 534 Uti·

258 544 380 596 flam
426 556 474 595 et
516 545 634 594 Asia
676 562 845 593 secura
889 548 979 594 iam
1025 548 1086 593 sit
1130 545 1188 594 de
1227 547 1316 594 soli
1355 548 1585 611 ingluvie!
1645 550 1820 598 utinam
1851 559 1911 607 et,

272 619 441 667 Africa
470 617 615 665 semel
644 618 919 679 voraginem
949 618 1148 681 paverit,
1179 618 1329 664 unicis
1361 620 1528 666 castris
1559 618 1787 682 fraudatis
1818 636 1911 668 exa

274 690 426 755 piata!
486 687 636 735 Multa
672 696 722 735 et
757 688 851 734 alia
894 687 1157 735 huiusmodi
1203 687 1486 737 detrimenta
1528 690 1736 739 habitum
1775 690 1919 740 orbim

276 769 517 809 mutavere
548 759 754 822 situsque
793 774 1000 806 movere.
1062 758 1208 806 Bellis
1249 774 1432 823 quoque
1469 760 1715 824 plurimum
1753 762 1902 810 licuit.

278 829 376 879 Sed
406 832 538 895 piget
567 829 720 877 tristia
735 830 782 889 2)
814 846 908 876 non
939 830 1088 876 minus
1127 845 1262 893 quam
1291 846 1545 893 regnorum
1573 832 1705 879 vices
1734 847 1904 880 recen·

278 917 402 959 sere,
435 900 651 965 quotiens
683 908 732 948 et
761 900 851 947 ista
881 901 1162 947 mutaverint
1191 901 1281 947 iam
1312 900 1421 949 inde
1451 918 1481 949 a
1509 900 1636 949 Nino
1660 901 1765 950 Beli
1793 911 1919 966 pro-'

281 973 437 1036 genie.
499 969 551 1019 Si
589 978 745 1019 tamen
781 970 932 1020 Ninus
961 971 1176 1036 regnavit
1205 971 1402 1036 primus,
1448 980 1499 1020 ut
1529 980 1737 1021 autumat
1766 988 1908 1038 supe-

280 1044 457 1091 riorum
494 1043 756 1106 profanitas
795 1044 963 1102 (ferme
1008 1042 1132 1106 apud
1175 1060 1260 1090 vos
1298 1044 1420 1091 ultra
1458 1044 1591 1092 stilus
1620 1061 1714 1092 non
1745 1045 1905 1102 solet),

281 1114 340 1161 ab
370 1112 580 1176 Assyriis
613 1115 693 1174 [si]
725 1114 850 1161 forte
882 1115 987 1160 aevi
1016 1114 1242 1160 historiae
1273 1123 1544 1177 patescuntr,
1585 1116 1661 1179 qui
1689 1111 1812 1163 vero
1837 1114 1909 1162 di-

280 1186 413 1232 vinas
444 1184 723 1242 lectitamus,
756 1183 814 1230 ab
846 1185 989 1247 ipsius
1020 1182 1177 1230 mundi
1206 1184 1438 1231 natalibus
1462 1193 1707 1249 compotes
1735 1201 1906 1233 sumus.

286 1254 384 1302 Sed
430 1255 555 1302 laeta
597 1255 688 1302 iam
733 1254 878 1311 male,
928 1255 1034 1318 quip
1070 1270 1095 1302 e
1135 1263 1184 1301 et
1222 1254 1347 1302 laeta
1376 1263 1569 1312 mutant,
1629 1254 1840 1319 Denique
1873 1255 1913 1303 si

287 1324 398 1389 quid
429 1341 556 1372 mare
589 1323 747 1382 diluit,
795 1325 979 1372 coelum
1057 1326 1223 1382 eussit‚
1270 1333 1401 1373 terra
1437 1324 1680 1384 subduxit,
1728 1325 1912 1389 gladius

287 1395 572 1453 detotondit,
605 1396 723 1443 alias
753 1411 944 1442 versura
988 1397 1278 1459 compensati
1308 1395 1448 1443 redit.
1507 1395 1629 1443 Nam
1667 1404 1716 1444 et
1751 1396 1913 1460 primi-

286 1476 361 1514 tus
392 1468 618 1515 maiorem
656 1466 875 1514 ambitum
913 1475 1044 1514 terra
1088 1482 1223 1514 cassa
1266 1475 1316 1514 et
1357 1483 1532 1514 vacans
1569 1467 1826 1525 hominum,
1866 1474 1919 1515 et

287 1537 441 1587 sicubi
471 1538 626 1600 aliqua
657 1553 773 1600 gens
805 1545 1077 1601 occuparat,
1109 1537 1296 1585 sibimet
1331 1538 1421 1586 soli
1451 1545 1571 1586 erat.
1631 1537 1793 1602 Itaque
1834 1553 1917 1586 co·

288 1609 390 1658 lere
430 1609 584 1655 omnia
622 1608 734 1665 sibi,
782 1606 964 1655 domum
996 1608 1265 1670 intelligens
1302 1609 1414 1656 alibi
1453 1609 1700 1672 stipantem
1733 1608 1929 1676 copiam·

291 1679 404 1727 alibi
436 1678 750 1736 deserentem,
783 1695 982 1726 runcare
1014 1688 1153 1743 atque
1185 1695 1377 1726 ruscare
1410 1679 1610 1726 instituit
1623 1680 1695 1739 ³),
1727 1687 1778 1726 ut
1806 1677 1916 1726 inde

290 1751 421 1799 velut
450 1765 511 1797 ex
540 1750 738 1797 surculis
770 1757 819 1795 et
854 1750 1191 1813 propaginibus
1221 1751 1382 1813 populi
1421 1748 1479 1797 dc
1523 1750 1730 1813 populis,
1775 1749 1918 1797 urbes

292 1820 352 1868 de
384 1820 576 1868 urbibus
606 1836 693 1884 per
722 1819 893 1883 ubique
926 1821 1053 1868 orbis
1084 1829 1418 1884 pangerentur.
1450 1820 1822 1868 Transvolavere
1841 1835 1917 1869 re-

293 1890 596 1939 dundantium
636 1891 842 1953 gentium
876 1893 1115 1938 examina:
1178 1889 1386 1955 Scythae
1434 1891 1696 1940 exuberant
1733 1890 1918 1947 Persas,

293 1962 558 2011 Phoenices
597 1963 643 2009 in
672 1961 884 2009 Africam
923 1971 1162 2019 eructant,
1195 1961 1429 2009 Romanos
1466 1961 1679 2025 Phryges
1715 1962 1917 2025 pariunt,

295 2032 584 2081 Chaldaeum
616 2048 775 2079 semen
806 2033 853 2079 in
876 2032 1146 2097 Aegyptum
1178 2032 1420 2090 educatur,
1454 2031 1640 2090 dehinc,
1674 2048 1778 2080 cum
1809 2029 1918 2081 inde

293 2103 636 2158 transducitur,
684 2102 858 2150 Iudaea
895 2120 1012 2167 gens
1056 2112 1142 2152 est,
1205 2102 1285 2151 Sic
1317 2112 1366 2151 et
1403 2102 1638 2151 Herculea
1667 2103 1921 2166 posteritas

295 2198 324 2228 a
354 2182 562 2229 Temeno
594 2175 774 2243 pariter
802 2174 1177 2244 Peloponnesum
1210 2172 1486 2243 occupando
1517 2171 1920 2237 producuntur4)5

297 2253 366 2299 sic
406 2259 456 2298 et
492 2251 631 2298 lones
668 2249 809 2297 Nelei
849 2252 1045 2298 comites
1083 2250 1243 2299 Asiam
1275 2251 1407 2297 novis
1444 2244 1635 2296 urbibus
1665 2245 1919 2304 instruunt3

298 2324 367 2370 sic
400 2330 449 2369 et
481 2320 715 2367 Corinthii
754 2336 857 2367 cum
893 2319 1073 2368 Archia
1111 2321 1320 2367 muniunt
1357 2318 1634 2383 Syracusas.
1705 2316 1800 2365 Sed
1838 2332 1921 2364 va·-

415 2444 459 2493 1)
491 2447 650 2485 Rhen.:
680 2450 894 2485 mortem
925 2447 1079 2494 bibit,
1112 2447 1229 2495 Rig.:
1261 2449 1472 2484 mortem
1505 2445 1660 2493 vivit,
1699 2444 1826 2483 Salm.
1850 2443 1924 2491 qui

298 2504 544 2544 incodauo
561 2504 878 2552 1eg.mortum
904 2503 1022 2553 ibit,
1056 2504 1247 2551 scripsit:
1270 2506 1525 2541 mortuum
1557 2501 1668 2540 ivit.
1699 2501 1920 2539 Fortasse:

304 2563 513 2601 mortua
557 2560 649 2607 ibi3
696 2561 750 2598 ct'.
798 2560 994 2598 carminis
1026 2561 1070 2598 in
1101 2561 1323 2600 Sodomam
1354 2571 1394 2599 v.
1425 2560 1526 2597 138:
1563 2569 1641 2596 nec
1671 2568 1787 2596 mare
1819 2555 1924 2595 vivit

301 2618 372 2657 ibi.
545 2615 592 2669 2)
619 2616 768 2656 Salm.:
798 2617 963 2654 Bellis
994 2629 1033 2664 q.
1068 2629 1106 2664 p.
1135 2616 1359 2654 licuisse
1390 2618 1439 2654 et
1467 2614 1705 2653 tristitia
1742 2614 1925 2662 perget

302 2687 345 2713 n.
375 2687 432 2712 m.
465 2685 503 2721 q.
534 2685 568 2711 r.
598 2685 637 2712 v.
669 2685 966 2712 recensere.
998 2674 1221 2718 Quoties
1253 2676 1304 2711 et
1333 2673 1437 2711 ista
1465 2671 1802 2710 mutaverunt
1825 2670 1921 2708 iam

302 2732 331 2770 i.
363 2743 387 2769 a
416 2732 468 2769 N.
497 2731 544 2770 Β.
575 2730 855 2779 progenies
901 2731 946 2769 si
981 2732 1152 2769 tamen
1188 2730 1356 2768 Ninus
1387 2727 1838 2777 regnare‘primus
1867 2743 1925 2754 -·

305 2789 457 2836 solet.
514 2788 581 2824 Ab
611 2787 847 2835 Assyriis
877 2789 957 2825 etc.
1097 2784 1142 2839 3)
1174 2786 1404 2827 Salmasius
1436 2785 1527 2824 cod.
1558 2784 1627 2824 aui
1655 2782 1924 2830 auctoritate,

307 2845 379 2891 qui
408 2845 470 2882 sic
499 2844 622 2893 legit:
683 2846 863 2891 {taque
901 2843 1078 2881 colere
1115 2843 1306 2892 onmia,
1344 2843 1388 2880 si
1425 2842 1619 2880 domum
1656 2837 1925 2887 intelligis

306 2921 362 2928 —
399 2912 626 2939 runcare
670 2903 826 2948 atque
871 2911 1091 2949 ruspare
1137 2899 1403 2946 instituit,
1450 2898 1492 2936 h.
1537 2899 1565 2936 1.
1612 2898 1672 2935 ita
1716 2894 1924 2935 correxit:

306 2955 340 2996 l.
366 2969 401 2994 c.
432 2957 603 2996 omnia
634 2956 698 3006 (si
729 2958 916 2995 demum
946 2956 1215 3005 intelligis
1240 2976 1298 2984 —-
1320 2954 1664 3003 deserentem)
1695 2961 1925 2991 runcare

310 3017 466 3060 atque
489 3016 699 3053 rustare
723 3013 978 3053 instituit.
1007 3013 1254 3052 Rhenanus:
1283 3014 1465 3060 ltaque
1489 3011 1730 3060 cogitans
1754 3006 1926 3047 omnia

311 3069 413 3108 sibi
443 3071 639 3108 domum
669 3070 985 3119 intelligens
1013 3091 1073 3100 -—
1100 3081 1324 3118 ruspare
1355 3067 1610 3107 instituit.
1714 3062 1921 3114 4)Rhep.:

311 3126 617 3175 posteritas,
649 3128 734 3174 qui
762 3127 824 3179 (in
854 3127 918 3166 ed.
947 3129 978 3166 1.
1003 3127 1151 3176 quae)
1182 3123 1798 3174 Temeno-qroducunt.
1826 3117 1921 3159 ssl-

312 3184 489 3223 masius:
522 3184 810 3232 posteritas
841 3184 1062 3222 Temeno
1093 3204 1149 3211 —-
1177 3182 1488 3232 producunt.
