<?xml version="1.0" encoding="UTF-8"?>
<!DOCTYPE html PUBLIC "-//W3C//DTD XHTML 1.0 Transitional//EN"
    "http://www.w3.org/TR/xhtml1/DTD/xhtml1-transitional.dtd">
<html xmlns="http://www.w3.org/1999/xhtml" xml:lang="en" lang="en">
 <head>
  <title>
</title>
<meta http-equiv="Content-Type" content="text/html;charset=utf-8" />
  <meta name='ocr-system' content='tesseract 3.04.00' />
  <meta name='ocr-capabilities' content='ocr_page ocr_carea ocr_par ocr_line ocrx_word'/>
</head>
<body>
  <div class='ocr_page' id='page_1' title='image "./operatert12tertuoft_0022.png"; bbox 0 0 1942 3554; ppageno 0'>
   <div class='ocr_carea' id='block_1_1' title="bbox 269 239 1360 290">
    <p class='ocr_par' dir='ltr' id='par_1_1' title="bbox 269 239 1360 290">
     <span class='ocr_line' id='line_1_1' title="bbox 269 239 1360 290; baseline 0.001 -11"><span class='ocrx_word' id='word_1_1' title='bbox 269 239 343 290; x_wconf 71' lang='lat' dir='ltr'><strong>fo</strong></span> <span class='ocrx_word' id='word_1_2' title='bbox 799 240 883 280; x_wconf 82' lang='lat' dir='ltr'><strong>DE</strong></span> <span class='ocrx_word' id='word_1_3' title='bbox 912 240 1360 280; x_wconf 62' lang='lat' dir='ltr'>SPECTAGULISs</span> 
     </span>
    </p>
   </div>
   <div class='ocr_carea' id='block_1_2' title="bbox 264 379 1891 444">
    <p class='ocr_par' dir='ltr' id='par_1_2' title="bbox 264 379 1891 444">
     <span class='ocr_line' id='line_1_2' title="bbox 264 379 1891 444; baseline 0.001 -16"><span class='ocrx_word' id='word_1_4' title='bbox 264 382 448 444; x_wconf 77' lang='lat' dir='ltr'><strong>piorum</strong></span> <span class='ocrx_word' id='word_1_5' title='bbox 479 379 672 436; x_wconf 89' lang='lat' dir='ltr'><strong>abierit,</strong></span> <span class='ocrx_word' id='word_1_6' title='bbox 706 387 755 426; x_wconf 92' lang='lat' dir='ltr'><strong>et</strong></span> <span class='ocrx_word' id='word_1_7' title='bbox 783 379 830 425; x_wconf 91' lang='lat' dir='ltr'><strong>in</strong></span> <span class='ocrx_word' id='word_1_8' title='bbox 862 394 1136 443; x_wconf 86' lang='lat' dir='ltr'><strong>quacunque</strong></span> <span class='ocrx_word' id='word_1_9' title='bbox 1167 381 1241 427; x_wconf 87' lang='lat' dir='ltr'><strong>via</strong></span> <span class='ocrx_word' id='word_1_10' title='bbox 1271 386 1578 444; x_wconf 72' lang='lat' dir='ltr'><strong>‘peecatorum</strong></span> <span class='ocrx_word' id='word_1_11' title='bbox 1607 381 1809 439; x_wconf 57' lang='lat' dir='ltr'><strong>steterit,</strong></span> <span class='ocrx_word' id='word_1_12' title='bbox 1841 390 1891 429; x_wconf 86' lang='lat' dir='ltr'><strong>et</strong></span> 
     </span>
    </p>
   </div>
   <div class='ocr_carea' id='block_1_3' title="bbox 265 447 1942 584">
    <p class='ocr_par' dir='ltr' id='par_1_3' title="bbox 265 447 1942 584">
     <span class='ocr_line' id='line_1_3' title="bbox 265 447 1942 515; baseline 0.001 -18"><span class='ocrx_word' id='word_1_13' title='bbox 265 452 314 497; x_wconf 80' lang='lat' dir='ltr'><strong>iu</strong></span> <span class='ocrx_word' id='word_1_14' title='bbox 345 461 620 515; x_wconf 78' lang='lat' dir='ltr'><strong>quacunque</strong></span> <span class='ocrx_word' id='word_1_15' title='bbox 652 447 878 496; x_wconf 80' lang='lat' dir='ltr'>cathedra</span> <span class='ocrx_word' id='word_1_16' title='bbox 907 450 1106 512; x_wconf 78' lang='lat' dir='ltr'><strong>pestium</strong></span> <span class='ocrx_word' id='word_1_17' title='bbox 1138 449 1331 497; x_wconf 87' lang='lat' dir='ltr'><strong>sederit.</strong></span> <span class='ocrx_word' id='word_1_18' title='bbox 1388 448 1690 498; x_wconf 86' lang='lat' dir='ltr'><strong>Generaliter</strong></span> <span class='ocrx_word' id='word_1_19' title='bbox 1713 447 1889 498; x_wconf 78' lang='lat' dir='ltr'><strong>dictum</strong></span> <span class='ocrx_word' id='word_1_20' title='bbox 1918 462 1942 498; x_wconf 71' lang='lat' dir='ltr'>J</span> 
     </span>
     <span class='ocr_line' id='line_1_4' title="bbox 265 517 1942 584; baseline 0.001 -18"><span class='ocrx_word' id='word_1_21' title='bbox 265 520 609 583; x_wconf 79' lang='lat' dir='ltr'><strong>intelligamus,</strong></span> <span class='ocrx_word' id='word_1_22' title='bbox 644 527 747 565; x_wconf 87' lang='lat' dir='ltr'><strong>cum</strong></span> <span class='ocrx_word' id='word_1_23' title='bbox 780 517 890 582; x_wconf 87' lang='lat' dir='ltr'><strong>quid</strong></span> <span class='ocrx_word' id='word_1_24' title='bbox 921 519 1060 566; x_wconf 85' lang='lat' dir='ltr'><strong>otiam</strong></span> <span class='ocrx_word' id='word_1_25' title='bbox 1097 519 1370 582; x_wconf 83' lang='lat' dir='ltr'><strong>specialiter</strong></span> <span class='ocrx_word' id='word_1_26' title='bbox 1407 520 1711 583; x_wconf 84' lang='lat' dir='ltr'><strong>interpretari</strong></span> <span class='ocrx_word' id='word_1_27' title='bbox 1740 521 1886 584; x_wconf 82' lang='lat' dir='ltr'><strong>capit.</strong></span> <span class='ocrx_word' id='word_1_28' title='bbox 1919 541 1942 577; x_wconf 61' lang='lat' dir='ltr'><em>g</em></span> 
     </span>
    </p>
   </div>
   <div class='ocr_carea' id='block_1_4' title="bbox 262 587 1891 722">
    <p class='ocr_par' dir='ltr' id='par_1_4' title="bbox 262 587 1891 722">
     <span class='ocr_line' id='line_1_5' title="bbox 262 587 1889 652; baseline 0.001 -16"><span class='ocrx_word' id='word_1_29' title='bbox 262 588 384 636; x_wconf 87' lang='lat' dir='ltr'><strong>Nam</strong></span> <span class='ocrx_word' id='word_1_30' title='bbox 433 598 480 636; x_wconf 91' lang='lat' dir='ltr'><strong>et</strong></span> <span class='ocrx_word' id='word_1_31' title='bbox 517 588 792 651; x_wconf 79' lang='lat' dir='ltr'>specialiter</span> <span class='ocrx_word' id='word_1_32' title='bbox 835 587 1061 651; x_wconf 82' lang='lat' dir='ltr'><strong>quaedam</strong></span> <span class='ocrx_word' id='word_1_33' title='bbox 1106 590 1428 652; x_wconf 89' lang='lat' dir='ltr'><strong>pronuntiata,</strong></span> <span class='ocrx_word' id='word_1_34' title='bbox 1485 588 1776 652; x_wconf 82' lang='lat' dir='ltr'><strong>generaliter</strong></span> <span class='ocrx_word' id='word_1_35' title='bbox 1812 605 1889 638; x_wconf 80' lang='lat' dir='ltr'><strong>sa-</strong></span> 
     </span>
     <span class='ocr_line' id='line_1_6' title="bbox 266 655 1891 722; baseline 0.001 -17"><span class='ocrx_word' id='word_1_36' title='bbox 266 655 414 721; x_wconf 88' lang='lat' dir='ltr'><strong>piunt.</strong></span> <span class='ocrx_word' id='word_1_37' title='bbox 494 657 610 704; x_wconf 78' lang='lat' dir='ltr'><strong>Cum</strong></span> <span class='ocrx_word' id='word_1_38' title='bbox 664 656 782 706; x_wconf 87' lang='lat' dir='ltr'><strong>deus</strong></span> <span class='ocrx_word' id='word_1_39' title='bbox 828 657 1069 706; x_wconf 79' lang='lat' dir='ltr'><strong>israelitas</strong></span> <span class='ocrx_word' id='word_1_40' title='bbox 1111 657 1332 706; x_wconf 76' lang='lat' dir='ltr'><strong>admonet</strong></span> <span class='ocrx_word' id='word_1_41' title='bbox 1369 657 1644 722; x_wconf 74' lang='lat' dir='ltr'><strong>disciplinae·</strong></span> <span class='ocrx_word' id='word_1_42' title='bbox 1689 660 1766 707; x_wconf 88' lang='lat' dir='ltr'><strong>vel</strong></span> <span class='ocrx_word' id='word_1_43' title='bbox 1806 660 1891 707; x_wconf 92' lang='lat' dir='ltr'><strong>ob-</strong></span> 
     </span>
    </p>
   </div>
   <div class='ocr_carea' id='block_1_5' title="bbox 266 725 1942 862">
    <p class='ocr_par' dir='ltr' id='par_1_5' title="bbox 266 725 1942 862">
     <span class='ocr_line' id='line_1_7' title="bbox 266 725 1942 793; baseline 0.003 -19"><span class='ocrx_word' id='word_1_44' title='bbox 266 729 444 792; x_wconf 84' lang='lat' dir='ltr'><strong>iurgat,</strong></span> <span class='ocrx_word' id='word_1_45' title='bbox 477 727 637 791; x_wconf 80' lang='lat' dir='ltr'><strong>ntique</strong></span> <span class='ocrx_word' id='word_1_46' title='bbox 669 726 729 774; x_wconf 81' lang='lat' dir='ltr'><strong>ad</strong></span> <span class='ocrx_word' id='word_1_47' title='bbox 760 742 920 775; x_wconf 78' lang='lat' dir='ltr'><strong>omnes</strong></span> <span class='ocrx_word' id='word_1_48' title='bbox 950 727 1115 776; x_wconf 77' lang='lat' dir='ltr'><strong>babet:</strong></span> <span class='ocrx_word' id='word_1_49' title='bbox 1148 744 1250 775; x_wconf 89' lang='lat' dir='ltr'><strong>cum</strong></span> <span class='ocrx_word' id='word_1_50' title='bbox 1274 726 1501 792; x_wconf 70' lang='lat' dir='ltr'><strong>Aegypto</strong></span> <span class='ocrx_word' id='word_1_51' title='bbox 1532 737 1582 777; x_wconf 77' lang='lat' dir='ltr'><strong>et</strong></span> <span class='ocrx_word' id='word_1_52' title='bbox 1601 725 1890 793; x_wconf 74' lang='lat' dir='ltr'><strong>Aethiopiae</strong></span> <span class='ocrx_word' id='word_1_53' title='bbox 1934 763 1942 766; x_wconf 92' lang='lat'><em>-</em></span> 
     </span>
     <span class='ocr_line' id='line_1_8' title="bbox 268 798 1942 862; baseline 0.001 -17"><span class='ocrx_word' id='word_1_54' title='bbox 268 799 461 845; x_wconf 77' lang='lat' dir='ltr'><strong>exitium</strong></span> <span class='ocrx_word' id='word_1_55' title='bbox 479 798 861 860; x_wconf 58' lang='lat' dir='ltr'><strong>comminaturffi),</strong></span> <span class='ocrx_word' id='word_1_56' title='bbox 888 798 934 844; x_wconf 90' lang='lat' dir='ltr'><strong>in</strong></span> <span class='ocrx_word' id='word_1_57' title='bbox 952 813 1135 845; x_wconf 86' lang='lat' dir='ltr'><strong>omnem</strong></span> <span class='ocrx_word' id='word_1_58' title='bbox 1159 799 1890 862; x_wconf 67' lang='lat' dir='ltr'><strong>gentempeeeatricempraein-</strong></span> <span class='ocrx_word' id='word_1_59' title='bbox 1939 811 1942 824; x_wconf 70' lang='lat'><em>⁶</em></span> 
     </span>
    </p>
   </div>
   <div class='ocr_carea' id='block_1_6' title="bbox 267 865 1892 932">
    <p class='ocr_par' dir='ltr' id='par_1_6' title="bbox 267 865 1892 932">
     <span class='ocr_line' id='line_1_9' title="bbox 267 865 1892 932; baseline 0.002 -18"><span class='ocrx_word' id='word_1_60' title='bbox 267 867 409 915; x_wconf 82' lang='lat' dir='ltr'><strong>dieat.</strong></span> <span class='ocrx_word' id='word_1_61' title='bbox 481 865 568 914; x_wconf 65' lang='lat' dir='ltr'><strong>Sic*</strong></span> <span class='ocrx_word' id='word_1_62' title='bbox 595 868 745 914; x_wconf 88' lang='lat' dir='ltr'><strong>omnis</strong></span> <span class='ocrx_word' id='word_1_63' title='bbox 779 880 897 931; x_wconf 86' lang='lat' dir='ltr'><strong>gens</strong></span> <span class='ocrx_word' id='word_1_64' title='bbox 935 869 1182 931; x_wconf 74' lang='lat' dir='ltr'><strong>peccatrix</strong></span> <span class='ocrx_word' id='word_1_65' title='bbox 1217 877 1414 916; x_wconf 72' lang='lat' dir='ltr'><strong>vocatur</strong></span> <span class='ocrx_word' id='word_1_66' title='bbox 1436 866 1688 932; x_wconf 63' lang='lat' dir='ltr'><strong>Aegyptus</strong></span> <span class='ocrx_word' id='word_1_67' title='bbox 1718 877 1767 917; x_wconf 83' lang='lat' dir='ltr'><strong>et</strong></span> <span class='ocrx_word' id='word_1_68' title='bbox 1790 867 1892 918; x_wconf 85' lang='lat' dir='ltr'><strong>Ae-</strong></span> 
     </span>
    </p>
   </div>
   <div class='ocr_carea' id='block_1_7' title="bbox 267 936 1942 1071">
    <p class='ocr_par' dir='ltr' id='par_1_7' title="bbox 267 936 1942 1071">
     <span class='ocr_line' id='line_1_10' title="bbox 267 936 1942 1001; baseline 0.001 -18"><span class='ocrx_word' id='word_1_69' title='bbox 267 937 463 1001; x_wconf 86' lang='lat' dir='ltr'><strong>thiopia,</strong></span> <span class='ocrx_word' id='word_1_70' title='bbox 496 952 523 984; x_wconf 87' lang='lat' dir='ltr'><strong>a</strong></span> <span class='ocrx_word' id='word_1_71' title='bbox 562 938 725 1000; x_wconf 83' lang='lat' dir='ltr'><strong>speeie</strong></span> <span class='ocrx_word' id='word_1_72' title='bbox 764 936 824 985; x_wconf 81' lang='lat' dir='ltr'><strong>ad·</strong></span> <span class='ocrx_word' id='word_1_73' title='bbox 861 950 1029 1001; x_wconf 83' lang='lat' dir='ltr'><strong>genus.</strong></span> <span class='ocrx_word' id='word_1_74' title='bbox 1094 937 1489 996; x_wconf 79' lang='lat' dir='ltr'><strong>Quemadmodum</strong></span> <span class='ocrx_word' id='word_1_75' title='bbox 1523 938 1667 985; x_wconf 74' lang='lat' dir='ltr'><strong>etiam</strong></span> <span class='ocrx_word' id='word_1_76' title='bbox 1701 936 1766 986; x_wconf 73' lang='lat' dir='ltr'><strong>de</strong></span> <span class='ocrx_word' id='word_1_77' title='bbox 1793 938 1883 987; x_wconf 78' lang='lat' dir='ltr'><strong>ori-</strong></span> <span class='ocrx_word' id='word_1_78' title='bbox 1935 977 1942 985; x_wconf 40' lang='grc' dir='ltr'><strong>Ἰ</strong></span> 
     </span>
     <span class='ocr_line' id='line_1_11' title="bbox 267 1007 1890 1071; baseline 0.003 -19"><span class='ocrx_word' id='word_1_79' title='bbox 267 1007 377 1071; x_wconf 86' lang='lat' dir='ltr'><strong>gine</strong></span> <span class='ocrx_word' id='word_1_80' title='bbox 418 1007 794 1070; x_wconf 75' lang='lat' dir='ltr'><strong>spectaculorum</strong></span> <span class='ocrx_word' id='word_1_81' title='bbox 828 1023 964 1055; x_wconf 90' lang='lat' dir='ltr'><strong>omne</strong></span> <span class='ocrx_word' id='word_1_82' title='bbox 995 1009 1321 1071; x_wconf 82' lang='lat' dir='ltr'><strong>spectaculum·</strong></span> <span class='ocrx_word' id='word_1_83' title='bbox 1349 1007 1598 1056; x_wconf 77' lang='lat' dir='ltr'><strong>concilium</strong></span> <span class='ocrx_word' id='word_1_84' title='bbox 1635 1016 1781 1054; x_wconf 51' lang='lat' dir='ltr'><strong>vocat&gt;</strong></span> <span class='ocrx_word' id='word_1_85' title='bbox 1803 1008 1890 1057; x_wconf 84' lang='lat' dir='ltr'><strong>im-</strong></span> 
     </span>
    </p>
   </div>
   <div class='ocr_carea' id='block_1_8' title="bbox 266 1077 1894 1909">
    <p class='ocr_par' dir='ltr' id='par_1_8' title="bbox 266 1077 1097 1141">
     <span class='ocr_line' id='line_1_12' title="bbox 266 1077 1097 1141; baseline 0.001 -17"><span class='ocrx_word' id='word_1_86' title='bbox 266 1078 472 1135; x_wconf 81' lang='lat' dir='ltr'><strong>piorum,</strong></span> <span class='ocrx_word' id='word_1_87' title='bbox 512 1090 540 1124; x_wconf 85' lang='lat' dir='ltr'><strong>a</strong></span> <span class='ocrx_word' id='word_1_88' title='bbox 571 1092 750 1140; x_wconf 87' lang='lat' dir='ltr'><strong>genere</strong></span> <span class='ocrx_word' id='word_1_89' title='bbox 783 1077 842 1125; x_wconf 88' lang='lat' dir='ltr'><strong>ad</strong></span> <span class='ocrx_word' id='word_1_90' title='bbox 873 1078 1097 1141; x_wconf 90' lang='lat' dir='ltr'><strong>speciem.</strong></span> 
     </span>
    </p>

    <p class='ocr_par' dir='ltr' id='par_1_9' title="bbox 266 1145 1894 1909">
     <span class='ocr_line' id='line_1_13' title="bbox 408 1145 1890 1212; baseline 0 -17"><span class='ocrx_word' id='word_1_91' title='bbox 408 1152 456 1197; x_wconf 84' lang='lat'><strong>4.</strong></span> <span class='ocrx_word' id='word_1_92' title='bbox 511 1146 585 1194; x_wconf 89' lang='lat' dir='ltr'><strong>Ne</strong></span> <span class='ocrx_word' id='word_1_93' title='bbox 633 1148 737 1211; x_wconf 80' lang='lat' dir='ltr'><strong>quis</strong></span> <span class='ocrx_word' id='word_1_94' title='bbox 779 1149 1096 1211; x_wconf 87' lang='lat' dir='ltr'><strong>argumentari</strong></span> <span class='ocrx_word' id='word_1_95' title='bbox 1141 1163 1227 1195; x_wconf 90' lang='lat' dir='ltr'><strong>nos</strong></span> <span class='ocrx_word' id='word_1_96' title='bbox 1270 1155 1428 1211; x_wconf 80' lang='lat' dir='ltr'><strong>putet,</strong></span> <span class='ocrx_word' id='word_1_97' title='bbox 1478 1145 1556 1198; x_wconf 72' lang='lat' dir='ltr'><strong>adv</strong></span> <span class='ocrx_word' id='word_1_98' title='bbox 1582 1148 1890 1212; x_wconf 82' lang='lat' dir='ltr'><strong>principalem</strong></span> 
     </span>
     <span class='ocr_line' id='line_1_14' title="bbox 269 1218 1891 1282; baseline 0.001 -17"><span class='ocrx_word' id='word_1_99' title='bbox 269 1218 599 1265; x_wconf 55' lang='lat' dir='ltr'><strong>auctoritatem</strong></span> <span class='ocrx_word' id='word_1_100' title='bbox 631 1227 885 1264; x_wconf 74' lang='lat' dir='ltr'><strong>convertar</strong></span> <span class='ocrx_word' id='word_1_101' title='bbox 914 1219 1058 1281; x_wconf 92' lang='lat' dir='ltr'><strong>ipsius</strong></span> <span class='ocrx_word' id='word_1_102' title='bbox 1089 1218 1321 1281; x_wconf 74' lang='lat' dir='ltr'><strong>signaculi</strong></span> <span class='ocrx_word' id='word_1_103' title='bbox 1351 1218 1517 1266; x_wconf 77' lang='lat' dir='ltr'><strong>nostri.</strong></span> <span class='ocrx_word' id='word_1_104' title='bbox 1580 1218 1693 1265; x_wconf 88' lang='lat' dir='ltr'><strong>Cum</strong></span> <span class='ocrx_word' id='word_1_105' title='bbox 1725 1234 1891 1282; x_wconf 81' lang='lat' dir='ltr'><strong>aquam</strong></span> 
     </span>
     <span class='ocr_line' id='line_1_15' title="bbox 266 1285 1889 1351; baseline 0.001 -17"><span class='ocrx_word' id='word_1_106' title='bbox 266 1287 470 1351; x_wconf 83' lang='lat' dir='ltr'><strong>ingrcssi</strong></span> <span class='ocrx_word' id='word_1_107' title='bbox 504 1285 816 1334; x_wconf 83' lang='lat' dir='ltr'><strong>Christianam</strong></span> <span class='ocrx_word' id='word_1_108' title='bbox 855 1287 995 1335; x_wconf 86' lang='lat' dir='ltr'><strong>fidem</strong></span> <span class='ocrx_word' id='word_1_109' title='bbox 1034 1289 1079 1334; x_wconf 90' lang='lat' dir='ltr'><strong>in</strong></span> <span class='ocrx_word' id='word_1_110' title='bbox 1118 1288 1237 1351; x_wconf 84' lang='lat' dir='ltr'><strong>legis</strong></span> <span class='ocrx_word' id='word_1_111' title='bbox 1276 1302 1390 1335; x_wconf 86' lang='lat' dir='ltr'><strong>suae</strong></span> <span class='ocrx_word' id='word_1_112' title='bbox 1425 1287 1572 1335; x_wconf 79' lang='lat' dir='ltr'><strong>verba</strong></span> <span class='ocrx_word' id='word_1_113' title='bbox 1601 1287 1889 1351; x_wconf 84' lang='lat' dir='ltr'><strong>profitemur,</strong></span> 
     </span>
     <span class='ocr_line' id='line_1_16' title="bbox 266 1356 1893 1422; baseline 0.001 -18"><span class='ocrx_word' id='word_1_114' title='bbox 266 1358 562 1405; x_wconf 80' lang='lat' dir='ltr'><strong>renuntiasse</strong></span> <span class='ocrx_word' id='word_1_115' title='bbox 615 1372 701 1404; x_wconf 90' lang='lat' dir='ltr'><strong>nos</strong></span> <span class='ocrx_word' id='word_1_116' title='bbox 748 1356 936 1405; x_wconf 87' lang='lat' dir='ltr'><strong>diabolo</strong></span> <span class='ocrx_word' id='word_1_117' title='bbox 983 1366 1032 1405; x_wconf 88' lang='lat' dir='ltr'><strong>et</strong></span> <span class='ocrx_word' id='word_1_118' title='bbox 1081 1373 1278 1422; x_wconf 85' lang='lat' dir='ltr'><strong>pompae</strong></span> <span class='ocrx_word' id='word_1_119' title='bbox 1331 1366 1382 1406; x_wconf 91' lang='lat' dir='ltr'><strong>et</strong></span> <span class='ocrx_word' id='word_1_120' title='bbox 1423 1357 1606 1422; x_wconf 83' lang='lat' dir='ltr'><strong>augelis</strong></span> <span class='ocrx_word' id='word_1_121' title='bbox 1653 1357 1755 1406; x_wconf 83' lang='lat' dir='ltr'><strong>eius</strong></span> <span class='ocrx_word' id='word_1_122' title='bbox 1807 1374 1893 1407; x_wconf 85' lang='lat' dir='ltr'><strong>ore</strong></span> 
     </span>
     <span class='ocr_line' id='line_1_17' title="bbox 266 1426 1892 1492; baseline 0 -18"><span class='ocrx_word' id='word_1_123' title='bbox 266 1436 430 1474; x_wconf 74' lang='lat' dir='ltr'><strong>nostru</strong></span> <span class='ocrx_word' id='word_1_124' title='bbox 465 1435 801 1475; x_wconf 68' lang='lat' dir='ltr'><strong>contestamur.</strong></span> <span class='ocrx_word' id='word_1_125' title='bbox 867 1426 991 1487; x_wconf 83' lang='lat' dir='ltr'><strong>Quid</strong></span> <span class='ocrx_word' id='word_1_126' title='bbox 1020 1429 1111 1475; x_wconf 85' lang='lat' dir='ltr'><strong>erit</strong></span> <span class='ocrx_word' id='word_1_127' title='bbox 1143 1444 1367 1475; x_wconf 88' lang='lat' dir='ltr'><strong>summum</strong></span> <span class='ocrx_word' id='word_1_128' title='bbox 1397 1444 1454 1476; x_wconf 88' lang='lat' dir='ltr'><strong>ac</strong></span> <span class='ocrx_word' id='word_1_129' title='bbox 1484 1428 1811 1492; x_wconf 83' lang='lat' dir='ltr'><strong>praecipuum,</strong></span> <span class='ocrx_word' id='word_1_130' title='bbox 1845 1429 1892 1475; x_wconf 89' lang='lat' dir='ltr'><strong>iu</strong></span> 
     </span>
     <span class='ocr_line' id='line_1_18' title="bbox 269 1494 1892 1562; baseline 0.001 -19"><span class='ocrx_word' id='word_1_131' title='bbox 269 1509 360 1560; x_wconf 84' lang='lat' dir='ltr'><strong>quo</strong></span> <span class='ocrx_word' id='word_1_132' title='bbox 401 1494 612 1544; x_wconf 74' lang='lat' dir='ltr'><strong>diabolus</strong></span> <span class='ocrx_word' id='word_1_133' title='bbox 659 1506 710 1545; x_wconf 88' lang='lat' dir='ltr'><strong>et</strong></span> <span class='ocrx_word' id='word_1_134' title='bbox 743 1514 941 1561; x_wconf 87' lang='lat' dir='ltr'><strong>pompae</strong></span> <span class='ocrx_word' id='word_1_135' title='bbox 982 1507 1030 1545; x_wconf 92' lang='lat' dir='ltr'><strong>et</strong></span> <span class='ocrx_word' id='word_1_136' title='bbox 1067 1499 1225 1561; x_wconf 82' lang='lat' dir='ltr'><strong>angeli</strong></span> <span class='ocrx_word' id='word_1_137' title='bbox 1265 1499 1365 1545; x_wconf 89' lang='lat' dir='ltr'><strong>cius</strong></span> <span class='ocrx_word' id='word_1_138' title='bbox 1403 1506 1708 1555; x_wconf 79' lang='lat' dir='ltr'><strong>censeantur,</strong></span> <span class='ocrx_word' id='word_1_139' title='bbox 1757 1514 1892 1562; x_wconf 82' lang='lat' dir='ltr'><strong>quam</strong></span> 
     </span>
     <span class='ocr_line' id='line_1_19' title="bbox 268 1565 1893 1632; baseline 0.001 -19"><span class='ocrx_word' id='word_1_140' title='bbox 268 1565 572 1614; x_wconf 70' lang='lat' dir='ltr'><strong>idololatria?</strong></span> <span class='ocrx_word' id='word_1_141' title='bbox 624 1582 684 1614; x_wconf 75' lang='lat' dir='ltr'><strong>ex</strong></span> <span class='ocrx_word' id='word_1_142' title='bbox 730 1584 818 1632; x_wconf 82' lang='lat' dir='ltr'><strong>qua</strong></span> <span class='ocrx_word' id='word_1_143' title='bbox 864 1569 1013 1615; x_wconf 87' lang='lat' dir='ltr'><strong>omnis</strong></span> <span class='ocrx_word' id='word_1_144' title='bbox 1059 1567 1323 1615; x_wconf 78' lang='lat' dir='ltr'><strong>immundus·</strong></span> <span class='ocrx_word' id='word_1_145' title='bbox 1361 1577 1410 1616; x_wconf 91' lang='lat' dir='ltr'><strong>et</strong></span> <span class='ocrx_word' id='word_1_146' title='bbox 1447 1580 1643 1632; x_wconf 77' lang='lat' dir='ltr'><strong>nequam</strong></span> <span class='ocrx_word' id='word_1_147' title='bbox 1683 1569 1893 1632; x_wconf 87' lang='lat' dir='ltr'><strong>spiritus,</strong></span> 
     </span>
     <span class='ocr_line' id='line_1_20' title="bbox 267 1635 1894 1701; baseline 0.001 -18"><span class='ocrx_word' id='word_1_148' title='bbox 267 1645 320 1684; x_wconf 92' lang='lat' dir='ltr'><strong>ut</strong></span> <span class='ocrx_word' id='word_1_149' title='bbox 348 1638 413 1683; x_wconf 87' lang='lat' dir='ltr'><strong>ita</strong></span> <span class='ocrx_word' id='word_1_150' title='bbox 445 1635 667 1695; x_wconf 80' lang='lat' dir='ltr'><strong>dixerim,</strong></span> <span class='ocrx_word' id='word_1_151' title='bbox 715 1639 825 1701; x_wconf 83' lang='lat' dir='ltr'><strong>quia</strong></span> <span class='ocrx_word' id='word_1_152' title='bbox 853 1654 941 1685; x_wconf 79' lang='lat' dir='ltr'><strong>nec</strong></span> <span class='ocrx_word' id='word_1_153' title='bbox 975 1637 1147 1685; x_wconf 84' lang='lat' dir='ltr'><strong>diutins</strong></span> <span class='ocrx_word' id='word_1_154' title='bbox 1179 1638 1239 1686; x_wconf 85' lang='lat' dir='ltr'><strong>de</strong></span> <span class='ocrx_word' id='word_1_155' title='bbox 1269 1639 1375 1685; x_wconf 92' lang='lat' dir='ltr'><strong>hoc.</strong></span> <span class='ocrx_word' id='word_1_156' title='bbox 1444 1638 1594 1701; x_wconf 83' lang='lat' dir='ltr'><strong>Igitur</strong></span> <span class='ocrx_word' id='word_1_157' title='bbox 1624 1639 1666 1685; x_wconf 91' lang='lat' dir='ltr'><strong>si</strong></span> <span class='ocrx_word' id='word_1_158' title='bbox 1698 1651 1760 1685; x_wconf 81' lang='lat' dir='ltr'><strong>ex</strong></span> <span class='ocrx_word' id='word_1_159' title='bbox 1788 1637 1894 1687; x_wconf 83' lang='lat' dir='ltr'><strong>ido-</strong></span> 
     </span>
     <span class='ocr_line' id='line_1_21' title="bbox 273 1706 1892 1772; baseline 0.001 -19"><span class='ocrx_word' id='word_1_160' title='bbox 273 1707 462 1754; x_wconf 84' lang='lat' dir='ltr'><strong>lolatria</strong></span> <span class='ocrx_word' id='word_1_161' title='bbox 493 1706 760 1755; x_wconf 77' lang='lat' dir='ltr'><strong>universam</strong></span> <span class='ocrx_word' id='word_1_162' title='bbox 801 1708 1180 1771; x_wconf 71' lang='lat' dir='ltr'><strong>spectaculorum</strong></span> <span class='ocrx_word' id='word_1_163' title='bbox 1219 1717 1485 1772; x_wconf 77' lang='lat' dir='ltr'><strong>paraturam</strong></span> <span class='ocrx_word' id='word_1_164' title='bbox 1526 1717 1746 1755; x_wconf 84' lang='lat' dir='ltr'><strong>constare</strong></span> <span class='ocrx_word' id='word_1_165' title='bbox 1779 1723 1892 1756; x_wconf 88' lang='lat' dir='ltr'><strong>con-</strong></span> 
     </span>
     <span class='ocr_line' id='line_1_22' title="bbox 269 1776 1893 1840; baseline 0.001 -17"><span class='ocrx_word' id='word_1_166' title='bbox 269 1777 471 1834; x_wconf 68' lang='lat' dir='ltr'><strong>stiterit,</strong></span> <span class='ocrx_word' id='word_1_167' title='bbox 521 1776 780 1823; x_wconf 81' lang='lat' dir='ltr'><strong>indubitate</strong></span> <span class='ocrx_word' id='word_1_168' title='bbox 820 1778 1190 1840; x_wconf 83' lang='lat' dir='ltr'><strong>praeiudicatum</strong></span> <span class='ocrx_word' id='word_1_169' title='bbox 1230 1780 1321 1826; x_wconf 87' lang='lat' dir='ltr'><strong>erit</strong></span> <span class='ocrx_word' id='word_1_170' title='bbox 1359 1778 1498 1824; x_wconf 78' lang='lat' dir='ltr'><strong>etiam</strong></span> <span class='ocrx_word' id='word_1_171' title='bbox 1531 1776 1590 1824; x_wconf 84' lang='lat' dir='ltr'><strong>ad</strong></span> <span class='ocrx_word' id='word_1_172' title='bbox 1620 1778 1893 1840; x_wconf 86' lang='lat' dir='ltr'><strong>spectacula</strong></span> 
     </span>
     <span class='ocr_line' id='line_1_23' title="bbox 268 1847 1891 1909; baseline 0.002 -17"><span class='ocrx_word' id='word_1_173' title='bbox 268 1847 511 1909; x_wconf 80' lang='lat' dir='ltr'><strong>pertinere</strong></span> <span class='ocrx_word' id='word_1_174' title='bbox 563 1847 924 1893; x_wconf 87' lang='lat' dir='ltr'><strong>renuntiationis</strong></span> <span class='ocrx_word' id='word_1_175' title='bbox 977 1855 1163 1893; x_wconf 88' lang='lat' dir='ltr'><strong>nostrae</strong></span> <span class='ocrx_word' id='word_1_176' title='bbox 1217 1847 1531 1893; x_wconf 82' lang='lat' dir='ltr'><strong>testimonium·</strong></span> <span class='ocrx_word' id='word_1_177' title='bbox 1583 1848 1630 1893; x_wconf 90' lang='lat' dir='ltr'><strong>in</strong></span> <span class='ocrx_word' id='word_1_178' title='bbox 1683 1847 1891 1905; x_wconf 83' lang='lat' dir='ltr'><strong>lavacro,</strong></span> 
     </span>
    </p>
   </div>
   <div class='ocr_carea' id='block_1_9' title="bbox 1921 1245 1942 1802">
    <p class='ocr_par' dir='ltr' id='par_1_10' title="bbox 1917 1245 1942 1802">
     <span class='ocr_line' id='line_1_24' title="bbox 1925 1245 1942 1522; baseline 0 0"><span class='ocrx_word' id='word_1_179' title='bbox 1925 1245 1942 1522; x_wconf 64' lang='grc' dir='ltr'><em>ἕ</em></span> 
     </span>
     <span class='ocr_line' id='line_1_25' title="bbox 1921 1647 1942 1802; baseline 0 -1"><span class='ocrx_word' id='word_1_180' title='bbox 1921 1647 1942 1802; x_wconf 53' lang='grc' dir='ltr'><strong>Ξ,</strong></span> 
     </span>
    </p>
   </div>
   <div class='ocr_carea' id='block_1_10' title="bbox 271 1912 1942 1982">
    <p class='ocr_par' dir='ltr' id='par_1_11' title="bbox 271 1912 1942 1982">
     <span class='ocr_line' id='line_1_26' title="bbox 271 1912 1942 1982; baseline -0.001 -20"><span class='ocrx_word' id='word_1_181' title='bbox 271 1931 388 1979; x_wconf 87' lang='lat' dir='ltr'><strong>quae</strong></span> <span class='ocrx_word' id='word_1_182' title='bbox 436 1912 624 1963; x_wconf 82' lang='lat' dir='ltr'><strong>diabolo</strong></span> <span class='ocrx_word' id='word_1_183' title='bbox 673 1924 722 1963; x_wconf 88' lang='lat' dir='ltr'><strong>et</strong></span> <span class='ocrx_word' id='word_1_184' title='bbox 765 1932 961 1979; x_wconf 88' lang='lat' dir='ltr'><strong>pompae</strong></span> <span class='ocrx_word' id='word_1_185' title='bbox 1010 1926 1057 1963; x_wconf 87' lang='lat' dir='ltr'><strong>et</strong></span> <span class='ocrx_word' id='word_1_186' title='bbox 1101 1916 1282 1979; x_wconf 83' lang='lat' dir='ltr'><strong>angelis</strong></span> <span class='ocrx_word' id='word_1_187' title='bbox 1329 1917 1432 1963; x_wconf 82' lang='lat' dir='ltr'><strong>eius</strong></span> <span class='ocrx_word' id='word_1_188' title='bbox 1475 1917 1567 1962; x_wconf 88' lang='lat' dir='ltr'><strong>sint</strong></span> <span class='ocrx_word' id='word_1_189' title='bbox 1611 1918 1891 1982; x_wconf 83' lang='lat' dir='ltr'><strong>mancipata,</strong></span> <span class='ocrx_word' id='word_1_190' title='bbox 1924 1915 1942 1960; x_wconf 63' lang='grc' dir='ltr'><strong>ὲ*</strong></span> 
     </span>
    </p>
   </div>
   <div class='ocr_carea' id='block_1_11' title="bbox 269 1984 1915 2050">
    <p class='ocr_par' dir='ltr' id='par_1_12' title="bbox 269 1984 1915 2050">
     <span class='ocr_line' id='line_1_27' title="bbox 269 1984 1915 2050; baseline 0.002 -18"><span class='ocrx_word' id='word_1_191' title='bbox 269 1986 456 2033; x_wconf 89' lang='lat' dir='ltr'><strong>scilicet</strong></span> <span class='ocrx_word' id='word_1_192' title='bbox 493 1999 581 2048; x_wconf 87' lang='lat' dir='ltr'><strong>per</strong></span> <span class='ocrx_word' id='word_1_193' title='bbox 619 1984 950 2033; x_wconf 86' lang='lat' dir='ltr'><strong>idololatriam.</strong></span> <span class='ocrx_word' id='word_1_194' title='bbox 1032 1986 1509 2034; x_wconf 86' lang='lat' dir='ltr'><strong>Commemorabimus</strong></span> <span class='ocrx_word' id='word_1_195' title='bbox 1548 1987 1759 2050; x_wconf 71' lang='lat' dir='ltr'><strong>origines</strong></span> <span class='ocrx_word' id='word_1_196' title='bbox 1797 1988 1915 2036; x_wconf 45' lang='lat' dir='ltr'><strong>siu-1</strong></span> 
     </span>
    </p>
   </div>
   <div class='ocr_carea' id='block_1_12' title="bbox 1921 1987 1935 2013">
    <p class='ocr_par' dir='ltr' id='par_1_13' title="bbox 1921 1987 1935 2013">
     <span class='ocr_line' id='line_1_28' title="bbox 1921 1987 1935 2013; baseline 0 0"><span class='ocrx_word' id='word_1_197' title='bbox 1921 1987 1935 2013; x_wconf 60' lang='lat' dir='ltr'><strong>*l</strong></span> 
     </span>
    </p>
   </div>
   <div class='ocr_carea' id='block_1_13' title="bbox 268 2054 1937 2258">
    <p class='ocr_par' dir='ltr' id='par_1_14' title="bbox 268 2054 1937 2258">
     <span class='ocr_line' id='line_1_29' title="bbox 271 2054 1937 2118; baseline 0.003 -18"><span class='ocrx_word' id='word_1_198' title='bbox 271 2055 508 2118; x_wconf 73' lang='lat' dir='ltr'><strong>gaiorum,</strong></span> <span class='ocrx_word' id='word_1_199' title='bbox 542 2054 711 2117; x_wconf 85' lang='lat' dir='ltr'><strong>quibus</strong></span> <span class='ocrx_word' id='word_1_200' title='bbox 741 2056 787 2101; x_wconf 91' lang='lat' dir='ltr'><strong>in</strong></span> <span class='ocrx_word' id='word_1_201' title='bbox 821 2055 1061 2102; x_wconf 88' lang='lat' dir='ltr'><strong>cunabulis</strong></span> <span class='ocrx_word' id='word_1_202' title='bbox 1093 2057 1139 2102; x_wconf 91' lang='lat' dir='ltr'><strong>in</strong></span> <span class='ocrx_word' id='word_1_203' title='bbox 1172 2056 1335 2103; x_wconf 86' lang='lat' dir='ltr'><strong>seculo</strong></span> <span class='ocrx_word' id='word_1_204' title='bbox 1368 2054 1686 2106; x_wconf 86' lang='lat' dir='ltr'><strong>adoleverint:</strong></span> <span class='ocrx_word' id='word_1_205' title='bbox 1720 2056 1890 2105; x_wconf 78' lang='lat' dir='ltr'><strong>exinde</strong></span> <span class='ocrx_word' id='word_1_206' title='bbox 1920 2074 1937 2089; x_wconf 61' lang='lat'><strong><em>³</em></strong></span> 
     </span>
     <span class='ocr_line' id='line_1_30' title="bbox 268 2123 1935 2189; baseline 0.002 -19"><span class='ocrx_word' id='word_1_207' title='bbox 268 2125 432 2170; x_wconf 76' lang='lat' dir='ltr'><strong>titulos</strong></span> <span class='ocrx_word' id='word_1_208' title='bbox 464 2123 775 2187; x_wconf 82' lang='lat' dir='ltr'><strong>quorundam,</strong></span> <span class='ocrx_word' id='word_1_209' title='bbox 833 2125 995 2188; x_wconf 86' lang='lat' dir='ltr'><strong>quibus</strong></span> <span class='ocrx_word' id='word_1_210' title='bbox 1027 2125 1289 2172; x_wconf 87' lang='lat' dir='ltr'><strong>nominibus</strong></span> <span class='ocrx_word' id='word_1_211' title='bbox 1322 2134 1668 2189; x_wconf 84' lang='lat' dir='ltr'><strong>nuncupentur,</strong></span> <span class='ocrx_word' id='word_1_212' title='bbox 1718 2125 1890 2173; x_wconf 86' lang='lat' dir='ltr'><strong>exinde</strong></span> <span class='ocrx_word' id='word_1_213' title='bbox 1929 2126 1935 2157; x_wconf 59' lang='grc' dir='ltr'><strong>ἕ</strong></span> 
     </span>
     <span class='ocr_line' id='line_1_31' title="bbox 270 2193 1931 2258; baseline 0.002 -19"><span class='ocrx_word' id='word_1_214' title='bbox 270 2202 543 2257; x_wconf 71' lang='lat' dir='ltr'><strong>apparatus,</strong></span> <span class='ocrx_word' id='word_1_215' title='bbox 599 2193 762 2257; x_wconf 89' lang='lat' dir='ltr'><strong>quibus</strong></span> <span class='ocrx_word' id='word_1_216' title='bbox 807 2195 1215 2258; x_wconf 87' lang='lat' dir='ltr'><strong>superstitionibus</strong></span> <span class='ocrx_word' id='word_1_217' title='bbox 1256 2196 1565 2242; x_wconf 85' lang='lat' dir='ltr'><strong>instruantur:</strong></span> <span class='ocrx_word' id='word_1_218' title='bbox 1621 2204 1714 2242; x_wconf 88' lang='lat' dir='ltr'><strong>tum</strong></span> <span class='ocrx_word' id='word_1_219' title='bbox 1768 2197 1889 2254; x_wconf 86' lang='lat' dir='ltr'><strong>loca,</strong></span> <span class='ocrx_word' id='word_1_220' title='bbox 1914 2206 1931 2226; x_wconf 64' lang='lat'>³</span> 
     </span>
    </p>
   </div>
   <div class='ocr_carea' id='block_1_14' title="bbox 270 2263 1891 2399">
    <p class='ocr_par' dir='ltr' id='par_1_15' title="bbox 270 2263 1891 2399">
     <span class='ocr_line' id='line_1_32' title="bbox 270 2263 1890 2329; baseline 0.002 -19"><span class='ocrx_word' id='word_1_221' title='bbox 270 2264 436 2327; x_wconf 88' lang='lat' dir='ltr'><strong>quibus</strong></span> <span class='ocrx_word' id='word_1_222' title='bbox 470 2263 770 2311; x_wconf 72' lang='lat' dir='ltr'><strong>Pmesidibus</strong></span> <span class='ocrx_word' id='word_1_223' title='bbox 803 2264 1042 2312; x_wconf 71' lang='lat' dir='ltr'><strong>dicentur:</strong></span> <span class='ocrx_word' id='word_1_224' title='bbox 1097 2273 1189 2311; x_wconf 90' lang='lat' dir='ltr'><strong>tum</strong></span> <span class='ocrx_word' id='word_1_225' title='bbox 1221 2274 1372 2322; x_wconf 85' lang='lat' dir='ltr'><strong>artes,</strong></span> <span class='ocrx_word' id='word_1_226' title='bbox 1420 2265 1584 2329; x_wconf 90' lang='lat' dir='ltr'><strong>quibus</strong></span> <span class='ocrx_word' id='word_1_227' title='bbox 1616 2266 1890 2314; x_wconf 86' lang='lat' dir='ltr'><strong>auctoribus</strong></span> 
     </span>
     <span class='ocr_line' id='line_1_33' title="bbox 270 2332 1891 2399; baseline 0.002 -19"><span class='ocrx_word' id='word_1_228' title='bbox 270 2334 571 2397; x_wconf 70' lang='lat' dir='ltr'><strong>deputentur.</strong></span> <span class='ocrx_word' id='word_1_229' title='bbox 645 2332 694 2381; x_wconf 79' lang='lat' dir='ltr'><strong>Si</strong></span> <span class='ocrx_word' id='word_1_230' title='bbox 735 2333 844 2397; x_wconf 83' lang='lat' dir='ltr'><strong>quid</strong></span> <span class='ocrx_word' id='word_1_231' title='bbox 884 2350 943 2383; x_wconf 84' lang='lat' dir='ltr'><strong>cx</strong></span> <span class='ocrx_word' id='word_1_232' title='bbox 974 2335 1046 2381; x_wconf 87' lang='lat' dir='ltr'><strong>his</strong></span> <span class='ocrx_word' id='word_1_233' title='bbox 1079 2351 1170 2382; x_wconf 91' lang='lat' dir='ltr'><strong>non</strong></span> <span class='ocrx_word' id='word_1_234' title='bbox 1202 2334 1257 2382; x_wconf 88' lang='lat' dir='ltr'><strong>ad</strong></span> <span class='ocrx_word' id='word_1_235' title='bbox 1290 2334 1464 2382; x_wconf 86' lang='lat' dir='ltr'><strong>idolum</strong></span> <span class='ocrx_word' id='word_1_236' title='bbox 1502 2337 1803 2399; x_wconf 78' lang='lat' dir='ltr'><strong>pertinuerit,</strong></span> <span class='ocrx_word' id='word_1_237' title='bbox 1843 2335 1891 2384; x_wconf 88' lang='lat' dir='ltr'><strong>id</strong></span> 
     </span>
    </p>
   </div>
   <div class='ocr_carea' id='block_1_15' title="bbox 269 2403 1926 2469">
    <p class='ocr_par' dir='ltr' id='par_1_16' title="bbox 269 2403 1926 2469">
     <span class='ocr_line' id='line_1_34' title="bbox 269 2403 1926 2469; baseline 0.003 -19"><span class='ocrx_word' id='word_1_238' title='bbox 269 2419 424 2467; x_wconf 91' lang='lat' dir='ltr'><strong>neque</strong></span> <span class='ocrx_word' id='word_1_239' title='bbox 456 2403 516 2451; x_wconf 70' lang='lat' dir='ltr'><strong>ad</strong></span> <span class='ocrx_word' id='word_1_240' title='bbox 547 2403 879 2461; x_wconf 86' lang='lat' dir='ltr'><strong>idololatriam,</strong></span> <span class='ocrx_word' id='word_1_241' title='bbox 921 2420 1073 2468; x_wconf 89' lang='lat' dir='ltr'><strong>neque</strong></span> <span class='ocrx_word' id='word_1_242' title='bbox 1105 2404 1164 2452; x_wconf 86' lang='lat' dir='ltr'><strong>ad</strong></span> <span class='ocrx_word' id='word_1_243' title='bbox 1195 2414 1403 2452; x_wconf 85' lang='lat' dir='ltr'><strong>nostram</strong></span> <span class='ocrx_word' id='word_1_244' title='bbox 1436 2406 1744 2454; x_wconf 79' lang='lat' dir='ltr'><strong>cierationem</strong></span> <span class='ocrx_word' id='word_1_245' title='bbox 1777 2423 1888 2469; x_wconf 89' lang='lat' dir='ltr'><strong>per·</strong></span> <span class='ocrx_word' id='word_1_246' title='bbox 1908 2450 1926 2468; x_wconf 46' lang='grc' dir='ltr'><strong>,ξ</strong></span> 
     </span>
    </p>
   </div>
   <div class='ocr_carea' id='block_1_16' title="bbox 272 2474 457 2521">
    <p class='ocr_par' dir='ltr' id='par_1_17' title="bbox 272 2474 457 2521">
     <span class='ocr_line' id='line_1_35' title="bbox 272 2474 457 2521; baseline 0 -2"><span class='ocrx_word' id='word_1_247' title='bbox 272 2474 457 2521; x_wconf 88' lang='lat' dir='ltr'><strong>tinebit.</strong></span> 
     </span>
    </p>
   </div>
   <div class='ocr_carea' id='block_1_17' title="bbox 413 2544 1923 2609">
    <p class='ocr_par' dir='ltr' id='par_1_18' title="bbox 413 2544 1923 2609">
     <span class='ocr_line' id='line_1_36' title="bbox 413 2544 1923 2609; baseline 0.003 -19"><span class='ocrx_word' id='word_1_248' title='bbox 413 2548 463 2593; x_wconf 90' lang='lat'><strong>5.</strong></span> <span class='ocrx_word' id='word_1_249' title='bbox 521 2544 591 2591; x_wconf 90' lang='lat' dir='ltr'><strong>De</strong></span> <span class='ocrx_word' id='word_1_250' title='bbox 632 2544 891 2607; x_wconf 88' lang='lat' dir='ltr'><strong>originibus</strong></span> <span class='ocrx_word' id='word_1_251' title='bbox 932 2544 1117 2608; x_wconf 88' lang='lat' dir='ltr'><strong>quidem</strong></span> <span class='ocrx_word' id='word_1_252' title='bbox 1155 2555 1205 2591; x_wconf 93' lang='lat' dir='ltr'><strong>ut</strong></span> <span class='ocrx_word' id='word_1_253' title='bbox 1243 2547 1579 2594; x_wconf 80' lang='lat' dir='ltr'><strong>secretioribus</strong></span> <span class='ocrx_word' id='word_1_254' title='bbox 1626 2555 1674 2594; x_wconf 88' lang='lat' dir='ltr'><strong>et</strong></span> <span class='ocrx_word' id='word_1_255' title='bbox 1711 2548 1923 2609; x_wconf 58' lang='lat' dir='ltr'><strong>ignotis.</strong></span> 
     </span>
    </p>
   </div>
   <div class='ocr_carea' id='block_1_18' title="bbox 266 2614 1917 3100">
    <p class='ocr_par' dir='ltr' id='par_1_19' title="bbox 266 2614 1917 3100">
     <span class='ocr_line' id='line_1_37' title="bbox 268 2614 1886 2680; baseline 0.002 -20"><span class='ocrx_word' id='word_1_256' title='bbox 268 2629 414 2676; x_wconf 87' lang='lat' dir='ltr'><strong>penes</strong></span> <span class='ocrx_word' id='word_1_257' title='bbox 445 2614 601 2676; x_wconf 85' lang='lat' dir='ltr'><strong>plures</strong></span> <span class='ocrx_word' id='word_1_258' title='bbox 633 2624 897 2661; x_wconf 85' lang='lat' dir='ltr'><strong>nostrorum</strong></span> <span class='ocrx_word' id='word_1_259' title='bbox 930 2616 1064 2662; x_wconf 91' lang='lat' dir='ltr'><strong>altius</strong></span> <span class='ocrx_word' id='word_1_260' title='bbox 1081 2616 1126 2674; x_wconf 83' lang='lat'><strong>2)</strong></span> <span class='ocrx_word' id='word_1_261' title='bbox 1168 2631 1255 2663; x_wconf 89' lang='lat' dir='ltr'><strong>nec</strong></span> <span class='ocrx_word' id='word_1_262' title='bbox 1295 2615 1482 2663; x_wconf 88' lang='lat' dir='ltr'><strong>aliunde</strong></span> <span class='ocrx_word' id='word_1_263' title='bbox 1514 2616 1886 2680; x_wconf 85' lang='lat' dir='ltr'><strong>investigandum</strong></span> 
     </span>
     <span class='ocr_line' id='line_1_38' title="bbox 268 2683 1915 2752; baseline 0.002 -23"><span class='ocrx_word' id='word_1_264' title='bbox 268 2684 377 2740; x_wconf 88' lang='lat' dir='ltr'><strong>fuit,</strong></span> <span class='ocrx_word' id='word_1_265' title='bbox 425 2699 558 2746; x_wconf 87' lang='lat' dir='ltr'><strong>quam</strong></span> <span class='ocrx_word' id='word_1_266' title='bbox 592 2683 649 2730; x_wconf 90' lang='lat' dir='ltr'><strong>de</strong></span> <span class='ocrx_word' id='word_1_267' title='bbox 681 2686 998 2732; x_wconf 88' lang='lat' dir='ltr'><strong>instrumentis</strong></span> <span class='ocrx_word' id='word_1_268' title='bbox 1038 2685 1327 2733; x_wconf 87' lang='lat' dir='ltr'><strong>ethnicarum</strong></span> <span class='ocrx_word' id='word_1_269' title='bbox 1360 2687 1614 2733; x_wconf 84' lang='lat' dir='ltr'><strong>literarum.</strong></span> <span class='ocrx_word' id='word_1_270' title='bbox 1691 2686 1915 2752; x_wconf 70' lang='lat' dir='ltr'><strong>Exstant.</strong></span> 
     </span>
     <span class='ocr_line' id='line_1_39' title="bbox 269 2754 1916 2818; baseline 0.002 -18"><span class='ocrx_word' id='word_1_271' title='bbox 269 2761 487 2800; x_wconf 89' lang='lat' dir='ltr'><strong>auctores</strong></span> <span class='ocrx_word' id='word_1_272' title='bbox 520 2754 671 2811; x_wconf 83' lang='lat' dir='ltr'><strong>multi,</strong></span> <span class='ocrx_word' id='word_1_273' title='bbox 727 2757 803 2818; x_wconf 90' lang='lat' dir='ltr'><strong>qui</strong></span> <span class='ocrx_word' id='word_1_274' title='bbox 836 2770 978 2818; x_wconf 85' lang='lat' dir='ltr'><strong>super</strong></span> <span class='ocrx_word' id='word_1_275' title='bbox 1006 2756 1097 2803; x_wconf 82' lang='lat' dir='ltr'><strong>ista</strong></span> <span class='ocrx_word' id='word_1_276' title='bbox 1128 2772 1180 2803; x_wconf 91' lang='lat' dir='ltr'><strong>re</strong></span> <span class='ocrx_word' id='word_1_277' title='bbox 1221 2757 1580 2804; x_wconf 87' lang='lat' dir='ltr'><strong>commentarios</strong></span> <span class='ocrx_word' id='word_1_278' title='bbox 1614 2755 1881 2804; x_wconf 86' lang='lat' dir='ltr'><strong>ediderunt.</strong></span> <span class='ocrx_word' id='word_1_279' title='bbox 1910 2805 1916 2809; x_wconf 79' lang='grc'><strong>,</strong></span> 
     </span>
     <span class='ocr_line' id='line_1_40' title="bbox 266 2821 1884 2890; baseline 0.003 -22"><span class='ocrx_word' id='word_1_280' title='bbox 266 2822 342 2869; x_wconf 88' lang='lat' dir='ltr'><strong>Ab</strong></span> <span class='ocrx_word' id='word_1_281' title='bbox 375 2823 444 2869; x_wconf 90' lang='lat' dir='ltr'><strong>his</strong></span> <span class='ocrx_word' id='word_1_282' title='bbox 476 2821 686 2870; x_wconf 89' lang='lat' dir='ltr'><strong>ludorum</strong></span> <span class='ocrx_word' id='word_1_283' title='bbox 722 2826 858 2888; x_wconf 90' lang='lat' dir='ltr'><strong>origo</strong></span> <span class='ocrx_word' id='word_1_284' title='bbox 898 2827 967 2873; x_wconf 91' lang='lat' dir='ltr'><strong>sic</strong></span> <span class='ocrx_word' id='word_1_285' title='bbox 1008 2825 1224 2873; x_wconf 89' lang='lat' dir='ltr'><strong>traditur.</strong></span> <span class='ocrx_word' id='word_1_286' title='bbox 1301 2825 1461 2890; x_wconf 87' lang='lat' dir='ltr'><strong>Lydos</strong></span> <span class='ocrx_word' id='word_1_287' title='bbox 1501 2839 1561 2874; x_wconf 82' lang='lat' dir='ltr'><strong>ex</strong></span> <span class='ocrx_word' id='word_1_288' title='bbox 1591 2825 1705 2874; x_wconf 85' lang='lat' dir='ltr'><strong>Asia</strong></span> <span class='ocrx_word' id='word_1_289' title='bbox 1735 2834 1884 2874; x_wconf 87' lang='lat' dir='ltr'><strong>trans—</strong></span> 
     </span>
     <span class='ocr_line' id='line_1_41' title="bbox 268 2892 1917 2955; baseline 0.004 -17"><span class='ocrx_word' id='word_1_290' title='bbox 268 2908 411 2939; x_wconf 84' lang='lat' dir='ltr'><strong>venas</strong></span> <span class='ocrx_word' id='word_1_291' title='bbox 459 2894 505 2938; x_wconf 92' lang='lat' dir='ltr'><strong>in</strong></span> <span class='ocrx_word' id='word_1_292' title='bbox 552 2892 773 2941; x_wconf 80' lang='lat' dir='ltr'><strong>Hetruria</strong></span> <span class='ocrx_word' id='word_1_293' title='bbox 819 2896 1114 2954; x_wconf 86' lang='lat' dir='ltr'><strong>consedisse,</strong></span> <span class='ocrx_word' id='word_1_294' title='bbox 1175 2905 1225 2943; x_wconf 91' lang='lat' dir='ltr'><strong>ut</strong></span> <span class='ocrx_word' id='word_1_295' title='bbox 1267 2894 1483 2944; x_wconf 85' lang='lat' dir='ltr'><strong>Timaeus</strong></span> <span class='ocrx_word' id='word_1_296' title='bbox 1530 2897 1702 2955; x_wconf 87' lang='lat' dir='ltr'><strong>refert,</strong></span> <span class='ocrx_word' id='word_1_297' title='bbox 1762 2895 1917 2944; x_wconf 69' lang='lat' dir='ltr'><strong>duce&#39;</strong></span> 
     </span>
     <span class='ocr_line' id='line_1_42' title="bbox 266 2962 1885 3030; baseline 0.001 -20"><span class='ocrx_word' id='word_1_298' title='bbox 266 2962 530 3025; x_wconf 85' lang='lat' dir='ltr'><strong>Tyrrheno,</strong></span> <span class='ocrx_word' id='word_1_299' title='bbox 566 2964 642 3025; x_wconf 91' lang='lat' dir='ltr'><strong>qui</strong></span> <span class='ocrx_word' id='word_1_300' title='bbox 674 2965 806 3010; x_wconf 83' lang='lat' dir='ltr'><strong>fratri</strong></span> <span class='ocrx_word' id='word_1_301' title='bbox 840 2981 923 3013; x_wconf 81' lang='lat' dir='ltr'><strong>suo</strong></span> <span class='ocrx_word' id='word_1_302' title='bbox 958 2975 1171 3014; x_wconf 86' lang='lat' dir='ltr'><strong>cesserat</strong></span> <span class='ocrx_word' id='word_1_303' title='bbox 1202 2968 1337 3030; x_wconf 87' lang='lat' dir='ltr'><strong>regni</strong></span> <span class='ocrx_word' id='word_1_304' title='bbox 1370 2969 1693 3015; x_wconf 79' lang='lat' dir='ltr'><strong>contentione.</strong></span> <span class='ocrx_word' id='word_1_305' title='bbox 1735 2965 1885 3029; x_wconf 81' lang='lat' dir='ltr'><strong>Igitur</strong></span> 
     </span>
     <span class='ocr_line' id='line_1_43' title="bbox 266 3032 1883 3100; baseline 0.004 -23"><span class='ocrx_word' id='word_1_306' title='bbox 266 3032 313 3078; x_wconf 91' lang='lat' dir='ltr'><strong>in</strong></span> <span class='ocrx_word' id='word_1_307' title='bbox 333 3032 552 3079; x_wconf 89' lang='lat' dir='ltr'><strong>Hetruria</strong></span> <span class='ocrx_word' id='word_1_308' title='bbox 576 3034 699 3079; x_wconf 90' lang='lat' dir='ltr'><strong>inter</strong></span> <span class='ocrx_word' id='word_1_309' title='bbox 724 3043 913 3083; x_wconf 87' lang='lat' dir='ltr'><strong>ceteros</strong></span> <span class='ocrx_word' id='word_1_310' title='bbox 939 3038 1054 3084; x_wconf 89' lang='lat' dir='ltr'><strong>ritus</strong></span> <span class='ocrx_word' id='word_1_311' title='bbox 1080 3038 1458 3100; x_wconf 84' lang='lat' dir='ltr'><strong>superstitionum</strong></span> <span class='ocrx_word' id='word_1_312' title='bbox 1483 3038 1666 3086; x_wconf 75' lang='lat' dir='ltr'><strong>suarum</strong></span> <span class='ocrx_word' id='word_1_313' title='bbox 1697 3044 1883 3100; x_wconf 89' lang='lat' dir='ltr'><strong>specta·</strong></span> 
     </span>
    </p>
   </div>
   <div class='ocr_carea' id='block_1_19' title="bbox 380 3186 1542 3239">
    <p class='ocr_par' dir='ltr' id='par_1_20' title="bbox 380 3186 1542 3239">
     <span class='ocr_line' id='line_1_44' title="bbox 380 3186 1542 3239; baseline 0.006 -17"><span class='ocrx_word' id='word_1_314' title='bbox 380 3186 424 3232; x_wconf 83' lang='lat'><strong>1)</strong></span> <span class='ocrx_word' id='word_1_315' title='bbox 456 3187 590 3224; x_wconf 70' lang='lat' dir='ltr'><strong>Exod.</strong></span> <span class='ocrx_word' id='word_1_316' title='bbox 610 3189 675 3236; x_wconf 86' lang='lat'><strong>12,</strong></span> <span class='ocrx_word' id='word_1_317' title='bbox 695 3191 760 3224; x_wconf 84' lang='lat'><strong>12.</strong></span> <span class='ocrx_word' id='word_1_318' title='bbox 883 3194 925 3238; x_wconf 82' lang='lat'><strong>2)</strong></span> <span class='ocrx_word' id='word_1_319' title='bbox 958 3194 1002 3228; x_wconf 90' lang='lat' dir='ltr'><strong>In</strong></span> <span class='ocrx_word' id='word_1_320' title='bbox 1029 3192 1116 3230; x_wconf 85' lang='lat' dir='ltr'><strong>cod.</strong></span> <span class='ocrx_word' id='word_1_321' title='bbox 1141 3192 1366 3239; x_wconf 76' lang='lat' dir='ltr'><strong>Agobardi:</strong></span> <span class='ocrx_word' id='word_1_322' title='bbox 1399 3193 1542 3230; x_wconf 76' lang='lat' dir='ltr'><strong>artis.</strong></span> 
     </span>
    </p>
   </div>
  </div>
 </body>
</html>
