1942 3554
441 235 526 277 DE
558 238 929 277 VIRGINIBUS
960 204 1299 280 VELANIJIS.
1566 237 1681 283 212

27 350 175 414 vrUra,
208 351 391 402 dei'est
420 351 690 417 disciplina3
739 351 959 418 quicquid
991 356 1278 402 contrarium
1310 363 1384 402 est
1427 354 1551 413 istis,
1599 353 1679 403 dei

62 485 73 489 „
110 442 140 473 n
170 433 277 474 est.·
307 422 373 472 'Si
404 425 638 488 scriptura
668 425 853 472 incerta
883 433 977 482 est,
1011 434 1176 473 natura
1208 427 1457 474 manifesta
1488 434 1576 474 est.
1616 426 1679 474 Et

32 491 106 562 Q
136 493 237 545 eius
266 488 538 543 testimonio
570 496 806 559 scriptura
836 497 1021 544 incerta
1051 514 1146 544 non
1177 505 1336 561 potest
1366 513 1497 557 esse3
1545 499 1584 545 si
1616 496 1675 545 de

33 560 212 627 *tura
242 565 503 624 dubitatur,
537 565 784 630 disciplina
817 567 926 631 quid
956 569 1106 631 magis
1138 567 1229 616 deo
1256 577 1407 616 ratum
1432 570 1493 617 sit
1518 578 1676 618 osten-

29 633 147 703 ΕΒ(
187 638 318 687 Nihil
350 646 424 686 est
453 638 522 685 illi
556 640 711 686 carius
741 639 1027 697 humilitate,
1075 639 1191 686 nihil
1238 641 1481 705 acceptius
1512 639 1676 688 mode-

30 703 162 769 nia,
187 710 303 758 nihil
335 710 581 774 operosius
598 711 644 770 1)
678 710 832 772 gloria
863 719 912 757 et
941 709 1096 758 studio
1134 710 1400 759 hominibus
1436 711 1672 776 placendi.

26 775 159 838 fllud
204 783 363 846 itaque
410 782 470 828 sit
514 780 600 827 tibi
646 789 694 828 et
739 782 974 845 scriptura
1019 790 1067 829 et
1112 790 1278 829 natura
1323 792 1372 830 et
1410 781 1673 846 disciplina,

20 851 164 921 ⁴quod
194 861 346 900 ratum
377 850 468 899 deo
500 852 760 908 inveneris,
809 853 932 899 sicut
975 852 1154 900 iuberis
1201 854 1356 900 omnia
1401 855 1673 902 examinare

25 927 88 990 dt
115 923 315 971 meliora
346 937 561 987 quaeque
590 924 766 970 sectari
782 924 846 982 2).
911 921 1142 987 Superest
1172 925 1336 982 etiam,
1377 933 1428 972 ut
1458 924 1518 972 ad
1548 926 1674 990 ipsas

25 993 388 1057 denvertamur,
436 1010 527 1057 quo
573 993 793 1041 libentius
839 994 930 1041 ista
961 995 1235 1058 suscipiant.
1313 995 1408 1043 Oro
1454 1004 1526 1053 te,
1574 997 1672 1043 sive

22 1062 208 1124 finer,
240 1066 340 1113 sive
370 1080 530 1122 soror,
563 1065 661 1112 sive
693 1065 812 1122 fi'lia,
843 1065 1005 1128 virgo,
1039 1065 1294 1113 secundum
1326 1083 1554 1114 annorum
1585 1084 1672 1114 no-

21 1134 159 1198 ssina
189 1135 412 1194 dixerim,
442 1136 551 1183 vela
581 1145 745 1199 caput,
779 1136 818 1183 si
849 1145 1016 1194 mater,
1048 1146 1248 1201 propter
1270 1138 1416 1184 filios:
1450 1139 1489 1185 si
1514 1154 1668 1195 soror,

19 1199 232 1278 ''ropter
261 1209 472 1266 fratres,
493 1208 532 1254 si
564 1207 683 1264 filia,
716 1215 914 1270 propter
943 1216 1126 1271 patres3
1176 1225 1337 1256 omnes
1379 1210 1426 1255 in
1459 1217 1506 1256 te
1538 1217 1671 1256 aeta-

0 1284 108 1333 :wes
137 1279 482 1344 periclitantur.
531 1276 677 1325 Indue
709 1286 992 1326 armaturam
1023 1278 1241 1343 pudoris,
1276 1278 1546 1328 circumduc
1569 1280 1670 1327 val-

0 1336 127 1399 {ulum
170 1348 513 1407 verecundiae,
560 1365 738 1396 murum
784 1351 927 1410 sexui⁴
963 1358 1043 1397 tuo
1090 1359 1241 1408 strue,
1305 1353 1382 1415 qui
1427 1367 1516 1399 nec
1562 1360 1668 1399 tuos

0 1421 216 1477 'comittat
245 1421 433 1478 oculos,
467 1436 556 1468 nec
587 1419 804 1467 admittat
834 1421 1031 1468 alienos.
1078 1419 1298 1486 Adimple
1330 1422 1538 1470 habitum
1568 1440 1668 1470 mu-

16 1488 185 1551 lIIeris,
231 1495 284 1539 'ut
313 1500 483 1539 statum
526 1493 724 1554 virginis
770 1507 955 1550 serves3
1003 1494 1204 1540 mentire
1250 1492 1426 1557 aliquid
1473 1509 1534 1541 ex
1577 1494 1665 1553 his,

0 1556 36 1617 ὀγ
93 1579 150 1611 ae
180 1565 304 1611 intus
335 1572 464 1621 sunt,
497 1572 549 1610 ut
579 1563 668 1610 soli
701 1561 791 1609 deo
825 1563 1052 1611 exhibeas
1082 1566 1355 1622 veritatem,
1390 1581 1666 1629 quamquam

13 1567 124 1691 ignum
155 1635 366 1682 mentiris
397 1643 602 1698 nuptam.
664 1632 878 1697 Nupsisti
910 1636 1034 1682 enim
1068 1634 1282 1693 Christo,
1329 1635 1398 1683 illi
1431 1632 1667 1684 tradidisti

0 1691 219 1765 >‘ofin-nem
251 1714 400 1764 tuam,
431 1706 501 1753 illi
532 1706 767 1769 sponsasti
798 1707 1116 1753 maturitatem
1148 1715 1289 1754 tuam.
1367 1706 1543 1755 Incede
1589 1724 1666 1755 se-

13 1768 231 1927 ·gmdum
262 1778 422 1841 sponsi
452 1778 520 1823 tui
549 1778 854 1824 voluntatem.
919 1771 1132 1824 Christus
1166 1787 1261 1835 est,
1296 1779 1373 1842 qui
1405 1787 1454 1825 et
1484 1779 1664 1826 alienas

10 1866 17 1893 ι
85 1864 224 1896 onsas
255 1857 306 1899 et
333 1848 524 1894 maritas
556 1848 703 1905 velari
734 1848 886 1904 iubet,
920 1850 1078 1911 utique
1111 1850 1255 1896 multo
1288 1849 1436 1912 magis
1467 1866 1588 1897 suas.

23 1975 29 1984 ‚
172 1924 252 1970 17.
316 1917 413 1966 Sed
444 1927 494 1966 et
521 1935 606 1966 vos
636 1917 964 1977 admonemus,
997 1920 1192 1966 alterius
1215 1919 1474 1984 pudicitiae
1499 1922 1662 1969 mulie-

24 2005 127 2047 reS,
162 2005 280 2054 quae
311 1991 358 2037 in
389 1991 573 2054 nuptias
604 1988 859 2047 incidistis,
894 2006 951 2037 nc
985 1991 1051 2037 sic
1084 2007 1113 2037 a
1144 1989 1394 2055 disciplina
1415 1992 1660 2039 velaminis

27 2062 336 2119 exolescatis,
369 2077 428 2108 ne
461 2060 646 2124 quidem
679 2062 729 2107 in
757 2070 993 2108 momento
1019 2062 1191 2120 horae,
1225 2071 1290 2119 ut,
1325 2064 1432 2126 quia
1454 2065 1659 2111 reiicere

19 2132 152 2184 villam
183 2149 276 2179 non
308 2133 530 2196 potestis,
578 2133 672 2179 alio
704 2131 844 2178 modo
878 2131 1154 2190 destruatis,
1194 2150 1346 2198 neque
1386 2142 1543 2182 tectae
1576 2151 1660 2183 ne-

15 2208 24 2214 ’“
86 2219 114 2250 e
145 2202 300 2251 nudae
331 2202 625 2251 incedentes.
687 2203 843 2250 Mitris
889 2205 1011 2250 enim
1058 2213 1107 2251 et
1146 2205 1263 2252 lanis
1303 2204 1531 2268 quaedam
1563 2223 1658 2254 non

84 2275 182 2322 lant
213 2283 375 2343 caput,
409 2273 493 2322 sed
526 2275 774 2337 colligant,
808 2291 836 2321 a
867 2275 1024 2322 fronte
1058 2274 1242 2338 quidem
1269 2285 1533 2339 protectae,
1568 2294 1658 2341 qua

2 2363 3 2367 ¹
57 2347 214 2410 “oprie
246 2355 400 2393 autem
442 2354 582 2409 caput
627 2354 722 2403 est,
770 2344 939 2394 nudae.
1015 2345 1153 2394 Aliae
1200 2346 1385 2395 modice
1433 2349 1655 2405 linteolis,

109 2415 172 2464 do
204 2433 264 2464 ne
297 2425 439 2481 caput
468 2425 705 2481 premant,
740 2433 828 2464 nec
861 2416 920 2463 ad
952 2433 1092 2464 aures
1122 2434 1268 2481 usque
1301 2417 1538 2476 demissiS,
1575 2436 1654 2467 ce-

77 2487 164 2534 bro
190 2496 332 2535 tenus
371 2489 659 2552 operiuntur.
735 2487 993 2544 Misereor,
1041 2489 1080 2534 si
1128 2497 1218 2534 tam
1264 2489 1447 2535 infirmo
1493 2489 1655 2537 auditu

77 2566 149 2616 nt,
182 2567 234 2605 ut
263 2573 358 2622 perv
381 2564 569 2621 tegmen
601 2556 765 2605 audire
798 2575 891 2604 non
923 2560 1118 2621 possint.
1198 2556 1386 2617 Sciant,
1435 2561 1542 2623 quia
1579 2569 1653 2607 to-

67 2639 116 2676 ‘m
148 2637 291 2694 caput
320 2629 488 2676 mulier
518 2637 604 2676 est.
679 2627 876 2675 Limites
915 2637 963 2675 et
993 2628 1110 2676 fines
1143 2630 1243 2676 eius
1275 2646 1333 2677 eo
1366 2646 1510 2694 usque
1541 2648 1652 2695 por-

129 2708 259 2758 ntur,
291 2699 415 2747 unde
447 2700 614 2763 incipit
641 2700 810 2757 vestis3
846 2708 1064 2762 quantum
1096 2701 1293 2748 resoluti
1327 2701 1482 2749 crines
1508 2718 1651 2749 occu-

108 2787 134 2819 e
165 2780 381 2836 possunt,
415 2778 547 2817 tanta
577 2779 650 2817 est
678 2770 921 2817 velaminis
952 2771 1112 2833 regi0,
1145 2780 1196 2818 ut
1227 2773 1439 2820 cervices
1466 2789 1649 2836 quoque

44 2903 46 2905 ‚
128 2843 300 2890 iautur.
365 2842 501 2906 Ipsae
534 2842 656 2888 enim
687 2850 814 2899 sunt,
864 2858 976 2905 quas
1008 2841 1245 2890 subiectas
1292 2859 1395 2890 esse
1443 2853 1647 2907 oportet,

109 2921 217 2978 pter
247 2929 360 2977 quas
390 2921 601 2977 potestas
632 2929 772 2976 supra
805 2921 945 2976 caput
975 2912 1140 2960 haberi
1172 2912 1314 2961 debet
1329 2915 1401 2975 3);
1432 2915 1647 2963 velamen

134 3099 180 3148 1)
197 3098 483 3137 Rhenanus-in
500 3099 562 3138 ed.
580 3101 609 3136 1.
634 3098 936 3148 operosius,
970 3099 1080 3146 quod
1106 3100 1285 3138 mutavit
1308 3101 1352 3139 in
1377 3103 1644 3150 perosius,

87 3165 142 3194 ne
160 3155 335 3199 ,assensi
367 3158 467 3194 sunt
494 3156 702 3206 Rigaltius
734 3158 777 3194 et
807 3154 1031 3194 Pamelius.
1207 3154 1248 3207 2)
1281 3159 1303 3194 1
1330 3158 1479 3198 Thess.
1507 3162 1551 3208 5,
1578 3160 1646 3197 21.

82 3211 221 3253 1‘cor.
240 3213 308 3262 11,
328 3214 393 3251 10.
