1942 3554
643 143 725 181 DE
760 143 1121 182 PATIENTIA.
1619 143 1695 189 12

0 308 1 311 ,
65 260 262 325 ¹alicuius
292 261 364 308 rei
395 257 611 316 adortos,
658 258 785 322 ipsos
815 259 944 323 prius
975 259 1022 305 in
1053 256 1458 308 administratione
1489 259 1589 306 eius
1619 261 1692 308 rei

51 329 380 396 deprehendi,
413 339 462 379 et
493 331 801 378 constantiam
834 328 1161 377 commonendi
1191 331 1412 397 propriae
1439 346 1691 379 conversa-

51 403 204 451 ·tionis
234 403 517 451 auctoritate
550 399 780 464 dirigere,
813 415 871 448 ne
904 399 1031 448 dicta
1061 401 1199 448 factis
1224 399 1551 450 deficientibus
1583 417 1691 450 eru-

60 473 273 523 bescant.
328 475 502 538 'Atque
548 473 724 521 utinam
769 472 1054 520 erubescere
1100 470 1224 519 istud
1261 471 1518 521 remedium
1548 473 1688 532 ferat,

0 582 1 585 η
59 546 128 593 uti
156 543 310 610 pudor
339 561 432 592 non
464 542 740 601 exhibendi,
775 542 899 607 quod
930 544 1034 590 aliis
1066 551 1335 606 suggestum
1373 545 1512 602 imus,
1553 545 1688 592 exhi-

46 615 202 665 ·bendi
232 616 314 663 fiat
343 615 685 678 magisterium,
718 616 807 661 nisi
832 613 955 677 quod
979 614 1208 660 bonorum
1235 613 1522 677 quorundam
1547 617 1686 663 sicuti

42 695 108 736 «et
136 687 361 736 malorum
391 685 702 734 intolerabilis
733 683 1005 748 magnitudo
1039 693 1155 744 est„
1181 692 1232 731 ut
1275 683 1334 731 ad
1367 685 1599 749 capienda
1637 696 1686 734 et

43 756 339 823 Jpraestanda
384 773 443 805 ea
486 757 588 804 sola
631 757 785 818 gratia
830 753 1014 805 divinae
1067 755 1388 818 inspirationis
1441 766 1682 820 operetur.

52 827 181 878 Nam·
207 827 330 893 quod
367 829 567 880 maxime
612 826 807 885 bonum,
853 825 1145 888 idmaxime
1191 842 1338 890 penes
1385 825 1544 884 deum,
1592 843 1682 876 nec

38 900 170 958 ¹iilius
198 897 248 947 id
279 913 415 964 quam
452 899 529 962 qui
565 897 779 963 possidet
823 895 1085 962 dispensat,
1126 905 1183 943 ut
1228 898 1396 962 cuique
1443 896 1679 960 dignatur.

38 968 214 1036 ltaque
243 971 373 1019 velut
402 970 619 1017 solatium
650 970 744 1016 erit
773 967 1013 1033 disputare
1045 984 1187 1032 super
1216 984 1274 1016 eo
1307 968 1431 1033 quod
1462 969 1554 1016 frui
1586 987 1678 1018 non

35 1040 210 1101 datur,
253 1043 359 1090 vice
391 1042 734 1104 languentium,
782 1042 882 1104 qui,
932 1057 1035 1089 cum
1071 1048 1245 1087 vacent
1281 1056 1310 1087 a
1347 1041 1571 1099 sanitate,
1619 1040 1679 1090 de

34 1113 184 1164 'bonis
214 1114 315 1161 eius
344 1121 508 1162 tacere
540 1129 633 1162 non
665 1121 850 1160 norunt.
926 1111 997 1158 Ita
1028 1112 1313 1158 miserrimus
1344 1127 1459 1175 ego,
1492 1128 1680 1176 semper

32 1201 196 1249 :aeger
225 1184 461 1233 caloribus
491 1183 834 1247 impatientiae,
883 1198 1018 1246 quam
1062 1199 1156 1229 non
1195 1181 1386 1230 obtineo
1416 1184 1673 1247 patientiae

46 1257 293 1305 sanitatem
339 1258 394 1303 et'
432 1256 660 1337 suspirem
698 1263 748 1302 et
783 1255 999 1301 invocem
1031 1261 1080 1300 et
1108 1268 1327 1321 perorem
1358 1270 1555 1302 necesse
1587 1263 1676 1314 est,

30 1342 151 1378 cum
181 1325 414 1374 recordor
443 1335 493 1373 et
522 1327 569 1375 in
606 1339 740 1373 meae
779 1325 1116 1373 imbecillitatis
1163 1326 1559 1389 contemplatione
1605 1323 1677 1374 di-

27 1413 185 1463 5gero,
216 1397 388 1445 bonam
418 1396 530 1445 fidei
558 1395 875 1444 valetudinem
907 1405 956 1443 et
987 1395 1250 1443 dominicae
1291 1395 1567 1466 disciplinae
1598 1413 1675 1445 sa-

26 1470 237 1518 ¹uitatem
268 1485 362 1516 non
392 1468 550 1516 facile
568 1469 805 1531 cuiquam,
845 1468 934 1514 nisi
963 1462 1194 1530 patientia
1224 1465 1462 1525 adsideat,
1501 1484 1674 1532 prove-

26 1541 161 1604 nire.-
236 1539 310 1588 Ita
352 1540 599 1606 proposita
644 1537 722 1586 dei
766 1538 908 1586 rebus
940 1547 1034 1596 est,
1080 1546 1132 1584 ut
1162 1538 1335 1584 nullum
1366 1548 1673 1604 praeceptum

25 1611 175 1660 ³obire
222 1611 346 1675 quis,
400 1611 574 1657 nullum
619 1626 735 1675 opus
781 1608 969 1657 domino
1018 1609 1347 1673 complacitum
1392 1618 1671 1676 perpetrare

22 1687 293 1732 =ext¹raneus
322 1682 551 1746 patientia
588 1682 752 1745 possit.
834 1679 1015 1727 Bonum
1053 1681 1178 1738 eius,
1226 1681 1366 1728 etiam
1414 1683 1490 1744 qui
1537 1683 1672 1730 caeci

20 1754 219 1813 ’ν’ῖνιιιιῐ,
258 1769 462 1802 summae
492 1753 677 1801 virtutis
715 1751 1033 1816 appellatione
1072 1751 1321 1798 honorant.
1397 1750 1671 1816 Philosophi

20 1824 248 1890 ¹t'fuidem,
281 1825 359 1888 qui
389 1825 586 1871 alicuius
618 1824 878 1887 sapientiae
911 1823 1129 1869 animalia
1154 1820 1457 1885 deputantur,
1491 1832 1669 1871 tantum

21 1896 105 1944 illi
136 1895 433 1958 subsignant,
464 1903 517 1941 ut
547 1910 650 1941 cum
681 1895 806 1941 inter
836 1909 940 1940 sese
970 1894 1113 1939 variis
1140 1901 1374 1942 sectarum
1398 1892 1669 1942 libidinibus

18 1974 89 2016 =et
108 1967 454 2016 ‘sententiarum
484 1965 874 2012 aemulationibus
899 1963 1200 2021 discordent,
1234 1964 1380 2011 solius
1405 1974 1559 2012 tamen
1583 1982 1667 2029 pa-

17 2039 232 2086 ·tientiae
262 2038 311 2084 in
339 2052 585 2084 commune
617 2051 849 2083 memores
893 2035 1002 2082 huic
1049 2036 1128 2082 uni
1173 2033 1431 2082 studiorum
1476 2053 1665 2084 suorum

17 2109 358 2157 commiserint
385 2123 567 2172 pacem.
643 2106 695 2154 In
727 2123 830 2154 eam
863 2106 1157 2169 conspirant,
1198 2107 1246 2152 in
1278 2122 1380 2153 eam
1410 2106 1665 2155 foederan-

15 2188 131 2238 ·tur,
163 2181 232 2242 illi
262 2179 566 2227 affectatione
594 2179 780 2227 virtutis
810 2178 1094 2224 unanimiter
1123 2176 1334 2235 student,
1376 2194 1558 2226 omnem
1590 2195 1664 2226 sa-

14 2251 239 2317 yfientiae
285 2241 647 2299 ostentationem
700 2248 758 2296 de
810 2249 1039 2313 patientia
1090 2249 1379 2312 praeferunt.
1473 2248 1662 2298 Grande

12 2322 347 2372 'testimonium
378 2322 479 2369 eius
509 2329 604 2379 est,
639 2337 742 2367 cum
774 2321 923 2379 etiam!
944 2336 1088 2367 vanas
1120 2321 1268 2367 seculi
1300 2318 1571 2384 disciplinas
1602 2320 1663 2368 ad

13 2392 215 2445 laudem
247 2401 296 2441 et
325 2393 523 2456 gloriam
554 2401 814 2456 promovet.
888 2389 987 2438 Aut
1030 2389 1251 2454 numquid
1288 2392 1444 2454 potius
1474 2393 1659 2450 iniuria,

32 2471 137 2515 'eum
167 2459 324 2511 divina
352 2479 430 2511 res
460 2464 508 2510 in
539 2463 830 2511 secularibus
860 2462 1040 2510 artibus
1069 2463 1336 2509 volutatur?
1402 2460 1499 2509 Sed
1528 2461 1660 2510 vide-

29 2535 127 2583 rint
154 2535 247 2592 illi,
280 2550 395 2598 quos
424 2551 535 2582 mox
564 2535 823 2598 sapientiae
855 2549 966 2580 suae
993 2549 1095 2579 cum
1121 2532 1281 2579 seculo
1309 2530 1577 2581 destructae
1602 2550 1659 2581 ac

31 2603 350 2654 dedecoratae
381 2604 590 2670 pudebit.

171 2679 220 2728 2.
280 2673 431 2723 Nobis
462 2673 759 2726 exercendae
790 2675 1048 2739 patientiae
1089 2675 1418 2721 auctoritatem
1457 2691 1550 2722 non
1588 2677 1658 2723 af-

27 2746 227 2795 fectatio
257 2745 457 2794 humana
488 2748 683 2794 caninae
709 2745 1084 2809 aequanimitatis
1107 2753 1297 2808 stupore
1324 2745 1538 2805 formata,
1573 2745 1657 2795 sed

27 2818 164 2866 vivae
188 2833 246 2864 ac
269 2817 491 2867 coelestis
517 2817 794 2881 disciplinae
820 2816 977 2864 divina
1002 2815 1246 2880 dispositio
1273 2814 1485 2880 delegat,
1518 2816 1655 2866 deum

27 2888 179 2962 ‚ipsum
211 2885 464 2936 ostendens
493 2889 749 2952 patientiae
782 2884 1059 2951 exemplum.
1120 2887 1215 2935 Iam
1239 2889 1434 2951 primum
1461 2890 1537 2953 qui
1567 2891 1655 2937 flo-

20 2958 134 3025 {gem
158 2957 278 3006 lucis
308 2957 442 3006 huius
473 2974 614 3022 super
643 2960 789 3005 iustos
821 2964 870 3005 et
913 2959 1109 3005 iniustos
1153 2959 1415 3023 aequaliter
1456 2962 1652 3024 spargit,

21 3030 107 3094 qui
132 3038 391 3094 temporum
417 3029 597 3087 officia,
630 3030 967 3077 elementorum
992 3031 1204 3088 servitia,
1237 3031 1380 3079 totius
1404 3034 1650 3095 geniturae

29 3100 202 3149 &buta
233 3098 386 3163 dignis
417 3100 550 3148 simul
581 3109 630 3148 et
658 3099 860 3164 indignis
898 3101 1072 3165 patitur
1101 3118 1378 3162 occurrere,
1418 3104 1650 3151 sustinens

84 3185 318 3225 Τεητυιι.
335 3187 386 3223 11.
1264 3178 1297 3224 2
