1942 3554
633 207 717 247 DE
744 207 1086 247 ancmu.
1553 199 1666 247 12?

151 321 211 381 it,
256 319 521 370 aedificabo
567 321 821 371 ecclesiam
865 338 1039 382 meam,
1086 328 1157 368 et:
1205 318 1328 367 daho
1374 318 1459 366 tibi
1491 318 1664 375 claves,

30 389 134 448 uhu
164 393 425 452 ecclesiae3
473 401 522 441 et
554 409 858 458 quaecunque
891 394 1088 441 solveris
1118 391 1193 439 vel
1232 391 1525 454 alligaveris,
1571 404 1669 437 non

48 463 54 468 ’
101 480 159 512 ae
190 465 416 531 solverint
445 464 521 511 vel
551 465 865 528 alligaverint.
929 462 1010 511 Sic
1057 463 1276 511 enimet
1319 463 1473 510 exitus
1505 459 1664 508 docet.

119 536 222 600 ipso
254 535 462 583 ecclesia
492 544 735 583 exstructa
765 544 859 594 est,
905 534 954 582 id
985 544 1058 583 est
1086 549 1173 598 per
1210 535 1381 597 ipsum,
1428 534 1528 598 ipse
1569 533 1667 580 cla-

27 602 356 665 demjmhuiu
402 604 536 655 vides
569 623 727 670 quam:
772 608 863 654 viri
894 605 1164 662 lsrae'litae,
1212 604 1401 652 auribus
1447 603 1669 651 mandate

23 670 155 745 q'ixa‘e
187 676 325 725 dicot-
355 677 507 741 Iesum
538 677 837 726 Nazarenum
876 679 1023 725 virum
1070 693 1098 724 a
1143 674 1233 723 deo
1279 676 1412 722 vobis
1459 674 1666 722 destina-

23 749 216 808 fimo,
249 757 300 797 et
330 746 527 812 reliqua.
591 749 695 812 Ipse
729 747 930 812 denique
962 748 1136 812 primus
1167 748 1214 793 in
1234 746 1408 793 Christi
1434 746 1666 810 baptismo

47 828 51 830 ’
90 820 267 868 seravit
295 818 471 867 aditum
504 820 726 867 coelestis
758 820 917 882 regni,
966 835 1056 882 quo
1090 819 1334 865 solvuntur
1364 818 1558 879 alligata
1590 832 1666 863 re·-

22 890 109 941 &o
141 889 317 954 delicta
348 899 398 938 et
427 891 682 954 alligantur
711 906 829 953 quae
862 906 956 936 non
987 890 1164 936 fuerint
1194 888 1370 944 soluta,
1411 886 1666 940 secundum

20 976 194 1021 weram
218 964 225 984 *³
250 1014 272 1023 *y
296 970 444 1019 utem,
492 969 542 1008 et
568 960 801 1008 Ananiam
845 961 996 1007 vinxit
1031 960 1219 1006 vinculo
1258 960 1422 1005 mortis
1455 967 1502 1005 et
1533 957 1667 1005 debi-

21 1020 125 1083 ffim
154 1034 191 1097 11²
229 1083 234 1086 Δ
286 1040 355 1080 ‘us
385 1031 588 1098 absolvit
615 1031 1063 1079 vitio·valetudinis-
1111 1028 1208 1078 Sed
1241 1031 1364 1077 etin
1399 1030 1477 1076 illa
1511 1029 1667 1076 disce-

20 1098 245 1178 ‘tatione
279 1099 618 1152 custodiendae
664 1118 815 1151 necne
864 1100 983 1166 legis
1028 1103 1203 1166 primus
1251 1102 1452 1148 omnium
1498 1100 1668 1148 Petrus

20 1175 202 1241 Qiritu
230 1175 480 1222 instinctus
511 1183 560 1222 et
591 1173 649 1221 de
696 1175 935 1221 nationum
982 1174 1233 1234 vocatione
1280 1172 1544 1235 praefatus:
1606 1172 1669 1218 Et

20 1243 181 1303 nnnc,
215 1247 398 1310 inquit,
447 1262 533 1293 cur
576 1239 792 1293 tentastis
839 1243 1073 1291 dominum
1120 1243 1177 1291 de
1223 1242 1507 1306 imponendo
1554 1244 1668 1305 iugo

20 1317 282 1375 ffratribus,
315 1315 439 1381 quod
470 1311 622 1381 neque
654 1333 763 1374 nos,
797 1332 948 1380 neque
980 1324 1141 1380 patres
1174 1315 1323 1361 nostri
1355 1315 1554 1362 sufferre
1586 1330 1668 1360 va-

20 1389 222 1446 lluerunt
235 1389 317 1448 2)?
358 1386 472 1436 -Sed
517 1389 639 1436 enim
676 1403 764 1452 per
794 1389 994 1451 gratiam
1025 1386 1132 1434 Iesu
1165 1385 1397 1433 credimus
1428 1402 1512 1432 nos
1545 1385 1669 1432 salu-

0 1467 128 1523 (ηοω
160 1466 508 1510 οοηεθαιίῐιιῐοε
532 1460 654 1506 sicut
677 1469 726 1507 et
748 1459 831 1506 illi.
880 1457 1011 1505 Haec
1036 1459 1269 1506 sententia
1294 1466 1343 1504 et
1366 1457 1520 1514 solvit,
1549 1472 1667 1520 quae

0 1525 209 1587 rofilnissa
237 1529 518 1594 suntl‘egis,
550 1538 600 1578 et
630 1531 863 1594 alligavit,
912 1545 1030 1593 quae
1071 1537 1315 1576 reservata
1347 1537 1467 1575 sunt.
1527 1526 1670 1574 Adeo

20 1598 148 1662 nasibi!
181 1600 242 1651 ad
271 1600 455 1649 delicta*
477 1599 684 1648 fidelium
717 1602 938 1665 capitalia
967 1609 1180 1665 potestas
1226 1598 1437 1647 solvendi
1478 1607 1526 1646 et
1563 1600 1667 1645 alli-

18 1663 179 1747 sp'andi
208 1672 352 1720 Petro
383 1673 694 1736 emancipata.
743 1672 829 1720 Cui
861 1674 899 1719 si
929 1680 1246 1736 praeceperat
1277 1670 1490 1718 dominus
1523 1671 1666 1717 etiam

17 1760 28 1792 v
89 1745 305 1810 ptuagies
335 1745 510 1808 septies
541 1743 831 1808 delinquenti
861 1745 909 1790 in
940 1759 1044 1790 eum
1084 1743 1220 1789 fratri
1259 1741 1530 1804 indulgere,
1576 1743 1668 1788 uti-

15 1835 26 1856 1
99 1831 126 1864 e
158 1815 274 1864 nihil
303 1824 472 1879 postea
501 1815 724 1878 alligare,
770 1814 818 1862 id
858 1823 931 1862 est
960 1815 1193 1870 retinere,
1241 1812 1530 1870 mandasset,
1578 1814 1668 1859 nisi

17 1894 34 1940 2,
114 1895 161 1935 te
192 1902 250 1934 ea
281 1901 400 1950 quae
427 1886 479 1932 in
511 1884 768 1943 dominum,
816 1903 909 1932 non
941 1887 987 1932 in
1019 1886 1213 1932 fratrem
1260 1885 1360 1947 quis
1406 1883 1666 1931 admiserit.

18 1956 396 2022 ffiraeiudicatur
441 1958 562 2004 enim
602 1973 694 2003 non
727 1951 1003 2004 dimittenda
1034 1957 1081 2002 in
1114 1954 1250 2003 deum
1283 1954 1480 2012 delicta,
1529 1971 1666 2018 quum

0 2015 84 2094 *3¹¹
114 2029 301 2076 homine
332 2023 539 2075 admissa*
564 2026 813 2075 donantur.
877 2026 996 2087 Quid
1042 2043 1164 2074 nunc
1210 2035 1260 2073 et
1304 2025 1362 2073 ad
1396 2026 1665 2084 ecclesiam,

0 2098 301 2164 ··jt*quidem
332 2107 480 2168 tuam,
512 2099 771 2163 p'sychice?
823 2097 1089 2146 Secundum
1116 2099 1238 2144 enim
1263 2097 1390 2144 Petri
1417 2114 1669 2161 personam-

0 2170 324 2236 *spiritalibus
353 2170 565 2234 potestas
594 2171 683 2217 ista
715 2166 968 2218 conveniet
998 2178 1078 2216 aut
1108 2169 1323 2233 apostolo
1357 2178 1436 2216 aut
1460 2169 1668 2233 prophe-

0 2258 19 2305 g*
205 2240 327 2306 Nam
346 2249 408 2288 'et
437 2241 645 2291 ecclesia
674 2233 867 2305 pioprie
899 2250 948 2288 et
978 2241 1305 2304 principaliter
1335 2241 1435 2304 ipse
1469 2249 1541 2287 est
1572 2241 1667 2303 spi-

14 2335 65 2370 y.
110 2319 176 2371 s,
221 2313 270 2359 in
315 2328 406 2376 quo
445 2320 519 2359 est
547 2313 733 2360 trinitas
763 2313 897 2365 unius
944 2309 1222 2368 divinitatis,
1269 2319 1407 2375 pater
1451 2319 1500 2358 et
1544 2311 1669 2358 filius

10 2422 14 2423 γ
54 2438 59 2444 ⁴
106 2384 305 2449 spiritus
336 2383 539 2431 sanc‘tus.
608 2382 740 2450 Illam
781 2384 1035 2431 ecclesiam
1075 2391 1363 2446 congregat,
1406 2398 1540 2445 quam
1580 2381 1662 2428 do-

12 2472 26 2492 ’-
84 2455 263 2502 ’nus-in
293 2454 441 2502 trihus
484 2455 656 2519 posuit.
731 2452 887 2518 Atque
934 2455 999 2501 ita
1045 2453 1216 2501 exinde
1262 2454 1402 2500 etiam
1448 2468 1670 2500 numerus

3 2548 9 2552 <
71 2526 209 2594 scnis,
243 2519 336 2588 qni'-
350 2525 398 2571 in
427 2523 549 2573 hanc
580 2524 719 2573 fidem
752 2526 1148 2589 conspiraverint,
1182 2525 1390 2571 ecclesia
1406 2524 1451 2582 3)
1492 2522 1553 2570 ab·
1583 2539 1667 2570 au-

60 2612 173 2657 gere
205 2603 255 2650 et
285 2604 621 2643 consecratore
655 2604 889 2644 censetur.
966 2594 1027 2640 Et
1071 2594 1182 2641 ideo
1227 2595 1435 2641 ecclesia
1480 2592 1664 2657 quidem

70 2666 215 2716 licta
245 2664 462 2724 donabit3
508 2665 592 2714 sed
639 2666 846 2714 ecclesia
884 2666 1073 2729 spiritus
1110 2680 1197 2728 per
1227 2664 1484 2728 spiritalem
1515 2664 1668 2711 homi-

16 2741 17 2745 ’
60 2736 167 2796 71⁶,
213 2753 309 2784 non
351 2737 561 2784 ecclesia
604 2752 822 2784 numerus
866 2737 1210 2800 episcoporum.
1293 2735 1479 2782 Domini
1526 2738 1665 2793 enim,

3 2818 6 2820 ’
163 2808 324 2856 famuli
356 2815 429 2854 est
457 2807 529 2854 ius
559 2815 610 2854 et
637 2807 902 2864 arbitrium,
942 2805 1020 2855 dei
1050 2808 1219 2871 ipsius,
1258 2820 1353 2853 non
1383 2805 1662 2854 sacerdotis.

8 2898 14 2930 ᾳ
59 2889 114 2938 τ’
144 2922 147 2926 ,
181 2883 266 2932 22.
325 2876 393 2926 At
436 2886 483 2925 tn
521 2878 612 2925 iam
643 2886 693 2930 et
720 2879 768 2925 in
798 2870 1030 2942 inartyras
1060 2886 1167 2926 tuos
1197 2876 1397 2926 effundis
1428 2877 1548 2925 hanc
1578 2894 1665 2942 po-

8 2947 11 2950 ’
100 2987 104 2991 .
137 2957 274 2998 ‘tein-
336 2946 400 2996 Ut
429 2949 627 3013 quisque
654 2965 715 2996 ex
745 2948 1043 2997 confessione
1061 2949 1108 3009 4‘)
1155 2949 1341 2996 vincula
1385 2947 1537 2996 induit
1580 2947 1664 2996 ad-

59 3067 72 3105 '5
156 3078 202 3127 1)
218 3078 310 3115 Act.
326 3078 402 3124 Ap.
419 3078 460 3124 2,
479 3078 544 3116 22.
660 3074 706 3130 2)
722 3078 814 3115 Act.
829 3078 904 3125 Ap.
924 3079 989 3127 15,
1007 3078 1072 3114 10.
1190 3078 1233 3127 3)
1251 3077 1387 3117 Latin.
1405 3079 1448 3115 et
1469 3078 1559 3127 mg.
1577 3088 1662 3114 ec-

77 3133 232 3181 ξῆν,
262 3133 412 3172 ceteri:
443 3132 725 3172 ecclesiae.
839 3134 886 3183 4)
912 3136 974 3172 lta
998 3133 1037 3173 h.
1062 3133 1090 3174 1.
1114 3135 1274 3172 emend.
1296 3134 1491 3173 Latinius
1515 3146 1661 3173 assen-

84 3191 174 3229 ‘nte
191 3192 238 3230 A.
254 3190 474 3240 Numito,
506 3190 600 3230 alii:
634 3191 1002 3231 consensione.

55 3279 66 3315 g
100 3260 334 3300 Tan-rum..
364 3263 412 3299 11.
1246 3252 1311 3299 12

54 3416 103 3469 ,³7
