1942 3554
291 230 374 280 ‘86
819 228 1390 268 APOLOGETICUS.

288 371 549 433 stinguitur
572 367 686 426 ,dum
719 369 1014 431 expungitur,
1046 367 1153 415 dum
1186 385 1246 416 ex
1275 369 1431 417 futuro
1462 385 1704 433 piaesens,
1738 367 1919 420 ‹lehiv

293 456 355 488 ex
406 439 645 503 praesenti
692 439 1004 502 praeteritum
1057 437 1321 502 deputatur.
1409 438 1530 499 Quid
1580 439 1834 504 delinquim
1863 478 1867 488 2
1902 432 1912 485 ’ὲ

293 526 379 558 oro
411 526 522 567 vos,
574 509 729 556 futura
761 525 946 573 quoque
979 507 1256 568 credentes,
1303 511 1380 574 qui
1418 511 1509 557 iam
1542 508 1784 559 didicimus
1814 513 1831 558 i

290 596 378 645 per
409 579 525 627 duos
557 577 730 644 gradus
763 578 994 627 credere?

434 655 517 702 21.
573 648 670 697 Sed
709 650 923 713 quoniam
960 647 1213 707 edidimus,
1261 650 1596 714 antiquissimis
1628 649 1830 699 Iudaeor

290 721 611 769 instrumentis
658 729 835 767 sectam
873 720 1007 767 istam
1049 735 1153 767 esse
1187 720 1440 779 suffultam,
1488 737 1623 785 quam
1668 721 1915 786 aliquan

290 791 545 848 novellam,
576 799 629 837 ut
657 789 895 837 Tiberiani
927 791 1174 853 temporis,
1221 791 1434 855 plerique
1467 792 1642 851 sciunt,
1677 791 1920 855 profitens

289 862 413 914 tibus
445 860 580 908 nobis
613 876 823 924 quoque3
866 861 1067 908 fortasse
1107 878 1165 908 an
1203 861 1294 908 hoc
1335 863 1520 909 nomine
1562 861 1620 909 de
1651 870 1773 909 statu

289 940 599 989 retractetur,
647 931 776 994 quasi
815 930 899 978 sub
940 930 1210 978 umbraculo
1251 931 1596 994 insignissimae
1642 932 1862 995 religioni
1884 927 1915 998 ¹

290 1011 425 1050 certe
472 1002 656 1059 licitae,
704 1000 880 1065 aliquid
923 1002 1142 1064 propriae
1188 1002 1582 1066 praesumptionis
1627 1000 1915 1050 absconda

287 1072 364 1120 vel
413 1072 520 1135 qnia
565 1079 755 1135 praeter
798 1080 1000 1120 aetatem
1040 1086 1192 1135 neque
1233 1071 1291 1119 de
1333 1073 1482 1120 victus
1528 1071 1908 1136 exceptionibus&

287 1157 441 1206 neque
474 1141 532 1189 de
565 1142 952 1190 sollemnitatibus
994 1141 1194 1201 dierum,
1243 1157 1395 1206 neque
1437 1142 1494 1190 de
1526 1144 1626 1207 ipso
1658 1142 1910 1207 signacul'

288 1213 530 1275 corporis,
571 1228 724 1277 neque
758 1211 815 1259 de
849 1213 1087 1260 consortio
1121 1213 1322 1260 nominis
1353 1229 1457 1260 cum
1489 1212 1676 1260 Iudaeis
1706 1213 1830 1275 agim
1909 1208 1918 1244 ἶ

288 1281 414 1347 quod
445 1283 604 1347 utique
638 1291 904 1347 oporteret,
948 1284 986 1330 si
1028 1281 1181 1330 eidem
1221 1282 1311 1330 deo
1351 1283 1752 1346 manciparemur?
1802 1281 1896 1340 Se

287 1362 336 1400 et
366 1353 531 1417 vulgus
562 1354 651 1400 iam
684 1354 774 1400 scit
791 1353 1042 1409 Christum,
1080 1353 1311 1400 hominem
1343 1353 1501 1417 utique
1534 1353 1757 1417 aliquem,
1791 1369 1851 1417 qu
1888 1366 1890 1369 ’

285 1423 377 1470 lem
409 1422 569 1471 Iudaei
601 1422 951 1482 iudicaverunt,
985 1439 1075 1487 quo
1108 1423 1293 1470 facilius
1328 1424 1429 1486 quis
1459 1440 1545 1470 nos
1575 1423 1773 1470 hominis
1806 1439 1860 1470 cu

285 1501 415 1540 tores
448 1494 803 1542 existimaverit.
876 1494 1050 1542 Verum
1083 1510 1235 1558 neque
1270 1493 1327 1540 de
1347 1493 1533 1542 Christo
1566 1493 1829 1555 erubescim
1883 1541 1886 1543 Α
1916 1547 1918 1550 y

285 1580 422 1627 quum
453 1563 537 1610 sub
570 1565 755 1611 nomine
789 1564 890 1611 eius
923 1563 1135 1628 deputari
1169 1573 1217 1611 et
1247 1563 1455 1612 damnari
1484 1565 1625 1623 iuvat,
1659 1578 1810 1627 neque
1843 1561 1871 1610 d
1938 1583 1942 1587 ·

285 1633 375 1680 deo
422 1634 563 1681 aliter
605 1635 955 1697 praesumimus.
1031 1634 1245 1682 Necesse
1293 1643 1366 1681 est
1403 1635 1550 1699 igitur
1582 1649 1733 1699 pauca
1771 1633 1879 1694 dica

284 1719 384 1751 mus
402 1701 448 1768 1)
481 1703 539 1751 de
573 1704 760 1752 Christo
791 1713 843 1751 ut
874 1704 983 1752 deo.
1032 1705 1228 1753 Tantum
1261 1704 1446 1753 Iudaeis
1479 1713 1582 1753 erat
1610 1703 1733 1768 apud
1763 1703 1855 1752 deu

283 1775 458 1837 gratia,
492 1774 570 1821 ubi
604 1785 653 1822 et
683 1775 884 1838 insignis
915 1775 1091 1822 iustitia
1124 1784 1172 1822 et
1202 1774 1319 1822 fides
1336 1777 1380 1836 2)
1416 1776 1713 1839 originalium
1737 1782 1846 1822 auct
1891 1773 1912 1789 '³

281 1859 405 1901 rum,
453 1842 577 1891 unde
624 1845 717 1892 illis
765 1854 813 1892 et
851 1846 1042 1908 generis
1086 1844 1356 1909 magnitudo
1397 1855 1445 1893 et
1475 1847 1611 1909 regni
1643 1844 1914 1899 sublimitas>

280 1914 440 1961 floruit
478 1924 527 1961 et
566 1923 695 1962 tanta
725 1915 951 1974 felicitas,
985 1924 1037 1963 ut
1064 1915 1144 1963 ‚dei
1175 1915 1395 1975 vocibus,
1437 1916 1600 1980 quibus
1634 1914 1846 1964 edoceba

279 1992 379 2041 tur,
428 1983 487 2032 de
518 1984 834 2049 promerendo
868 1985 983 2044 deo,
1032 1995 1081 2034 et
1125 2003 1216 2033 non
1263 1986 1571 2045 offendendo,
1623 2001 1889 2050 praemone,

279 2056 524 2113 rentur-st)
603 2054 700 2102 Sed
747 2065 917 2119 quanta
964 2056 1269 2120 deliquerint,
1316 2056 1488 2105 fiducia
1531 2065 1713 2120 patrum
1754 2043 1905 2118 inssaff

285 2123 365 2183 [ad
410 2122 757 2184 delirandum],
820 2124 1088 2172 derivantes
1105 2127 1149 2184 4)
1198 2142 1226 2172 a
1271 2126 1516 2190 disciplina
1561 2128 1607 2173 in
1652 2126 1913 2190 profanum,

279 2191 481 2251 modum,
515 2195 607 2240 etsi
638 2195 725 2257 ipsi
756 2211 848 2241 non
881 2195 1233 2253 confiterentur,
1267 2196 1491 2259 probaret
1521 2197 1674 2244 exitus
1706 2195 1910 2250 hodieruss

279 2279 365 2310 nus
396 2264 620 2326 ipsorum.
697 2264 934 2328 Dispersi,
974 2264 1244 2328 palabundi,
1280 2275 1328 2312 et
1359 2267 1483 2314 coeli
1515 2276 1563 2314 et
1593 2267 1681 2314 soli
1713 2268 1783 2314 sui
1815 2253 1910 2326 enit¹

280 2341 437 2380 torres
468 2343 697 2397 vagantur
726 2351 813 2398 per
844 2334 1005 2382 orbem
1037 2337 1138 2382 sine
1170 2334 1383 2394 homine,
1433 2337 1536 2384 sine
1577 2335 1667 2384 deo
1700 2353 1817 2401 regie
1835 2323 1911 2400 5),ἷὲ

281 2403 446 2466 quibus
477 2418 566 2452 nec
598 2403 879 2452 advenarum
912 2406 1013 2452 iure
1046 2414 1217 2453 terram
1250 2408 1448 2470 patriam
1488 2407 1652 2455 saltem
1695 2407 1909 2470 vestigio}

281 2473 485 2521 salutare
533 2474 830 2523 conceditur.
910 2474 1023 2522 Cum
1063 2475 1182 2524 haec
1220 2477 1311 2524 illis
1350 2487 1541 2526 sanctae
1583 2493 1728 2525 voces
1760 2466 1909 2546 praev}
1940 2510 1942 2512 -

412 2545 415 2547 ,
1876 2541 1906 2596 :3

1876 2613 1907 2683 ’ἶ

396 2686 440 2733 1)
471 2687 576 2725 Voc.
611 2687 835 2726 dicamus
866 2687 1103 2735 recepimus
1135 2689 1391 2728 auctoritate
1423 2689 1513 2727 cod.
1546 2690 1667 2728 Fuld.
1728 2685 1774 2741 2)
1806 2678 1909 2760 Βῆςξέ

281 2743 323 2776 et
352 2742 456 2781 Hav.
487 2744 546 2780 ob
576 2744 830 2792 insignem
861 2744 1127 2782 iustitiam
1158 2748 1208 2781 et
1236 2746 1390 2782 fidem
1416 2748 1496 2783 etc.
1585 2748 1629 2794 3)
1661 2744 1855 2782 cod-Ful

279 2799 328 2833 et
359 2800 388 2833 t.
420 2798 503 2834 fel.
534 2799 591 2835 de
624 2799 705 2836 dei
735 2801 945 2838 vocibus
977 2801 1167 2848 affuit,
1216 2802 1400 2847 quibus
1446 2802 1800 2850 docebantur,
1847 2812 1869 2838 e

278 2855 618 2899 promerendo
651 2856 740 2894 deo
774 2860 822 2894 et
852 2869 949 2895 non
981 2857 1069 2894 off.
1100 2859 1584 2904 praemonebantur.
1727 2855 1781 2903 4)
1816 2857 1906 2898 an

279 2909 339 2946 ad
369 2909 713 2959 delirandum,
748 2924 855 2959 quae
886 2914 989 2951 Hav.
1024 2925 1045 2950 e
1078 2913 1167 2950 cod.
1198 2912 1320 2954 Fu1d‚
1350 2914 1523 2963 recepit,
1556 2913 1710 2951 delevit
1752 2903 1909 2965 Rigalss}

276 2965 374 3003 tius.
432 2965 562 3003 Rhen.
595 2971 638 3005 et
669 2968 837 3006 Herald.
868 2970 924 3006 ad
957 2969 1327 3007 declinandum.
1372 2989 1428 2998 --
1470 2970 1791 3009 Derivvantes
1833 2971 1902 3017 ita,

279 3021 369 3060 cod.
394 3022 526 3071 Lugd.
558 3025 600 3059 et
630 3023 721 3060 edd.
756 3025 1003 3073 pleraeque,
1048 3025 1193 3063 Gelen.
1220 3025 1574 3076 declinantes,
1613 3026 1705 3075 Rig.
1736 3031 1779 3065 et
1804 3020 1905 3088 lun}

279 3077 822 3118 eood.Urs.deviantes.
914 3079 958 3134 5)
990 3082 1183 3131 Scaliger
1198 3083 1359 3120 emend.
1393 3083 1504 3121 sine
1533 3083 1750 3133 nomine,
1781 3084 1907 3147 sin}

279 3133 370 3171 deo
401 3145 541 3182 rege3
589 3136 680 3172 cod.
706 3137 837 3185 Lugd.
871 3140 919 3174 11.
951 3139 1064 3176 sine
1095 3139 1299 3177 homine
1344 3139 1498 3189 (Lugd.
1527 3141 1559 3177 1.
1589 3139 1704 3178 sine
1733 3139 1905 3186 hono-9:

278 3193 374 3239 re),
409 3190 520 3228 sine
551 3191 664 3240 deo,
699 3192 809 3230 sine
840 3205 970 3241 rege.
1883 3193 1898 3225 i
