1942 3554
415 141 637 178 CONTRA
668 119 976 182 euosrtcos
1008 139 1320 183 SCOBPuCE.
1560 138 1677 188 225

42 280 166 354 ιῄιο
205 279 318 327 illuc
334 279 551 328 *faciunt
634 279 736 328 Vae
776 288 958 337 autem,
999 280 1078 343 qui
1120 277 1257 329 dulce
1298 279 1342 325 in
1384 295 1589 327 amarum
1631 289 1679 326 et

32 342 202 413 *lumen
233 351 280 398 in
312 350 532 399 tenebras
566 353 925 410 convertunt1).
973 349 1178 399 Perinde
1212 350 1333 396 enim
1367 359 1417 400 et
1447 351 1525 413 qui
1559 366 1677 397 mar-

55 414 185 490 tffiriis
211 421 533 486 refragantur,
575 421 771 470 salutem
801 419 1119 483 perditionem
1151 421 1542 483 interpretantes,
1586 430 1676 468 tam

45 491 188 542 deulee
221 492 268 541 in
298 508 528 548 amarum,
576 507 709 554 quani
751 491 900 540 lucem
942 491 988 537 in
1022 490 1243 538 tenebras
1275 491 1557 549 reformant,
1607 501 1679 538 at-

32 578 139 633 {qim
162 562 558 612 ita'miserrimam
584 562 704 611 hanc
731 561 870 610 vitam
897 560 962 606 illi
988 559 1286 611 beatissimae
1306 561 1675 623 praevertendo,

50 642 142 700 qm
171 647 374 681 amarum
400 647 492 698 pro
527 629 676 688 dulci,
718 647 849 694 quam
882 629 1104 681 tenebras
1136 647 1221 694 pro
1256 631 1359 678 luce
1395 642 1676 694 supponunt.

77 697 98 762 j
190 706 237 755 2.
301 699 399 750 Sed
429 699 633 751 nondum
666 700 724 748 ‹le
757 700 882 751 bono
915 702 1144 764 martyrii,
1180 701 1269 751 nisi
1303 699 1359 747 de
1388 701 1547 753 debito
1577 704 1671 765 pri-

46 768 194 843 ψῃ),
233 786 322 819 nec
354 780 461 820 ante
492 770 553 838 de
585 771 787 820 utilitate
829 772 952 828 eim,
1002 788 1135 834 quam
1176 770 1237 819 de
1275 772 1567 824 necessitate
1609 773 1678 823 di-

41 840 292 910 spendum
351 840 626 892 Auctoritas
652 839 809 890 divina
832 841 1101 905 praecedit,
1135 859 1191 890 an
1220 842 1311 892 tale
1340 841 1448 905 quid
1475 843 1680 893 voluerit

45 923 190 983 fitque
222 910 527 962 mandaverit.
542 910 681 969 deus,
721 920 771 960 ut
802 912 880 975 qui
912 921 1089 975 negant
1118 912 1290 963 bonum
1318 929 1415 963 non
1447 913 1681 964 suadean-

36 974 128 1049 ‹ti‘i'r
171 981 231 1033 ad
276 981 592 1041 commodum,
640 983 729 1029 nisi
769 998 870 1033 cum
913 982 1094 1031 subacti
1136 983 1310 1031 fuerint
1354 983 1414 1034 ad
1462 983 1679 1033 officium.

38 1047 337 1120 tancreticos
377 1053 617 1119 compelli,
665 1069 759 1100 non
798 1053 914 1100 illici
954 1052 1142 1117 dignum
1183 1062 1272 1101 est.
1351 1054 1537 1106 Duritia
1578 1056 1680 1102 vin·-

36 1122 207 1175 .eend—a
237 1133 331 1182 est,
364 1141 457 1172 non
491 1122 743 1171 suadenda.
804 1123 867 1175 Et
901 1124 1059 1188 utique
1092 1124 1204 1171 satis
1239 1125 1461 1187 optimum
1491 1127 1681 1189 praeiu-

38 1194 310 1253 dicabitur,
360 1193 484 1258 quod
521 1193 798 1258 probabitur
831 1210 861 1242 a
902 1193 991 1241 deo
1035 1195 1336 1246 constitutum
1369 1190 1508 1260 atque
1542 1212 1684 1259 prae-

38 1274 260 1333 1eeptum.
367 1263 638 1312 Sustineant
684 1264 945 1327 evangelia
976 1265 1248 1328 paulisper,
1314 1265 1417 1313 dum
1472 1265 1681 1314 radicem

38 1349 219 1390 ieorum
266 1335 478 1399 expritno
525 1335 706 1401 legem,
763 1334 866 1384 dum
917 1333 1022 1381 inde
1072 1335 1213 1384 elicio
1261 1335 1334 1383 dei
1376 1337 1680 1396 voluntatem,

37 1404 179 1457 ·m'tde
213 1414 262 1453 et
292 1406 441 1469 ipsum
473 1420 800 1471 recognosce:
857 1404 961 1470 Ego
991 1421 1112 1465 sum,
1154 1406 1389 1469 inquit2)‚
1432 1407 1546 1458 deus
1578 1417 1683 1455 tuus

37 1478 143 1551 iqui
182 1485 227 1524 te
275 1475 415 1526 eduxi
462 1474 519 1525 de
566 1484 695 1525 terra
730 1473 958 1541 Aegypti.
1047 1475 1157 1525 Non
1197 1485 1334 1523 erunt
1372 1477 1460 1528 tibi
1502 1478 1564 1528 dii
1605 1479 1686 1527 alii

37 1539 250 1618 ‘praeter
286 1562 374 1598 me.
448 1545 558 1594 Non
597 1546 746 1594 facies
784 1545 870 1593 tibi
909 1546 1206 1597 simu-lacrum
1249 1562 1434 1606 eorum,
1483 1566 1604 1612 quae
1636 1550 1684 1596 in

39 1611 220 1676 eaelo,
277 1627 326 1666 et
363 1633 480 1686 quae
519 1618 566 1664 in
610 1625 734 1665 terra
778 1616 1018 1674 deorsum,
1068 1626 1117 1664 et
1154 1634 1272 1681 quae
1314 1620 1358 1664 in
1400 1621 1516 1667 mari
1565 1621 1687 1666 infra

36 1699 247 1754 merram.
316 1687 425 1740 Non
465 1687 685 1737 adorabis
726 1703 805 1745 ea,
845 1703 1000 1753 neque
1041 1690 1222 1735 servies
1264 1690 1347 1736 eis.
1423 1689 1528 1753 Ego
1563 1691 1685 1737 enim

38 1775 156 1815 v31:111
189 1759 402 1811 dominus
433 1757 551 1805 deus
585 1767 705 1809 tuus.
766 1758 883 1805 Item
915 1759 961 1804 in
995 1757 1160 1805 eadem
1179 1757 1372 1806 Exodo:
1393 1761 1437 1818 3)
1496 1761 1588 1823 Ipsi
1619 1763 1688 1807 vi-

54 1828 216 1889 distis,
259 1829 391 1894 quod
438 1827 495 1877 (Le
545 1828 682 1877 coelo
729 1828 916 1875 locutus
955 1827 1015 1874 ad
1053 1845 1136 1876 vos
1174 1829 1274 1875 sim.
1350 1829 1459 1876 Non
1499 1831 1687 1877 facietis

58 1901 195 1957 vobis
242 1900 359 1949 deos
405 1907 662 1963 argenteos
710 1908 757 1947 et
804 1896 919 1945 deos
960 1914 1132 1949 aureos
1178 1915 1268 1945 non
1309 1900 1496 1947 facietis
1535 1901 1687 1947 vobis.

56 1964 332 2031 Secundum
364 1970 482 2020 haec
515 1977 562 2016 et
591 1970 638 2015 in
669 1967 1043 2017 Deuteronomio
1062 1970 1135 2023 4):
1177 1968 1301 2016 Audi
1334 1971 1505 2028 Israe'l,
1538 1970 1691 2019 domi.-

54 2042 148 2104 ἕως
181 2040 297 2106 deus
329 2049 433 2091 tuus
465 2056 583 2087 unus
615 2049 710 2097 est,
754 2048 801 2087 et
833 2038 1002 2102 diliges
1035 2038 1266 2091 dominum
1302 2039 1437 2089 deum
1469 2050 1596 2087 tuum
1631 2059 1690 2090 ex

59 2121 166 2177 toto
207 2109 354 2162 eorde
394 2119 472 2159 tuo
510 2119 562 2156 et
599 2109 711 2157 totis
751 2109 926 2156 vitibus
965 2111 1055 2157 tuis
1096 2119 1143 2156 et
1182 2126 1242 2157 ex
1282 2119 1381 2159 tota
1410 2114 1563 2159 anima
1594 2121 1687 2160 tua.

56 2164 126 2247 §ft
154 2197 341 2230 rursus:
385 2179 461 2230 Ne
495 2179 792 2229 obliviscaris
824 2179 997 2227 domini
1031 2179 1107 2228 dei
1136 2182 1229 2239 tui,
1265 2182 1341 2245 qui
1372 2190 1420 2229 te
1448 2181 1611 2230 eduxit
1635 2182 1691 2230 de

63 2252 195 2315 {erra
226 2251 437 2317 Aegypti
485 2259 532 2300 et
578 2249 716 2302 domo
763 2251 1017 2298 servitutis.
1094 2251 1339 2298 Dominum
1378 2251 1517 2301 deum
1564 2262 1690 2301 tuum

57 2317 276 2388 §mebiffi
333 2330 379 2369 et
410 2321 478 2368 illi
509 2321 808 2370 famulaberis
840 2321 953 2379 soli,
1011 2331 1059 2368 et
1098 2322 1163 2368 illi
1203 2321 1597 2385 adglutinaberi8‚
1647 2334 1695 2371 et

59 2388 119 2458 *iu
149 2393 334 2441 nomine
368 2393 470 2443 eius
502 2391 755 2439 deierabis.
833 2391 940 2438 Non
974 2391 1099 2440 ibitis
1127 2402 1236 2455 post
1268 2392 1384 2439 deos
1415 2394 1612 2440 aliorum
1648 2404 1695 2440 et

70 2458 187 2528 ‚tl—eos
217 2462 478 2522 nationum,
527 2478 647 2527 quae
682 2463 858 2508 circum
891 2478 997 2519 vos,
1050 2464 1156 2526 quia
1187 2463 1448 2510 aemulatur
1478 2462 1694 2511 dominus

59 2523 188 2591 ‘jeus
232 2541 336 2583 tuus
381 2533 426 2578 in
466 2540 536 2590 te,
580 2547 642 2578 ne
682 2532 827 2578 iratus
865 2530 1138 2594 indignetur
1178 2541 1225 2579 et
1264 2534 1547 2580 exterminet
1587 2543 1630 2581 te
1671 2551 1698 2583 a

63 2595 196 2653 ‘facie
238 2611 420 2650 terrae.
497 2601 595 2649 Sed
642 2610 690 2648 et
733 2618 1007 2669 proponens
1053 2600 1412 2649 benedictiones
1458 2612 1508 2650 et
1554 2606 1697 2652 male-

57 2657 334 2730 dictiones:
376 2671 769 2729 Benedictiones‚
812 2672 1047 2735 inquit⁵)‚
1097 2672 1135 2717 si
1167 2671 1411 2720 audieritis
1442 2684 1715 2738 praecepta

60 2733 250 2809 {lumini
283 2741 360 2789 dei
390 2743 560 2799 vestri,
606 2758 917 2805 quaecunque
958 2758 1049 2805 ego
1089 2743 1333 2808 praecipio
1366 2743 1501 2793 vobis
1542 2745 1696 2804 hodie,

61 2827 136 2874 *ne
182 2812 452 2859 erraveritis
499 2811 557 2859 de
600 2813 696 2869 via,
746 2829 878 2876 quam
919 2811 1132 2861 mandavi
1179 2811 1335 2870 vobis,
1383 2822 1433 2862 ut
1470 2815 1699 2867 abeuntes

54 2882 294 2931 'serviatis
327 2879 417 2931 diis
449 2881 575 2939 aliis,
607 2899 726 2946 quos
757 2899 848 2930 non
883 2883 1028 2930 scitis,
1105 2881 1175 2933 De
1209 2883 1372 2949 quibus
1403 2886 1696 2936 omnifariam

70 3080 73 3082 ,
191 3049 237 3096 1)
266 3053 346 3087 les.
367 3051 403 3096 5,
437 3050 503 3088 20.
591 3049 635 3095 2)
670 3050 802 3089 Exod.
830 3051 895 3095 20,
933 3051 956 3089 2
990 3062 1048 3097 sq.
1146 3052 1190 3100 3)
1220 3051 1415 3092 ib.v.22.
1503 3051 1546 3107 4)
1579 3057 1703 3096 Dent.

61 3095 128 3152 *ἦρ
161 3106 188 3141 4
217 3117 304 3152 sqq.
418 3105 466 3151 δ’)
499 3105 551 3144 id.
575 3107 640 3154 11,
674 3109 742 3145 27.
774 3117 867 3153 sqq.

56 3501 111 3547 3¹}-
120 3534 131 3541 --
