1942 3554
306 154 422 204 170
726 154 815 192 An
866 153 1245 193 NATIONES
1286 150 1416 191 LIB.
1455 153 1506 190 u.

304 304 352 343 et
381 302 622 358 parentes.
692 292 861 356 Longo
902 291 1091 339 scilicet
1127 307 1246 339 aevo
1286 290 1597 339 crescendum
1628 292 1721 339 illis
1751 293 1842 339 fuit
1869 283 1942 351 ad,

303 373 477 412 tautam
507 363 863 426 proceritatem.
937 360 1154 426 Denique
1194 361 1328 409 simul
1368 362 1528 424 coepit
1567 369 1615 409 et
1654 361 1802 410 Coelo
1834 359 1942 443 νοκξἶ

302 434 599 481 insolescere
633 440 682 479 et
710 431 858 479 ubera
888 432 1068 480 Terrae
1100 431 1412 495 lapilliscere,
1445 431 1624 479 faciunt
1652 432 1836 496 nuptias
1859 433 1932 482 ἰιι-

303 513 379 552 ter
402 518 472 551 se.
524 500 703 561 Credo,
729 511 809 548 aut
835 502 1029 549 Coelum
1055 500 1305 550 descendit
1326 500 1386 549 ad
1410 517 1649 566 sponsam,
1681 510 1760 551 aut
1781 503 1902 555 Ten·

303 571 520 622 ascendit
559 571 618 619 ad
657 573 907 636 sponsum!
960 572 1194 636 Concepit
1233 581 1387 619 tamen
1425 571 1575 621 Terra
1607 570 1666 620 de
1699 570 1851 621 Coelo

303 644 491 709 peperit
536 643 618 689 illa
662 641 839 700 Athos,
885 640 1039 690 Athos
1087 641 1337 689 Saturnum
1381 643 1498 691 mira
1543 643 1748 691 ratione.
1827 577 1942 702 1]ῐέ

303 722 550 779 parentum
582 713 778 760 similis?
813 712 911 760 Sed
944 722 995 760 et
1024 714 1234 795 peperit,
1270 721 1402 761 certe
1435 721 1542 761 ante
1569 711 1818 760 Saturnum
1848 712 1942 774 rie-'3

304 785 475 832 minem
507 791 907 847 procreaverunt,
955 783 1043 830 uisi
1081 799 1217 831 unam
1256 791 1424 847 postea
1455 781 1623 846 Opem,
1669 780 1841 831 exinde
1873 777 1942 833 Μ

308 854 475 902 subole
509 862 743 901 cessatum
771 863 863 901 est.
925 853 1046 900 Nam
1066 851 1297 901 Saturnus
1322 851 1507 917 quidem
1535 852 1728 902 Coelum
1755 862 1942 906 castra-⁵5

305 925 374 972 vit
411 922 742 971 dormientem.
818 923 1040 987 Legimus
1080 922 1274 971 Coelum
1314 938 1495 987 genere
1534 922 1817 983 masculin03
1855 938 1942 981 ce}

306 1004 458 1043 terum
483 992 716 1057 quomodo
740 1003 898 1056 pater,
932 994 1020 1041 nisi
1043 993 1356 1042 masculinus?
1387 991 1485 1042 Sed
1509 1002 1558 1041 et
1581 991 1705 1043 unde
1723 1001 1942 1051 castranqg

312 1063 449 1112 dum?
480 1064 577 1111 falx
607 1064 701 1110 illi:
734 1064 825 1111 hoc
858 1064 940 1111 s..l
950 1098 1055 1111 .....
1091 1061 1310 1111 Nondum
1343 1063 1466 1112 enim
1490 1062 1730 1113 Vulcanus
1761 1063 1942 1114 artifex

307 1135 446 1181 ferri.
499 1134 649 1182 Terra
679 1149 796 1181 vero
823 1133 989 1181 orbata
1016 1132 1221 1190 distulit,
1253 1134 1343 1180 etsi
1367 1132 1520 1180 adhuc
1545 1133 1736 1182 iuvenili
1761 1129 1940 1191 aetate,

307 1203 388 1250 alii
419 1203 618 1250 nubere.
670 1201 768 1251 Sed
799 1218 887 1250 nec
919 1202 1125 1250 habebat
1157 1202 1351 1252 Coelum
1375 1236 1474 1250 .....
1502 1210 1659 1252 tamen
1686 1203 1942 1255 nisi-illan}

306 1273 440 1321 Mare
479 1272 799 1335 amplectitur,
850 1271 936 1321 sed
978 1273 1077 1320 olet
1115 1272 1400 1339 salsuginem
1554 1273 1689 1337 aquis
1726 1282 1939 1329 assuetas.

307 1343 377 1391 Ita
410 1342 640 1390 Saturnus
672 1344 836 1391 unicus
867 1342 1100 1391 masculus
1134 1341 1269 1392 Coeli
1300 1351 1442 1406 atque
1462 1343 1661 1394 Terrae.
1713 1342 1812 1393 Sed
1834 1340 1942 1407 ipse·

307 1413 574 1478 pubescens
605 1414 763 1461 sorori
802 1429 914 1463 suae
953 1413 1181 1476 iungitur.
1251 1411 1472 1464 Nondum
1509 1413 1665 1477 leges,
1714 1429 1833 1477 quae
1866 1414 1936 1460 in.

310 1492 444 1532 cesta
474 1482 806 1546 prohiberent,
847 1498 937 1531 nec
978 1499 1099 1547 quae
1138 1482 1442 1546 parricidium
1481 1483 1767 1547 plecterent.
1845 1483 1935 1542 lia-

311 1569 400 1618 que
440 1553 565 1602 filios
602 1553 722 1601 virili
762 1569 879 1601 sexu
925 1552 1206 1610 devorabat3
1261 1554 1427 1603 melius
1472 1555 1599 1618 ipse,
1645 1569 1778 1617 quam
1825 1551 1934 1617 lupi,

308 1624 348 1671 si
381 1631 672 1687 exponerem
721 1622 916 1672 timebat
947 1623 1157 1681 scilicet,
1204 1638 1265 1670 ne
1294 1623 1398 1687 quis
1435 1623 1621 1672 illorum
1654 1622 1712 1670 de
1744 1632 1932 1687 paterne

310 1694 436 1741 falce
470 1691 737 1741 didicisset.
801 1692 926 1741 Nato
967 1709 1076 1743 mox
1116 1702 1165 1740 et
1202 1692 1469 1742 abalienato
1503 1693 1639 1751 Iove,
1674 1710 1835 1741 saxum
1866 1695 1930 1748 in.-

307 1764 451 1811 fantis
484 1763 697 1811 ementiti
728 1762 994 1826 deglutivit.
1067 1760 1171 1813 Hoc
1202 1763 1397 1826 ingenio
1450 1762 1530 1813 diu
1576 1779 1795 1820 securus,
1835 1772 1928 1815 tam,-

311 1832 417 1881 dem
448 1833 570 1890 filio,
607 1849 742 1896 quem
775 1831 982 1882 noudum
1015 1831 1307 1896 digesserat,
1340 1834 1389 1881 in
1418 1833 1629 1882 tenebris
1661 1832 1821 1882 adulto
1855 1849 1928 1897 opp

308 1919 502 1968 pressus
551 1919 795 1967 regnoque
841 1904 1048 1966 privatus
1095 1912 1184 1951 est.
1262 1903 1397 1953 Hunc
1444 1903 1580 1952 vobis
1624 1903 1927 1967 patriarcham

310 1973 504 2022 deorum
521 2008 535 2031 ‚
572 1973 767 2023 Coelum
786 1982 834 2023 et
858 1974 1030 2032 Terra,
1053 1975 1208 2037 poetis
1241 1973 1680 2032 obstetricantibus,
1713 1989 1924 2038 procrea·

307 2053 498 2094 verunt.
571 2042 669 2093 Sed
708 2044 957 2107 eleganter
993 2043 1179 2107 quidam
1218 2043 1308 2093 sibi
1353 2043 1577 2095 videntur
1604 2044 1921 2126 physiologice

307 2129 395 2178 per
424 2113 732 2176 allegoricam
771 2114 1227 2177 argumentationem
1268 2113 1325 2163 de
1368 2113 1574 2163 Saturno
1613 2114 1916 2195 interpretatu

307 2192 490 2265 tempus
523 2198 654 2240 esse,
689 2183 863 2231 etideo
883 2183 1079 2232 Coelum
1097 2193 1145 2232 et
1159 2184 1354 2232 Terram
1378 2193 1627 2247 parentes,
1662 2193 1782 2234 utet
1811 2185 1942 2248 ipso:¹

310 2253 486 2318 origini
517 2253 694 2310 nullos,
728 2261 778 2301 et
808 2252 919 2300 ideo
950 2253 1197 2311 falcatum,
1239 2254 1346 2317 quia
1385 2263 1599 2317 tempore
1639 2255 1793 2304 omnia
1825 2253 1923 2306 dici

308 2333 513 2381 mantur,
548 2333 597 2371 et
627 2322 737 2371 ideo
768 2332 1040 2372 voratorem
1071 2339 1284 2380 suorum,
1317 2322 1443 2386 quod
1468 2324 1623 2374 omnia
1648 2339 1710 2373 ex
1732 2340 1787 2372 se
1811 2322 1942 2376 editu

309 2396 357 2441 in
388 2410 440 2442 se
471 2395 623 2458 ipsum
655 2403 916 2442 consumat.
987 2392 1205 2442 Nominis
1236 2409 1423 2457 quoque
1456 2395 1775 2444 testimonium
1809 2410 1942 2446 com-

309 2465 511 2529 pellant:
547 2463 768 2513 Cronium
803 2463 981 2512 dictum
1014 2479 1217 2527 graece,
1250 2471 1301 2512 ut
1333 2463 1588 2524 Chronon3
1619 2479 1770 2529 aeque
1803 2459 1942 2518 latini

310 2535 527 2583 vocabuli
560 2551 588 2583 a
619 2534 878 2584 sationibus
909 2535 1140 2584 rationem
1171 2567 1325 2583 .......
1337 2542 1409 2592 nt,
1451 2535 1528 2598 qui
1569 2550 1674 2585 eum
1707 2549 1911 2602 procrea
1930 2556 1942 2579 1:

309 2615 462 2654 torem
494 2606 846 2664 coniectantur,
885 2621 973 2669 per
1003 2621 1108 2653 eum
1138 2604 1384 2653 seminalia
1413 2604 1540 2653 coeli
1570 2605 1619 2653 iu
1647 2613 1821 2653 terram
1854 2603 1909 2658 de
1933 2623 1942 2650 ι

308 2677 440 2724 ferri.
527 2675 672 2740 Opem
713 2675 999 2740 adiungunt,
1043 2674 1168 2740 quod
1207 2690 1343 2738 opem
1381 2673 1580 2724 videndi
1608 2675 1789 2725 semina
1822 2676 1942 2740 cotis]

310 2746 487 2804 ferant,
528 2755 577 2794 et
615 2745 742 2811 quod
781 2761 930 2810 opere
966 2746 1142 2795 semina
1179 2744 1392 2793 evadant.
1477 2744 1610 2806 Quae
1649 2762 1760 2803 oro,
1799 2745 1942 2810 buiut

310 2817 666 2865 translationem
699 2851 853 2867 .......
866 2832 1029 2880 ponas.
1089 2814 1187 2864 Aut
1218 2814 1446 2864 Saturnus
1476 2815 1586 2873 snit,
1624 2824 1704 2864 aut
1734 2825 1903 2885 tempu.
1941 2822 1942 2827 ’

311 2886 557 2945 Quomodo
577 2886 804 2934 Saturnus
827 2921 1001 2935 ........
1024 2884 1255 2950 quomodo
1281 2888 1493 2950 tempus?
1533 2884 1786 2950 Utrumque
1812 2884 1902 2934 eni!

308 2972 405 3004 non
436 2965 601 3020 potes,
643 2958 893 3021 corporale
927 2959 972 3004 in
1006 2972 1064 3004 eo
1079 2990 1273 3005 .........
1287 2972 1432 3004 mare.
1482 2955 1604 3015 Quid
1633 2965 1788 3003 autem
1819 2970 1900 3027 pro

307 3026 459 3076 hibuit
498 3035 678 3090 tempus
717 3029 811 3076 coli
849 3030 895 3075 in
936 3044 1019 3076 sua
1057 3027 1310 3092 qualitate?
1366 3060 1541 3076 ........
1584 3026 1806 3084 hominis,
1852 3023 1898 3073 ιιι·

309 3097 511 3144 fabulam
544 3097 767 3155 bominis,
808 3107 888 3145 aut
919 3098 1134 3145 famulam
1174 3097 1374 3144 hominis
1415 3099 1460 3144 in
1492 3112 1574 3145 sua
1605 3096 1791 3159 specie,
1833 3110 1890 3167 ιιοι
1919 3122 1923 3129 «
