1942 3554
499 135 586 173 An
631 135 1006 183 NA'rioNEs
1038 136 1165 174 ΜΒ.
1191 137 1222 174 1.
1568 136 1677 186 147

32 283 185 331 §trum
216 275 416 324 bumana
447 275 597 340 figura
628 285 723 335 est,
756 277 822 323 ita
854 285 902 324 et
932 286 1140 324 nostrum
1172 277 1382 340 propria.
1455 276 1679 337 Viderint

35 341 162 401 'nunc
194 345 488 405 liniamenta,
523 345 628 394 dum
659 364 749 395 una
780 348 842 395 sit
873 348 1090 411 qualitas3
1139 346 1316 395 viderit
1345 348 1519 407 forma,
1569 348 1676 397 dum

34 417 187 483 ipsum
219 418 282 464 sit
312 415 388 465 dei
423 433 611 481 corpus.
678 416 854 477 Quodsi
886 416 945 465 de
976 418 1068 466 hoc
1102 418 1370 466 differentia
1402 419 1672 480 intercedit,

35 495 217 552 quanto.
249 486 552 552 distinguitur
589 504 616 535 a
659 488 816 535 crucis
856 490 1018 552 stipite
1051 488 1208 536 Pallas
1245 488 1409 537 Attica
1442 499 1491 538 et
1524 490 1674 539 Ceres

36 557 234 617 Phania,
274 575 396 623 quae
434 559 535 605 sine
575 558 723 605 forma
765 557 870 605 rudi
915 559 1022 622 palo
1071 569 1120 607 et
1165 561 1268 607 solo
1302 561 1523 608 staticulo
1557 562 1674 626 ligni

35 629 250 678 informis
279 631 697 694 repraesentatur?
726 628 841 676 Pars
874 630 1052 688 crucis,
1095 639 1143 678 et
1174 629 1362 694 quidem
1393 632 1564 691 maius,
1599 642 1674 680 est

33 715 175 759 *omne
213 699 381 758 robur,
415 698 538 764 quod
571 698 629 747 de
662 709 796 749 recta
828 701 1037 748 statione
1081 700 1317 765 defigitur.
1405 700 1503 749 Sed
1534 703 1672 751 nobis

35 778 137 829 §ota
169 787 286 819 crux
315 770 590 834 imputatur,
633 787 736 818 cum
775 779 992 819 antemna
1039 772 1229 819 scilicet
1258 788 1341 819 sua
1373 780 1422 820 et
1454 789 1557 820 cum
1589 773 1670 822 illo

0 871 5 883 ι
35 840 199 892 sedilis
228 856 447 890 excessu.
523 840 626 890 Hoc
660 841 845 906 quidem
877 859 961 891 vos
993 842 1382 902 incusabiliores,
1423 844 1500 907 qui
1532 845 1671 891 muti-

35 912 128 961 lum
161 921 210 961 et
241 921 454 960 truncum
488 910 682 960 dicastis
714 913 912 977 lignum,
963 913 1087 979 quod
1127 914 1206 961 alii
1246 914 1433 978 plenum
1467 923 1516 961 et
1547 923 1670 963 stru-

33 992 160 1032 aum
207 992 624 1032 consecraverunt.
722 983 976 1032 Enimvero
1025 984 1082 1032 de
1129 985 1313 1049 reliquo
1362 987 1550 1050 integra
1596 994 1671 1033 est

32 1054 208 1118 religio
246 1054 383 1102 vobis
427 1054 646 1119 integrae
686 1057 864 1114 crucis,
921 1057 1042 1103 sicut
1076 1055 1344 1104 ostendam.
1433 1056 1670 1120 Ignoratis

31 1134 191 1181 nutem
231 1126 371 1173 etiam
411 1127 643 1189 originem
682 1127 818 1174 istam
865 1125 966 1174 deis
1011 1128 1182 1174 vestris
1223 1125 1281 1174 (le
1323 1127 1415 1174 isto
1456 1127 1668 1191 patibulo

34 1196 330 1261 provenisse.
412 1195 531 1244 Nam
574 1212 710 1244 omne
751 1198 1073 1255 simulacrum,
1115 1214 1202 1245 seu
1232 1197 1361 1261 ligno
1394 1214 1479 1245 seu
1511 1197 1667 1261 lapide

37 1265 328 1331 desculpitur
370 1283 455 1315 seu
501 1283 613 1314 aere
661 1266 935 1315 defunditur
972 1285 1056 1316 seu
1096 1284 1372 1332 quacunque
1413 1268 1506 1316 alia
1536 1269 1669 1316 locu-

33 1338 238 1402 pletiore
282 1338 481 1385 materia
526 1336 826 1400 producitur,
879 1340 1110 1403 plasticae
1164 1356 1325 1387 manus
1375 1338 1670 1403 praecedant

35 1424 239 1467 necesse
276 1417 371 1466 est,
426 1408 577 1472 plasta
616 1418 771 1457 autem
812 1409 986 1472 lignum
1027 1411 1183 1456 crucis
1230 1410 1276 1455 in
1306 1410 1457 1473 primo
1490 1411 1666 1467 statuit,

36 1479 251 1545 quoniam
290 1479 382 1542 ipsi
421 1494 606 1543 quoque
646 1480 838 1543 corpori
871 1489 1034 1527 nostro
1066 1482 1211 1528 tacita
1243 1489 1291 1526 et
1322 1488 1512 1527 secreta
1543 1481 1667 1527 linea

34 1549 191 1600 bmcis
221 1550 338 1598 situs
370 1558 458 1598 est.
535 1548 671 1609 Quod
703 1559 845 1614 caput
877 1551 1070 1609 emicat,
1107 1549 1232 1615 quod
1264 1551 1397 1614 spina
1430 1548 1665 1614 dirigitur,

35 1620 162 1687 quod
193 1620 490 1669 humerorum
523 1620 782 1685 obliquatio
815 1656 1050 1669 ........
1094 1621 1143 1668 Si
1177 1622 1397 1669 statueris
1422 1622 1667 1670 ,hominem

31 1691 245 1742 mani-bus
291 1691 534 1756 expansis,
581 1691 832 1756 imaginem
873 1693 1031 1740 crucis
1069 1693 1268 1740 feceris.
1361 1691 1481 1739 Huic
1521 1693 1668 1755 igitur

14 1761 259 1821 amulio,
292 1771 344 1810 et
371 1762 500 1810 velut
530 1763 766 1810 statumini
799 1762 967 1826 argilla
999 1762 1202 1826 desuper
1232 1764 1411 1809 intexta
1444 1763 1666 1826 paulatim

33 1833 243 1885 membra
280 1833 508 1897 complet,
549 1842 598 1880 et
631 1849 800 1897 corpus
840 1834 999 1890 struit,
1043 1842 1091 1880 et
1121 1826 1350 1891 habitum,
1398 1848 1534 1896 quem
1566 1832 1667 1895 pla-

34 1908 134 1953 cuit
163 1903 386 1968 argillae,
425 1904 550 1950 intus
591 1905 720 1950 cruci
754 1904 955 1966 ingerit,
998 1902 1107 1951 inde
1142 1904 1322 1950 circino
1359 1911 1406 1950 et
1435 1903 1665 1967 plumbeis

33 1974 236 2024 modulis
261 1974 563 2038 praeparatio
588 1974 824 2021 simulacri
849 1975 894 2020 in
920 1990 1145 2032 marmor,
1179 1974 1232 2025 in,
1259 1974 1425 2031 lutum,
1459 1973 1534 2020 vel
1568 1989 1665 2031 aes,

33 2046 112 2095 vel
143 2043 453 2110 quodcunque
486 2044 661 2107 placuit
693 2043 829 2092 deum
854 2044 980 2103 fieri,
1016 2044 1389 2107 transmigratur.
1451 2041 1496 2090 A
1523 2059 1667 2090 cruce

33 2116 218 2180 argilla,
243 2114 300 2163 ab
325 2114 493 2179 argilla
511 2113 650 2174 deus3
682 2114 1023 2179 quodammodo
1045 2115 1211 2163 transit
1228 2130 1345 2163 crux
1362 2115 1408 2161 in
1427 2113 1562 2162 deum
1583 2130 1670 2178 per

33 2186 269 2252 argillam.
342 2185 542 2234 Crucem
574 2186 721 2249 igitur
752 2187 1070 2244 consecratis,
1105 2203 1131 2233 a
1165 2202 1255 2250 qua
1286 2185 1512 2250 incipitur
1545 2201 1662 2232 con·-

15 2265 267 2309 sociatus.
307 2255 524 2321 Exempli
542 2258 697 2321 gratia
715 2255 887 2304 dictum
908 2258 1021 2316 erit,
1049 2273 1219 2322 nempe
1237 2254 1296 2303 de
1323 2255 1476 2304 olivae
1494 2255 1667 2303 nucleo

36 2335 88 2378 et
116 2343 236 2376 nuce
273 2327 449 2391 persici
480 2336 531 2375 et
560 2344 708 2391 grano
740 2329 916 2393 piperis
948 2328 1032 2375 sub
1065 2336 1194 2375 terra
1226 2336 1492 2391 temperato
1526 2326 1670 2375 arhor

36 2399 253 2463 exsurgit
283 2399 334 2445 iu,
361 2414 540 2456 ramos,
571 2398 617 2445 in
650 2414 846 2462 comam,
879 2399 925 2446 in
957 2399 1168 2462 speciem
1199 2398 1271 2445 sui
1298 2398 1509 2461 generis.
1552 2395 1667 2442 Eam

36 2469 79 2528 si
106 2469 390 2527 transieras»,
429 2465 506 2517 vvel
538 2467 597 2516 de
627 2468 836 2516 brachiis
869 2470 971 2517 eius
1003 2470 1050 2516 in
1090 2470 1227 2516 aliam
1260 2468 1470 2515 subolem
1503 2467 1666 2524 utaris,

37 2539 121 2589 eni
146 2538 446 2603 deputabitur
475 2538 600 2603 quod
633 2538 691 2587 de
732 2538 928 2586 traduce
968 2540 1217 2603 provenit?
1268 2554 1362 2585 non
1408 2536 1477 2583 illi
1516 2553 1667 2600 grano

35 2618 117 2661 aut
148 2610 257 2659 nuci
287 2618 368 2658 aut
398 2610 601 2658 nucleo?
642 2609 762 2657 Nam
798 2626 901 2657 cum
933 2610 1102 2657 tertius
1135 2607 1308 2672 gradus
1340 2605 1551 2655 secundo
1584 2606 1668 2654 ad-

35 2679 282 2738 scribitur,
327 2695 477 2744 aeque
515 2681 666 2745 primo
706 2679 964 2745 secundus,
1010 2681 1079 2727 sic
1126 2674 1297 2727 tertius
1336 2675 1572 2742 redigitur
1608 2675 1668 2724 ad

36 2751 236 2816 'plinium
268 2751 562 2798 transmissus
591 2766 679 2815 per
708 2750 984 2799 secundum.
1055 2749 1161 2798 Nec
1195 2748 1368 2797 diutius
1399 2764 1544 2813 super
1573 2748 1667 2795 isto

37 2818 456 2884 argumentandum
495 2829 587 2879 est,
630 2821 814 2885 quando
861 2820 1063 2869 naturali
1107 2820 1482 2885 praescriptione
1529 2833 1667 2866 omne

41 2891 233 2940 omnino
265 2906 414 2954 genus
446 2907 634 2939 censum
666 2891 725 2938 ad
751 2893 984 2955 originem
1009 2891 1182 2950 refert,
1217 2899 1483 2956 quantoque
1517 2905 1667 2954 genus

42 2969 290 3027 censetur,
330 2969 460 3008 tanto
501 2962 637 3025 origo
677 2963 957 3009 convenitur
994 2963 1040 3008 in
1081 2978 1279 3026 genere.
1361 2960 1411 3009 Si
1444 2961 1590 3024 igitur
1619 2959 1666 3005 in

37 3027 224 3101 ‘genere
264 3029 459 3080 deorum
501 3047 690 3079 crucum
732 3033 965 3095 originem
999 3033 1176 3091 colitis,
1222 3032 1300 3080 hic
1342 3033 1434 3080 erit
1471 3030 1667 3078 nucleus

42 3101 96 3151 et
125 3119 317 3167 granum
355 3099 690 3166 primordiale,
733 3118 792 3150 ex
831 3102 996 3167 quibus
1036 3103 1157 3167 apud
1197 3120 1280 3152 vos
1312 3103 1668 3151 simulacrorum

1211 3204 1312 3254 10*
