1942 3554
61 79 90 114 aq
59 0 102 61 ἢ»,

121 160 131 173 s
91 0 132 83 'lq‘u

570 177 1161 219 APOLOGETJCUS.
1623 171 1698 219 85

43 319 259 378 muniano
293 317 498 385 denique
529 318 714 384 proelio
746 316 807 369 ad
838 319 965 370 mille
999 334 1149 369 annos
1192 326 1300 365 ante
1344 326 1438 376 est,
1489 315 1614 366 unde
1650 327 1695 366 et

47 391 154 456 '3⁸9⁰
190 388 413 443 Saturno.
492 388 762 443 seeundum
794 390 917 441 enim
951 389 1198 440 historiam
1229 388 1405 447 Thalli,
1450 404 1540 453 qua
1570 388 1694 437 rela-

48 469 146 514 tvm
173 469 253 512 est
284 460 462 512 bullum
493 458 801 524 Assyriorum
844 469 892 507 et
924 459 1178 509 Saturnum
1208 459 1487 506 Titanorum
1529 475 1693 524 regem

47 546 153 586 cm
189 529 614 588 lone,2dimicasse‚
664 530 930 580 ostenditur
975 530 1150 579 bellum
1185 528 1400 578 CCCXX
1432 538 1481 578 et
1512 526 1692 579 duobus

40 601 183 650 annis
200 600 393 650 Iliacum
423 601 617 653 exitium
644 603 980 650 antecessisse.
1044 600 1139 649 Per
1169 600 1292 648 hunc
1317 599 1519 665 Moysen
1553 602 1691 649 etiam

49 671 130 737 illa
155 672 240 725 *lex
261 671 460 736 μηρία
477 670 665 721 Iudaeis
696 671 833 719 adeo
864 673 1007 719 missa
1040 680 1132 719 est.
1212 669 1453 736 Deinceps
1485 671 1628 719 multa
1647 673 1691 726 1)

31 750 101 797 *et
126 741 210 798 atti
246 742 511 807 prophetae
555 744 841 790 vetustiores
887 743 1057 790 litteris
1104 741 1294 789 vestris.
1373 741 1495 789 Nam
1529 751 1576 789 et
1616 743 1693 807 qui

32 812 210 870 ultimo
242 813 442 871 cecinit,
475 821 556 865 aut
586 813 875 877 aliquantulo
908 813 1255 878 praecucurrit,
1298 820 1378 860 aut
1410 820 1542 859 certe
1577 828 1692 859 con-

32 883 199 939 currit
234 891 394 937 aetate
434 884 695 948 sapientiae
734 883 1030 943 auctoribuS,
1081 884 1221 931 ctiam
1269 882 1498 931 latoribus
1544 883 1686 948 legiS.

31 953 165 1018 Gya-i
202 953 328 1006 euim
372 962 422 1001 et
451 952 584 1004 Darii
624 971 774 1020 regno
814 955 904 1002 fuit
934 955 1213 1013 Zacharias,
1264 970 1355 1019 quo
1396 955 1443 1000 in
1475 963 1691 1018 tempore

36 1022 246 1083 ἘΤΙιὸΙοε,
290 1024 600 1089 physicorum
645 1027 893 1090 princeps,
950 1027 1213 1073 sciscitanti
1264 1025 1449 1073 Croeso
1467 1025 1511 1086 2)
1577 1025 1692 1072 nihil

29 1101 230 1146 *eertum
277 1094 335 1142 de
388 1093 634 1144 divinitate
681 1095 951 1162 respondit,
1000 1096 1214 1144 turbatus
1261 1097 1451 1144 scilicet
1495 1095 1692 1144 vocibus

29 1163 403 1229 aptophetarum.
486 1164 634 1214 Solon
683 1165 836 1215 eidem
885 1168 991 1231 regi
1038 1167 1177 1215 linem
1224 1168 1398 1232 longae
1447 1167 1572 1215 vitae
1621 1168 1692 1213 in-

31 1233 274 1289 ἵωοιιᾶιιιιι
307 1234 606 1303 praedicavit
643 1254 736 1285 non
779 1239 942 1297 aliter,
997 1255 1130 1303 quain
1169 1238 1434 1302 prophetae
1453 1239 1530 1297 3);
1570 1236 1690 1285 adeo

48 1303 227 1369 respici
266 1315 447 1370 potest,
498 1316 590 1354 tam
635 1309 738 1356 iura
783 1318 941 1358 vestra
988 1326 1126 1374 quam
1173 1308 1325 1357 studia
1374 1308 1432 1357 de
1465 1308 1575 1373 lege
1610 1306 1691 1355 de-

48 1389 139 1443 que
187 1374 343 1426 divina
390 1375 607 1426 doctrina
655 1380 950 1443 concepisse.
1030 1378 1167 1440 Quod
1203 1381 1335 1444 prius
1376 1388 1463 1438 est,
1505 1379 1597 1426 hoc
1633 1380 1692 1427 sit

31 1461 210 1507 >semen
265 1463 465 1497 necesse
513 1458 604 1496 est.
696 1449 810 1497 Inde
860 1449 1088 1514 quaedam
1135 1450 1379 1498 nobiscum
1418 1450 1495 1497 vel
1539 1465 1690 1514 prope

29 1531 137 1569 ‚nus
181 1515 385 1566 habetis.
475 1517 546 1566 De
602 1520 765 1583 sophia
818 1537 950 1568 amor
1003 1522 1104 1568 eius
1157 1520 1458 1585 philosophia
1509 1520 1692 1567 vocita-

28 1595 125 1642 2tus
165 1596 266 1647 est,
321 1587 380 1638 de
428 1590 679 1654 prophetia
733 1590 975 1639 affectatio
1032 1592 1133 1638 eius
1178 1592 1416 1654 poeticam
1462 1591 1691 1638 vaticina-

30 1657 228 1718 itionem
273 1657 534 1724 deputavit.
617 1660 805 1710 Gloriae
853 1662 1089 1719 homines,
1149 1663 1187 1709 si
1235 1660 1346 1726 quid
1391 1663 1689 1718 invenerant,

29 1735 104 1776 -ut
142 1731 383 1794 proprium
430 1731 670 1790 facerent,
720 1732 1136 1791 adulteraverunt3
1195 1734 1337 1780 etiam
1384 1732 1619 1780 fructibus
1667 1749 1690 1778 a

28 1799 231 1848 faemina
281 1798 579 1865 degenerare
629 1804 848 1867 contigit.
942 1803 1103 1850 Multis
1150 1802 1302 1850 adhuc
1351 1802 1408 1850 de
1457 1811 1690 1850 vetustate

29 1867 203 1921 ‘modis
235 1873 551 1920 consisterem
594 1872 854 1920 divinarum
895 1873 1179 1930 litterarum,
1229 1874 1267 1920 si
1301 1890 1394 1919 non
1427 1874 1579 1920 maior
1610 1889 1692 1920 au-

31 1942 249 1989 ctoritas
294 1942 389 1990 iuis
426 1941 486 1989 ad
523 1942 663 1991 fidem
703 1941 761 1990 de
801 1944 1015 1991 veritatis
1054 1959 1166 1991 suae
1207 1942 1409 2002 viribus,
1459 1959 1591 2007 quam
1634 1941 1691 1990 de

50 2011 224 2059 aetatis
262 2012 504 2062 annalibus
544 2015 846 2077 suppetisset.
930 2012 1050 2072 Quid
1087 2014 1211 2061 enim
1249 2015 1492 2077 potentius
1531 2022 1692 2078 patro-

55 2080 293 2133 cinabitur
326 2084 602 2133 {estimonio
644 2100 827 2141 earum,
882 2085 972 2132 nisi
1012 2083 1276 2147 dispunctio
1311 2083 1584 2148 quotidiana
1616 2099 1691 2131 se-

54 2151 148 2205 culi
180 2152 346 2211 totius,
397 2169 498 2200 cum
533 2152 867 2218 dispositiones
886 2156 930 2213 4)
979 2171 1260 2218 regnorum,
1310 2168 1413 2201 cum
1448 2170 1582 2201 casus
1615 2170 1691 2200 ur-

31 2221 203 2280 ἰΒίιιῑῑι,
237 2239 340 2271 cum
373 2224 528 2271 exitus
568 2226 792 2288 gentium,
828 2242 929 2272 cum
971 2234 1118 2272 status
1151 2234 1412 2289 temporum
1446 2226 1510 2271 ita
1545 2226 1692 2271 omni-

32 2291 141 2346 hus
169 2293 481 2358 respondent,
530 2295 916 2358 quemadmodum
963 2306 1072 2344 ante
1119 2296 1263 2344 millia
1296 2312 1521 2343 annorum
1554 2311 1692 2359 prae-

55 2363 414 2414 nuntiabantur?
488 2364 621 2413 Unde
655 2376 703 2413 et
733 2382 843 2430 spes
877 2376 1061 2426 nostra,
1106 2383 1242 2430 quam
1281 2366 1474 2424 ridetis,
1517 2367 1693 2413 anima-

55 2440 146 2493 tur,
179 2443 228 2481 et
256 2433 443 2492 fiducia,
478 2453 611 2500 quam
643 2439 1072 2502 praesumptionem
1090 2438 1291 2494 vocatis,
1334 2436 1690 2483 corroboratur.

58 2501 236 2558 Idonea
267 2513 338 2555 est
369 2507 491 2553 enim
524 2509 795 2571 recognitio
843 2509 1209 2572 praeteritorum
1248 2506 1308 2554 ad
1356 2504 1689 2570 disponendam

58 2571 274 2624 fiduciam
303 2576 592 2625 futurorum:
645 2577 809 2625 eadem
842 2595 989 2626 voces
1020 2577 1418 2641 praedicaverunt
1448 2586 1692 2640 utramque

58 2652 258 2707 partem,
294 2645 456 2694 cadem
475 2648 661 2696 litterae
695 2658 991 2696 notaverunt.
1071 2647 1219 2694 Unum
1254 2657 1329 2695 est
1360 2657 1538 2710 tempus
1570 2645 1694 2710 apud

59 2713 191 2772 illas,
241 2715 364 2779 quod
410 2717 534 2781 apud
578 2735 663 2766 nos
712 2721 921 2782 separari
970 2718 1170 2765 videtur.
1257 2718 1324 2764 Ita
1374 2719 1526 2764 omnia
1574 2732 1693 2780 quae

60 2794 311 2848 supersunt
339 2787 598 2851 improbata
616 2790 660 2848 ⁵)
698 2799 802 2836 sunt
836 2790 986 2846 nobis,
1022 2790 1127 2852 quia
1163 2805 1262 2834 cum
1297 2789 1403 2846 illis,
1439 2805 1556 2852 quae
1581 2803 1693 2851 pro-

176 2923 222 2973 1)
253 2925 433 2966 flavere.
456 2930 564 2968 coni.
591 2932 765 2978 multi3
799 2932 873 2968 sed
900 2933 1072 2968 verbum
1104 2930 1275 2977 aliquod
1298 2930 1510 2968 excidisse
1526 2929 1617 2967 veri
1634 2928 1693 2966 si-

48 2980 202 3029 ,utilius
226 2986 304 3019 est.
422 2985 467 3032 2)
500 2987 692 3025 Cod.Ms.
710 2989 855 3035 Cyro.
976 2983 1020 3036 3)
1051 2987 1117 3024 Ps.
1135 2988 1201 3036 39,
1227 2990 1266 3025 5.
1385 2987 1430 3036 4)
1456 2987 1554 3025 Cod.
1585 2997 1691 3023 cum

55 3034 416 3086 §inpositione
446 3052 717 3090 regnorum
752 3048 834 3082 etc.
959 3041 999 3091 5)
1031 3043 1273 3092 Scioppius:
1319 3044 1418 3081 iam
1451 3044 1693 3092 probata,

45 3090 239 3152 were.
272 3095 323 3133 in
354 3098 582 3145 probato.
643 3101 722 3138 Sed
770 3100 994 3149 legendum
1034 3103 1194 3140 statuo:
1241 3112 1367 3148 quae
1405 3100 1694 3149 supersunt

55 3146 372 3203 inprobata,
405 3155 759 3202 probatasunt
784 3158 930 3195 nobis
948 3158 1028 3194 etc.

1273 3244 1342 3291 6*

47 3348 75 3387 322?

70 3484 73 3486 ”
93 3489 112 3503 ν

113 3536 118 3544 ·
130 3542 141 3554 1
235 3536 245 3552 l
