1942 3554
665 130 748 168 DE
785 129 1125 168 ORATIONE.
1627 128 1708 174 15

87 242 228 292 modo
259 239 512 292 secundum
543 251 845 307 praeceptum
876 259 969 307 pax
997 243 1106 291 huic
1146 241 1302 290 domui
1342 240 1495 301 dices,
1542 243 1632 289 nisi
1664 252 1714 290 et

29 310 32 312 ’
64 315 181 362 'eisz
217 316 294 379 qui
325 315 372 362 in
404 313 542 361 domo
576 323 702 371 sunt,
734 330 898 378 pacem
930 323 1134 361 mutuam
1164 312 1336 361 reddas
1361 315 1441 374 1)?

229 387 380 445 222)
441 385 778 447 Diligentiores
823 387 870 432 in
915 384 1094 432 orando
1134 384 1418 447 subiungere
1458 385 1505 431 in
1537 385 1712 432 oratio-

89 455 224 503 nibus
254 455 443 503 alleluia
473 457 628 503 solent
657 464 706 502 et
735 455 825 503 hoc
859 471 1005 518 genus
1034 456 1262 520 psalmos,
1304 471 1498 518 quorum
1530 456 1714 502 clausu-

88 527 146 574 lis
175 525 513 590 respondeant,
561 527 638 589 qui
683 527 815 573 simul
862 535 981 572 sunt.
1064 526 1127 572 Et
1171 535 1243 573 est
1287 527 1509 589 optimum
1554 527 1713 590 utique

88 598 347 645 institutum
379 612 539 654 omne,
573 596 696 660 quod
726 595 1034 660 proponendo
1067 605 1116 642 et
1144 595 1422 643 honorando
1462 596 1552 644 deo
1585 613 1714 644 com-

88 668 223 733 petit,
256 675 510 715 saturatam
535 668 795 714 orationem
819 667 948 713 velut
971 667 1191 729 optimam
1215 666 1415 712 hostiam
1442 666 1712 715 admovere.

228 742 312 790 23.
331 740 376 798 3)
439 737 568 784 Haec
599 746 672 784 cst
702 737 822 784 enim
863 737 1016 783 hostia
1061 737 1306 800 spiritalis,
1355 752 1473 799 quae
1517 739 1713 801 pristina

89 808 326 856 sacrificia
355 807 544 855 delevit.
621 807 722 865 Quo
754 806 888 863 mihi,
922 807 1070 870 inquit
1090 809 1163 867 4),
1196 806 1535 854 multitudinem
1568 809 1715 854 sacri-

89 879 300 927 ficiorum
329 881 623 926 vestrorum?
680 876 851 924 Plenus
882 893 980 924 sum
1011 877 1465 924 holocaustomatum
1491 879 1713 937 arietum3

89 957 139 997 et
181 947 366 1014 adipem
405 964 655 1012 agnorum,
704 957 753 995 et
791 949 1064 1010 sanguinem
1110 957 1350 995 taurorum
1390 957 1439 995 et
1476 949 1714 996 hircorum

88 1020 214 1068 nolo.
290 1019 403 1079 Quis
434 1020 557 1066 enim
587 1020 832 1083 requisivit
861 1020 950 1066 ista
988 1018 1045 1066 dc
1077 1019 1289 1066 manibus
1325 1020 1527 1067 vestris?
1585 1019 1715 1078 Quae

89 1105 206 1154 ergo
238 1091 496 1155 quaesierit
524 1089 661 1147 deus,
695 1091 988 1153 evangelium
1021 1089 1177 1137 docet.
1251 1089 1428 1137 Veniet
1457 1090 1599 1149 hora,
1646 1092 1716 1138 in-

91 1163 190 1226 quit
211 1162 283 1221 5),
333 1177 471 1226 quum
516 1162 618 1208 veri
652 1160 935 1210 adoratores
967 1160 1231 1207 adorabunt
1259 1170 1441 1224 patrem
1472 1163 1519 1208 in
1552 1162 1716 1224 spiritu
1790 1157 1792 1159 ’

90 1241 141 1280 et
166 1232 384 1280 veritate.
459 1231 586 1279 Deus
617 1227 739 1279 enim
771 1232 959 1295 spiritus
991 1232 1149 1291 estss),
1183 1240 1233 1278 et
1255 1230 1534 1279 adoratores
1559 1233 1716 1295 itaque
1791 1274 1798 1299 3

89 1303 210 1351 tales
240 1303 454 1366 requirit.
530 1301 631 1349 Nos
663 1308 816 1349 sumus
846 1303 948 1361 veri
979 1301 1257 1349 adoratores
1289 1311 1338 1349 et
1360 1304 1461 1350 veri
1493 1302 1717 1350 sacerdo-
1794 1302 1797 1317 ³

89 1381 185 1431 tes,
240 1374 317 1437 qui
356 1374 521 1437 spiritu
561 1381 751 1420 orantes
789 1374 954 1436 spiritu
993 1373 1311 1420 sacrificamus
1344 1374 1608 1422 orationem
1640 1372 1716 1421 dci

88 1443 326 1508 propriam
372 1452 422 1490 ct
465 1443 830 1506 acceptabilem,
877 1440 1012 1506 quam
1044 1444 1231 1490 scilicet
1267 1445 1533 1507 requisivit,
1581 1460 1716 1508 quam

89 1512 177 1562 sibi
207 1515 465 1579 prospexit.
542 1512 673 1561 Hanc
705 1511 763 1560 de
795 1522 896 1560 toto
929 1513 1074 1560 corde
1108 1512 1347 1571 devotam,
1396 1513 1487 1561 fide
1518 1523 1715 1579 pastam,

88 1586 289 1633 veritate
329 1593 561 1645 curatam,
609 1585 882 1631 innocentia
920 1586 1174 1647 integram,
1223 1587 1440 1633 castitate
1482 1584 1715 1644 mundam,

88 1671 240 1721 agape
272 1665 546 1704 coronatam
578 1672 682 1702 cum
712 1672 882 1719 pompa
913 1672 1107 1719 operum
1144 1656 1374 1703 bonorum
1424 1658 1551 1704 inter
1592 1658 1718 1722 psal-

89 1742 198 1795 mos)
218 1735 270 1775 et
294 1723 494 1791 'hymnos
526 1725 764 1773 deducere
796 1725 855 1772 ad
887 1724 965 1773 dei
990 1726 1139 1773 altare
1166 1725 1411 1784 debemus,
1447 1729 1601 1775 omnia
1632 1726 1717 1775 no'-

86 1797 162 1847 his
191 1814 221 1845 a
249 1795 341 1846 deo
372 1798 740 1863 impetraturam.

230 1869 379 1929 24.'¹)
441 1866 562 1926 Quid
607 1868 730 1914 enim
776 1867 978 1913 orationi
1024 1866 1082 1915 de
1129 1868 1294 1931 spiritu
1326 1876 1374 1914 et
1402 1869 1604 1915 veritate
1634 1885 1718 1916 ve-

90 1939 238 1987 nienti
268 1939 460 2002 negavit
489 1936 625 1995 deus,
668 1938 744 2001 qui
785 1953 886 1984 eam
918 1939 1099 2000 exigit?
1169 1937 1391 2001 Legimus
1430 1947 1479 1985 et
1507 1938 1718 1986 audimus

91 2018 142 2057 et
172 2007 428 2066 credimus,
463 2017 634 2072 quanta
665 2007 946 2055 documenta
978 2009 1223 2056 efficaciae
1256 2009 1371 2055 cius.
1432 2006 1583 2056 Vetu's
1616 2011 1717 2073 qui-

92 2078 198 2128 dem
230 2080 381 2127 oratio
413 2087 462 2126 et
490 2079 548 2126 ab
580 2079 764 2141 ignibus
796 2087 844 2125 et
874 2095 902 2124 a
930 2078 1096 2126 bestiis
1127 2087 1176 2125 et
1200 2079 1256 2126 ab
1283 2078 1441 2126 inedia
1468 2079 1715 2137 liberabat,

91 2158 143 2198 et
169 2159 324 2198 tamen
355 2166 447 2196 non
471 2166 498 2196 a
516 2149 701 2196 Christo
734 2158 990 2212 acceperat
1019 2150 1230 2196 formam.
1294 2149 1515 2197 Ceterum
1542 2160 1715 2214 quanto

91 2221 286 2286 amplius
318 2228 479 2268 oratur
509 2221 660 2267 oratio
693 2219 1085 2266 Christianorum!
1147 2219 1257 2267 Non
1279 2222 1401 2267 roris
1427 2222 1643 2284 angelum
1670 2223 1716 2268 in

90 2290 256 2340 mediis
286 2291 471 2354 ignibus
502 2291 646 2348 sistit,
679 2307 768 2337 nec
795 2307 879 2337 ora
904 2291 1116 2338 leonibus
1142 2291 1357 2349 obst-ruit,
1390 2308 1478 2339 nec
1504 2293 1716 2340 esurien-

91 2362 214 2410 tibus
244 2362 523 2410 rusticorum
553 2360 797 2425 prandium
829 2362 1054 2408 transfert
1076 2363 1146 2421 8),
1188 2362 1360 2410 nullum
1391 2378 1577 2410 sensum
1607 2379 1715 2426 pas-

92 2433 238 2481 sionis
269 2432 488 2496 delegata
518 2433 893 2495 gratia‘avertit3
927 2431 1011 2479 sed
1041 2434 1274 2495 patientes
1306 2440 1355 2479 et
1378 2433 1636 2480 sentientes
1669 2442 1717 2480 et

94 2501 309 2552 dolentes
339 2502 612 2551 sufferentia
642 2503 842 2559 instruit,
874 2503 1046 2549 virtute
1065 2503 1256 2565 ampliat
1282 2503 1497 2564 gratiam,
1523 2511 1575 2549 ut
1597 2505 1717 2550 sciat

94 2572 236 2632 fides,
269 2572 380 2639 quid
409 2589 438 2620 a
467 2572 654 2620 domino
688 2581 1022 2635 consequatur,
1055 2573 1346 2635 intelligens,
1380 2571 1489 2636 quid
1519 2590 1606 2636 pro
1638 2573 1715 2622 dei

96 2645 282 2693 nomine
310 2643 530 2709 patiatur.
595 2641 691 2690 Sed
722 2651 770 2690 et
799 2651 928 2689 retro
956 2642 1106 2689 oratio
1131 2643 1294 2706 plagas
1319 2643 1577 2706 irrogabat,
1609 2644 1714 2691 fun-

97 2710 241 2762 debat
265 2714 467 2762 hostium
499 2715 758 2771 exercitus,
791 2712 1003 2760 imbrium
1042 2713 1174 2759 utilia
1209 2712 1505 2777 prohibebat.
1574 2712 1712 2763 Nunc

97 2799 212 2832 vero
243 2785 631 2833 oratio'iustitiae
665 2800 845 2831 omnem
876 2785 991 2831 iram
1032 2781 1109 2831 dei
1153 2785 1342 2843 avertit,
1387 2801 1474 2849 pro
1513 2785 1714 2834 inimicis

210 2911 256 2960 1)
286 2911 390 2949 Luc.
406 2913 473 2960 1⁰,
494 2915 530 2950 5.
663 2912 707 2960 2)
741 2913 841 2960 Cap.
870 2913 934 2948 27.
962 2923 1026 2959 ap.
1050 2913 1207 2950 Murat.
1341 2912 1385 2962 3)
1417 2914 1518 2962 Cap.
1553 2915 1618 2951 28.
1646 2925 1713 2963 ap.

94 2969 252 3008 Mutat.
396 2967 441 3017 4)
472 2970 550 3007 les.
579 2970 627 3017 1,
657 2970 722 3006 11.
869 2969 911 3017 5)
944 2970 1028 3006 loa.
1054 2970 1100 3017 4,
1132 2971 1196 3008 23.
1341 2969 1386 3019 6)
1418 2972 1442 3006 2
1461 2971 1554 3009 eor.
1573 2973 1619 3019 3,
1647 2972 1712 3007 17.

96 3024 150 3121 ’ἑὲ
165 3026 274 3130 ἕξις).
292 3025 358 3062 29.
378 3035 444 3073 ap.
463 3025 618 3063 Mutat.
744 3025 788 3074 8)
822 3025 928 3062 Dan.
958 3027 1003 3076 3,
1035 3026 1086 3063 25
1110 3036 1197 3074 sqq.
1228 3029 1268 3079 6,
1292 3027 1344 3064 16
1364 3037 1451 3087 sqq.
1512 3029 1536 3064 2
1553 3028 1653 3076 Reg.
1670 3028 1710 3075 4,
