1942 3554
302 106 413 148 'DE
450 90 634 149 FUGA
670 111 744 149 ιΝ
782 109 1369 148 PERSECU'MONE.
1545 110 1666 159 215

19 248 286 313 'efflanimes
328 251 591 309 consolari,
641 268 732 300 non
766 259 922 298 tamen
955 251 1001 297 in
1035 251 1190 313 fugam
1225 251 1362 297 mitti.
1435 249 1532 299 Sed
1565 266 1673 299 cumv

38 320 329 384 ==dmonet,¹)
364 338 422 370 ne
455 323 609 369 locum
641 322 765 369 malo
799 320 975 379 demus,
1009 337 1102 367 non
1134 321 1277 384 fugae
1304 322 1523 384 suggerit
1555 337 1675 368 con-

32 393 208 451 silium,
249 391 331 440 sed
367 391 641 440 iracundiae
674 392 820 439 docet
850 400 1291 455 temperamentum,
1326 401 1374 439 et
1405 392 1444 438 si
1468 392 1512 454 2)
1561 390 1672 439 red-

31 463 266 511 :Imendum
313 471 494 526 tempus
542 461 678 521 dicit,
735 464 840 526 quia
890 461 992 510 dies
1031 478 1229 525 nequam
1270 471 1400 520 sunt,
1447 478 1542 509 non
1583 478 1674 526 per

29 534 213 598 lugam,
267 532 350 580 sed
388 549 478 597 per
516 534 793 596 sapientiam
835 533 1213 579 conversationis
1245 533 1422 579 lucrari
1453 549 1540 579 nos
1572 533 1672 580 vult

40 613 357 652 commeatum.
437 602 658 650 Ceterum
692 604 768 667 qui
800 604 963 650 lucere
997 619 1082 649 nos
1116 602 1247 649 iubet
1284 603 1414 650 velut
1446 604 1569 650 filios
1602 603 1677 650 lu·

15 675 120 732 cis,
153 691 244 720 non
276 673 407 720 iubet
438 673 549 737 fuga
580 672 808 721 abscondi
840 681 891 718 ut
921 673 1042 719 filios
1069 672 1393 731 tenebrarum3
1425 682 1553 721 stare
1586 675 1677 720 im-

19 758 23 765 ³
78 743 230 792 obiles
269 745 525 807 praecipit,
583 746 741 808 utique
783 758 870 790 nec
914 743 1024 807 fuga
1065 743 1288 801 mobiles;
1348 752 1396 790 et
1426 745 1678 791 accinctosv

30 817 79 865 =in
109 815 290 878 fugam,
330 830 386 860 an
421 815 466 860 in
501 830 749 861 occursum
784 815 1052 876 evangelii?
1096 829 1223 860 arma
1256 830 1443 877 quoque
1478 813 1673 860 demon-

16 893 178 942 strat,
234 900 353 948 quae
385 884 606 947 fugituris
637 901 729 931 non
763 893 923 931 essent
962 884 1266 931 necessaria?
1313 886 1439 931 inter
1469 901 1590 948 quae
1625 893 1676 932 et

41 955 256 1020 clipeum,
290 971 381 1018 quo
414 956 603 1019 possitis
635 955 730 1002 tela
763 954 938 1002 diaboli
971 956 1275 1018 extinguere,
1300 956 1346 1013 3)
1389 956 1676 1004 resistentes>

36 1027 136 1075 siue
182 1023 323 1072 dubio
371 1034 421 1072 et
466 1027 762 1090 excipientes
809 1042 991 1072 omnem
1031 1027 1124 1072 vim
1164 1026 1302 1072 illius.
1375 1025 1582 1073 Proinde
1627 1035 1677 1074 et

17 1096 235 1145 {loannes
256 1097 302 1158 4)
356 1112 442 1160 pro
489 1097 712 1144 fratribus
759 1112 945 1160 quoque
992 1098 1169 1143 animas
1217 1096 1461 1159 ponendas
1511 1095 1672 1155 docet,

16 1166 202 1215 :medum
243 1183 329 1231 pro
371 1166 574 1215 domino.
653 1167 755 1214 Hoc
795 1183 822 1213 a
862 1167 1154 1230 fugientibus
1194 1184 1288 1214 non
1327 1176 1490 1230 potest
1527 1167 1678 1215 adim-

29 1238 176 1302 ipleri.
244 1237 458 1301 Denique
490 1255 671 1285 memor
699 1237 1021 1304 Apocalypsis
1054 1253 1168 1285 suae
1200 1239 1246 1284 in
1282 1254 1371 1301 qua
1402 1237 1679 1285 timidorum

40 1309 211 1356 exitum
250 1307 489 1366 audierat,
539 1307 597 1356 de
646 1325 730 1355 suo
778 1324 917 1355 sensu
964 1308 1187 1356 admonet
1228 1318 1276 1356 et
1314 1309 1414 1372 ipse
1456 1310 1675 1356 timorem

18 1378 373 1443 ⁴reiiciendum:
432 1379 613 1436 Timor,
663 1381 812 1443 inquit
835 1381 902 1440 5),
954 1397 1046 1426 non
1081 1388 1154 1427 est
1184 1381 1230 1425 in
1264 1378 1549 1437 dilectione,
1589 1379 1676 1427 sed

18 1449 160 1499 renim
193 1450 407 1512 perfecta
439 1448 633 1496 dilectio
665 1450 794 1497 foras
826 1451 966 1496 mittit
991 1451 1227 1507 timorem,
1264 1451 1370 1514 quia
1397 1452 1540 1497 timor
1565 1467 1679 1514 sup-

17 1521 367 1585 ;›plicamentum
399 1520 563 1578 habet,
597 1522 758 1584 utique
790 1521 947 1583 ignem
981 1522 1160 1585 stagni3
1221 1521 1299 1584 qui
1331 1530 1487 1568 autem
1523 1523 1675 1579 timet,

28 1607 132 1639 mon
171 1599 246 1638 est
283 1591 523 1655 perfectus
562 1592 606 1637 in
641 1590 921 1649 dilectione,
971 1593 1047 1638 dei
1089 1592 1290 1639 scilicet.
1370 1591 1520 1638 Porro
1572 1593 1677 1656 quis

21 1661 190 1726 ,fugiet
219 1663 624 1724 persecutionem,
657 1663 747 1708 nisi
781 1662 858 1725 qui
890 1662 1104 1709 timebit?
1172 1661 1284 1721 Quis
1323 1663 1532 1720 timebit,
1583 1664 1676 1710 nisi

20 1733 116 1797 {qui
162 1748 254 1778 non
302 1734 510 1779 amavit?
570 1731 791 1796 Spiritum
832 1749 948 1779 vero
991 1734 1030 1779 si
1071 1732 1318 1790 consulas,
1368 1733 1478 1796 quid
1525 1735 1682 1797 magis

41 1818 260 1850 sermone
313 1803 393 1848 illo
448 1804 637 1866 spiritus
690 1803 887 1866 probat?
945 1802 1160 1866 Namque
1209 1820 1371 1850 omnes
1417 1819 1571 1866 paene
1618 1803 1678 1851 ad

31 1875 312 1936 martyrium
346 1873 643 1930 exhortatur,
698 1889 790 1918 non
823 1871 882 1919 ad
916 1874 1098 1935 fugam3
1142 1882 1191 1919 ut
1231 1882 1279 1919 et
1309 1874 1436 1920 illius
1470 1890 1676 1921 comme-

30 1959 301 1991 amoremur:
342 1942 624 2000 Publicaris,
662 1944 823 2007 inquit,
856 1943 1027 1990 bonum
1062 1944 1144 1990 tibi
1178 1953 1277 2003 est,
1314 1944 1393 2008 qui
1426 1946 1549 1992 enim
1582 1962 1676 1992 non

31 2013 307 2077 publicatur
351 2014 397 2059 in
437 2014 720 2071 hominibus,
769 2014 1036 2077 publicatur
1074 2016 1119 2061 in
1162 2013 1366 2061 domino.
1443 2014 1518 2063 Ne
1560 2032 1678 2063 con—

41 2084 274 2141 fundaris,
306 2084 485 2131 iustitia
516 2093 563 2131 te
595 2084 815 2147 producit
846 2086 893 2130 in
926 2084 1144 2132 medium.
1216 2084 1335 2143 Quid
1369 2085 1677 2134 confunderis

43 2154 225 2202 laudem
270 2154 471 2202 ferens?
534 2155 749 2202 Potestas
789 2156 862 2213 fit,
927 2172 1029 2202 cum
1084 2157 1378 2219 conspiceris
1426 2156 1484 2203 ab
1528 2157 1678 2204 homi-

23 2225 193 2275 unibus.
273 2223 353 2272 Sic
388 2235 436 2273 et
465 2226 599 2272 alibi:
655 2225 818 2273 Nolite
852 2228 896 2272 in
931 2227 1115 2274 lectulis
1148 2243 1237 2275 nec
1270 2228 1315 2273 in
1347 2227 1595 2274 aborsibus
1630 2237 1678 2275 et

22 2295 253 2360 lfiinibus
282 2296 500 2343 mollibus
532 2306 696 2360 optare
729 2298 887 2355 exire,
930 2297 1013 2344 sed
1045 2299 1091 2344 in
1123 2298 1386 2362 martyriis,
1427 2299 1492 2345 uti
1528 2298 1680 2361 glori·

22 2365 218 2415 &ficetur
245 2367 324 2430 qui
357 2376 430 2415 est
459 2383 626 2431 passus
657 2384 744 2431 pro
777 2368 928 2415 vobis.

187 2441 267 2488 10.
330 2437 428 2485 Sed
461 2440 643 2485 omissis
684 2437 867 2502 quidam
903 2438 1070 2486 divinis
1109 2439 1518 2486 exhortationibus
1550 2439 1682 2486 illum

28 2509 192 2572 *magis
224 2505 456 2555 Graecum
502 2510 785 2556 versiculum
834 2510 1062 2555 secularis
1109 2510 1375 2555 sententiae
1416 2508 1505 2555 sibi
1544 2507 1680 2556 adhi-

34 2577 179 2642 -bentz
220 2579 297 2642 qui
330 2579 558 2641 fugiebat,
590 2596 752 2626 rursus
783 2579 1118 2643 proeliabitur3
1139 2577 1182 2639 ⁶)
1222 2588 1272 2624 ut
1305 2587 1355 2625 et
1385 2594 1548 2626 rursus
1580 2580 1682 2626 for-

24 2649 165 2700 *sitan
195 2649 360 2712 fugiat.
414 2649 476 2696 Et
507 2649 693 2714 quando
724 2651 907 2706 vincet,
943 2650 1021 2712 qui
1056 2666 1156 2696 cum
1191 2649 1370 2712 fugerit
1401 2651 1551 2696 victus
1578 2652 1680 2697 est?

26 2717 227 2769 *Bonum
273 2720 466 2767 militem
500 2720 688 2767 Christo
737 2720 1010 2783 imperatori
1058 2737 1142 2766 suo
1190 2728 1418 2782 praestat,
1468 2722 1544 2784 qui
1585 2729 1677 2767 tam

25 2789 185 2853 {plene
217 2788 274 2836 ab
297 2791 527 2852 Apostolo
560 2800 786 2847 armatuS,
819 2791 930 2837 tuba
960 2791 1310 2852 persecutionis
1341 2789 1521 2849 audita,
1557 2790 1684 2840 diem

164 3030 209 3078 1)
240 3028 347 3076 Eph.
364 3029 404 3075 4,
424 3030 489 3064 27.
609 3025 654 3079 2)
685 3030 791 3077 Eph.
810 3032 849 3076 5,
869 3032 935 3067 16.
1055 3030 1100 3078 3)
1129 3031 1237 3080 Eph.
1257 3035 1296 3080 6,
1320 3034 1388 3071 16.
1506 3033 1549 3081 4)
1581 3034 1697 3081 110.=

50 3087 94 3135 ³,
110 3075 176 3123 16.
294 3084 336 3133 5)
371 3089 388 3122 1
412 3087 471 3126 lo,
489 3086 528 3134 4,
548 3086 613 3122 18.
731 3085 772 3134 6)
797 3081 935 3141 Ἀνὴρ
958 3081 980 3125 ὁ
1000 3083 1162 3138 φεύγων
1178 3086 1249 3128 καὶ
1271 3086 1405 3128 πάλιν
1426 3084 1684 3141 μαχήσεται.
