1942 3554
300 237 382 287 50
832 236 915 274 DE
945 229 1411 274 1D0L0LArn1A.¹

439 380 521 427 20.
566 374 662 423 Sed
695 376 818 423 enim
852 391 955 422 cum
988 375 1286 423 conversatio
1315 372 1502 421 divinae
1532 371 1810 438 disciplinae
1836 379 1942 422 n

296 448 437 494 factis
469 453 672 503 tantum,
720 461 882 492 verum
915 446 1057 493 etiam
1086 444 1245 493 verbis
1275 444 1597 508 periclitetur,
1646 450 1770 504 <nam
1807 444 1912 492 sic'ss.
1938 470 1942 485 ·.

230 574 234 578 p
297 517 525 579 scriptum
558 524 654 562 cst:
696 530 814 564 cccc
847 516 986 563 homo
1020 523 1069 563 et
1098 515 1224 563 facta
1256 515 1382 572 eius,
1428 514 1496 561 ita
1510 514 1583 573 ¹)=
1639 529 1700 561 ex
1731 528 1816 562 ore
1847 523 1884 561 t‹

298 584 651 644 iustificaberis)
700 584 969 633 meminisse
1016 583 1240 632 debemus
1290 599 1396 632 esse
1442 585 1490 632 in
1535 583 1696 632 verbis
1741 599 1935 649 quoqu⁴

298 656 600 704 idololatriae
646 656 884 703 incursum
933 654 1310 719 praecavendum
1356 662 1436 702 aut
1477 653 1535 702 de
1575 653 1933 703 consuetudin

297 727 414 774 vitio
447 734 527 773 aut
558 724 834 773 timiditatis.
898 725 1028 774 Deos
1059 726 1300 773 nationum
1332 725 1562 773 nominari
1594 725 1673 772 lex
1687 724 1735 785 2)
1769 716 1942 791 prohſj.

297 796 401 855 bet,
449 813 542 843 non
588 797 772 859 utique,
825 811 885 843 ne
931 797 1119 843 nomina
1164 811 1326 843 eorum
1373 795 1752 859 pronuntiemus,
1812 798 1920 862 qu‘

297 866 436 914 nobis
470 874 521 913 ut
552 865 759 913 dicamus
786 867 1086 914 conversatio
1115 874 1383 930 extorquet.
1431 864 1553 912 Nam
1584 864 1632 912 id
1655 865 1942 930 plerumquz

301 935 552 984 dicendum
584 944 678 983 est:
719 938 766 983 in
797 937 971 1000 templo
995 934 1273 999 Aesculapii
1303 936 1432 982 illum
1464 935 1628 993 habes,
1665 943 1711 982 et
1745 936 1792 982 iu
1821 935 1867 981 vi
1930 951 1933 954 ·

300 1006 436 1055 Isidis
466 1007 652 1064 habito,
693 1015 741 1053 et
771 1005 998 1054 sacerdos
1031 1006 1155 1055 Iovis
1187 1007 1342 1054 factus
1375 1014 1472 1064 est,
1514 1014 1563 1053 et
1592 1005 1735 1053 multa
1765 1005 1855 1052 alia
1876 1003 1898 1022 ’“
1917 1052 1926 1071 ;

300 1078 422 1124 hunc
455 1075 664 1134 modum,
721 1075 905 1141 quando
947 1085 995 1123 et
1034 1076 1298 1124 hominibus
1337 1076 1427 1123 hoc
1461 1091 1611 1141 genus
1642 1075 1832 1123 nomina
1861 1075 1937 1130 in}

303 1146 550 1194 ducuntur.
617 1146 787 1210 Neque
821 1147 944 1194 enim
978 1146 1226 1194 Saturnum
1259 1147 1467 1205 honoro,
1514 1147 1551 1194 si
1585 1161 1720 1211 quem
1753 1146 1819 1193 ita
1847 1132 1932 1211 voi»

303 1231 473 1265 cavero
514 1233 597 1263 suo
639 1217 851 1275 nomine3
908 1226 1002 1264 tam
1043 1233 1135 1263 non
1174 1217 1384 1275 honoro,
1434 1233 1569 1280 quam
1598 1215 1835 1273 Marcum,
1892 1213 1926 1273 μ’

302 1302 539 1334 vocavero
570 1286 800 1334 Marcum.
872 1285 971 1334 Sed
1002 1287 1069 1334 ait
1082 1286 1155 1350 3):
1196 1286 1384 1334 Nomen
1415 1287 1614 1334 aliorum
1646 1285 1843 1334 deorum

306 1356 737 1406 commemoremini
753 1358 820 1420 ¹¹),
854 1371 1009 1421 neque
1041 1355 1262 1404 audiatur
1293 1355 1351 1403 de
1385 1371 1469 1404 ore
1502 1366 1602 1404 tuo.
1661 1355 1764 1403 Hoc
1795 1355 1939 1420 pra&

306 1429 454 1492 cepit,
495 1443 554 1475 ne
594 1426 709 1475 deos
747 1443 972 1475 vocemus
1011 1428 1134 1475 illos.
1194 1426 1314 1474 Nam
1355 1435 1404 1475 et
1440 1427 1487 1474 in
1519 1427 1669 1491 prima
1697 1435 1833 1491 parte
1866 1417 1942 1482 M*

303 1500 376 1561 gis
392 1498 462 1556 ⁵),
510 1513 604 1544 non
642 1512 822 1555 sumes,
876 1498 1047 1561 inquit,
1101 1512 1272 1544 nomen
1306 1496 1479 1544 domini
1513 1496 1588 1544 dei
1622 1498 1685 1546 tui
1717 1498 1765 1545 in
1795 1482 1942 1625 πῶς

305 1567 354 1614 id
386 1576 480 1624 est,
528 1565 676 1613 idolo.
753 1565 941 1614 Cecidit
978 1568 1124 1631 igitur
1162 1569 1208 1613 in
1248 1565 1588 1625 idololatriam,
1635 1569 1714 1632 qui
1757 1566 1856 1617 idol
1892 1585 1942 1630 ‘a

304 1638 494 1685 nomine
527 1635 606 1684 dei
638 1637 960 1684 honoraverit.
1028 1636 1205 1695 Quodsi
1239 1635 1354 1683 deos
1387 1636 1636 1685 dicendum
1669 1639 1784 1696 erit,
1817 1633 1942 1694 adss⁴

307 1706 522 1754 ciendum
555 1714 629 1753 est
658 1705 857 1770 aliquid,
891 1723 982 1770 quo
1014 1714 1255 1770 appareat,
1292 1708 1398 1770 quia
1429 1723 1521 1754 non
1554 1723 1646 1772 ego
1678 1708 1787 1755 illos
1819 1698 1942 1763 defixi

308 1776 432 1824 dico.
493 1775 615 1824 Nam
647 1785 697 1823 et
726 1777 959 1839 scriptura
991 1775 1107 1823 deos
1139 1777 1371 1836 nominat3
1408 1775 1493 1824 sed
1524 1776 1687 1824 adiicit
1717 1794 1828 1825 suos
1861 1767 1942 1830 viri

307 1848 571 1905 nationum3
625 1846 748 1894 sicut
779 1844 955 1903 David,
1014 1862 1118 1893 cum
1150 1845 1268 1894 deos
1299 1848 1612 1906 nominasset,
1667 1847 1748 1894 ubi
1779 1849 1845 1895 ait
1860 1837 1904 1913 ⁶}
1934 1865 1942 1893 i

309 1916 385 1964 dei
415 1925 569 1964 autem
602 1917 840 1963 nationum
872 1915 1134 1964 daemonia.
1204 1915 1301 1964 Sed
1334 1917 1422 1964 hoc
1453 1918 1565 1965 mihi
1596 1916 1656 1965 ad
1688 1915 1942 1982 sequentia,

307 1988 458 2051 magis
487 1994 831 2051 praestructum
864 1994 954 2033 est.
1023 1987 1246 2035 Ceterum
1279 1986 1634 2035 consuetudinis
1665 1989 1827 2036 vitium
1862 1987 1942 2042 del

307 2056 584 2104 Mehercule
631 2055 818 2114 dicere,
869 2073 940 2104 me
986 2056 1100 2104 Dius
1145 2056 1302 2116 fidius,
1357 2057 1621 2106 accedente
1667 2058 1942 2122 ignorantia

308 2125 620 2191 quorundam,
670 2126 747 2190 qui
786 2126 1008 2190 ignorant
1047 2126 1364 2175 iusiurandum
1397 2143 1507 2176 esse
1537 2144 1626 2192 per
1656 2127 1942 2193 Herculem

308 2196 458 2243 Porro
490 2196 600 2260 quid
631 2197 723 2243 erit
753 2194 985 2244 deieratio
1017 2212 1105 2260 per
1136 2213 1219 2244 eos
1251 2214 1367 2261 quos
1391 2199 1599 2256 eierasti,
1634 2215 1769 2264 quam
1796 2204 1942 2263 praei

307 2267 537 2314 varicatio
568 2265 679 2314 fidei
712 2282 816 2313 cum
849 2266 1147 2314 idololatria?
1180 2269 1281 2332 quis
1308 2270 1445 2327 enim,
1477 2283 1566 2333 per
1588 2285 1706 2334 quos
1731 2267 1928 2323 deiero]-

308 2353 401 2384 non
434 2338 665 2384 honorat?
1884 2345 1890 2355 ¹

450 2407 533 2458 21.
571 2405 853 2454 Timiditatis
884 2415 960 2453 est
988 2415 1158 2464 autem,
1192 2424 1295 2455 cum
1327 2417 1374 2456 te
1407 2410 1526 2457 alius
1556 2425 1644 2473 per
1675 2407 1791 2456 deos
1823 2408 1925 2463 suo?

310 2477 492 2540 obligat
521 2477 756 2524 iuratione
787 2476 863 2524 vel
896 2477 1050 2541 aliqua
1079 2477 1437 2536 testificatione,
1473 2488 1521 2527 et
1551 2488 1624 2537 tu,
1665 2494 1725 2527 ue
1757 2476 1901 2532 intelli

309 2548 450 2610 garis,
485 2547 710 2611 quiescis.
773 2545 892 2593 Nam
925 2563 1077 2611 aeque
1109 2548 1398 2611 quiescendo
1431 2549 1681 2596 confirmas
1711 2549 1901 2597 maiestfl

307 2626 401 2664 tem
435 2633 621 2675 eorum,
662 2617 794 2664 cuius
826 2633 991 2665 caussa
1020 2616 1261 2666 videberis
1294 2618 1543 2683 obligatus.
1613 2617 1734 2678 Quid
1764 2619 1897 2669 refer

308 2686 423 2734 deos
455 2688 691 2734 nationum
724 2685 927 2734 dicendo
961 2685 1077 2735 deos
1107 2703 1166 2734 an
1198 2687 1433 2735 audiendo
1473 2688 1755 2753 confirmes?
1799 2690 1914 2738 ium*

306 2773 397 2820 per
426 2757 566 2815 idola,
600 2773 659 2804 an
692 2756 749 2804 ab
782 2757 875 2804 alio
907 2756 1147 2805 adiuratus
1180 2759 1487 2822 acquiescas?
1532 2758 1629 2806 Cur
1657 2775 1751 2807 non
1782 2767 1895 2823 agur

307 2842 492 2874 scamus
529 2828 762 2874 versutias
801 2836 1017 2886 satanae,
1071 2829 1149 2891 qui
1195 2826 1320 2892 quod
1366 2844 1450 2876 ore
1490 2838 1653 2878 nostro
1692 2829 1894 2894 perficer

308 2913 397 2943 non
431 2905 612 2960 potest,
660 2895 707 2943 id
738 2898 859 2960 agit,
906 2906 958 2944 ut
988 2913 1175 2945 suorum
1209 2913 1293 2946 ore
1323 2898 1541 2962 perficiat
1570 2915 1657 2963 per
1687 2915 1827 2948 aures
1858 2899 1892 2947 i‘r

420 3077 461 3125 1)
491 3080 641 3116 Matth.
667 3082 732 3127 12,
767 3081 833 3117 37.
978 3079 1022 3131 2)
1053 3082 1189 3120 Exod.
1214 3083 1280 3129 23,
1315 3083 1379 3119 13.
1524 3082 1569 3132 3)
1597 3081 1734 3121 Exod.
1759 3082 1827 3130 23,
1860 3081 1882 3118 ί

305 3131 358 3239 en)
384 3136 661 3228 Ρὶενείιὲνὲεὲε
691 3138 777 3176 MS.
824 3139 1329 3176 commemorabitur.
1503 3140 1555 3189 5)
1598 3137 1735 3176 Exod.
1766 3139 1840 3185 20,

441 3218 449 3226 .
558 3217 567 3239 ,
629 3217 637 3227 .
