1942 3554
293 248 411 300 228
651 252 869 290 CONTRA
901 248 1206 288 eNosncos
1235 247 1544 286 sconriAcE.

1760 342 1785 351 x

297 391 436 437 etiam
469 391 612 452 ipsius
644 390 715 435 rei
749 388 959 444 bonitas,
1007 403 1139 450 quam
1181 384 1295 433 deus
1332 386 1500 445 voluit,
1549 387 1759 452 martyrii
1790 386 1931 448 dicor*

298 461 403 523 quia
434 476 525 505 non
558 459 645 505 nisi
677 459 825 504 bonus
864 457 1011 503 voluit
1047 456 1234 502 bonum.
1296 455 1471 503 Bonum
1519 455 1754 504 contendo
1795 471 1932 523 mar-

295 531 466 593 tyrium
514 527 635 591 apud
682 526 879 574 eundem
927 525 1086 583 deum,
1135 542 1161 573 a
1208 542 1297 589 quo
1338 526 1615 589 prohibetur
1652 535 1701 574 et
1729 529 1942 591 punitur}

295 599 577 646 idololatria.
644 597 879 644 Obnititur
911 598 1031 643 enim
1064 605 1112 643 et
1156 595 1434 644 adversatur
1463 595 1761 644 idololatriae
1794 613 1938 646 mars

294 670 491 733 tyrinm3
556 669 676 714 malo
724 677 878 714 autem
927 667 1075 713 obniti
1121 675 1170 713 et
1215 666 1455 713 adversari
1494 667 1582 713 nisi
1619 666 1791 714 bonum
1822 662 1936 717 non⁵

293 748 472 802 potest,
522 755 614 784 non
655 739 783 801 quasi
826 753 1050 800 negemus
1092 753 1196 783 esse
1243 735 1602 784 aemulationem
1639 745 1731 783 tam
1771 735 1942 787 malo-J

294 826 394 855 rum
428 811 552 856 inter
583 825 633 856 se
667 825 797 871 quam
834 817 882 854 et
912 807 1157 853 bonorum.
1222 805 1319 853 Sed
1358 807 1447 853 alia
1487 796 1695 854 conditio
1727 816 1800 854 est
1830 800 1942 868 hu·-.;

295 881 366 926 ius
414 879 549 925 tituli.
611 879 885 941 Ma1tyrium
934 879 1055 924 enim
1102 894 1193 923 non
1242 876 1299 924 de
1348 878 1579 924 communi
1609 877 1766 942 aliqua
1797 877 1938 934 mili-j

295 950 358 995 tia
378 951 420 1010 1)
470 958 623 996 certat
671 965 773 995 cum
821 947 1111 1005 idololatria,
1165 947 1245 994 sed
1287 946 1346 995 de
1385 964 1468 994 sua
1507 948 1683 1011 gratia,
1746 947 1934 1014 liberattg

295 1020 416 1067 enim
448 1019 505 1065 ab
538 1018 821 1065 idololatria.
886 1017 1020 1076 Quod
1051 1035 1077 1064 a
1110 1018 1228 1064 malo
1262 1017 1445 1074 liberat,
1488 1018 1588 1081 quis
1620 1034 1713 1064 non
1744 1017 1942 1071 bonumss¹

295 1089 647 1151 pronuntiabit?
708 1087 828 1146 Quid
867 1087 992 1133 aliud
1033 1096 1103 1134 est
1142 1087 1407 1135 adversatio
1447 1086 1746 1135 idololatriae
1777 1091 1942 1150 atque&

294 1159 530 1221 martyrii,
579 1175 710 1220 quam
750 1159 913 1204 mortis
955 1167 1000 1204 et
1046 1158 1203 1203 vitae?
1263 1157 1312 1203 In
1352 1166 1527 1204 tantum
1565 1142 1664 1204 vita
1690 1158 1915 1238 martyrio

295 1228 618 1291 deputabitur,
669 1237 886 1291 quantum
917 1242 1043 1273 mors
1078 1226 1391 1274 idololat1iae.
1453 1226 1611 1274 Vitam
1644 1228 1721 1290 qui
1752 1227 1942 1274 malum

296 1298 490 1355 dixerit,
540 1298 682 1344 habet
719 1307 938 1355 mortem,
988 1313 1121 1360 quam
1168 1295 1338 1343 bonum
1386 1295 1527 1343 dicat.
1587 1295 1673 1343 Est
1711 1305 1760 1345 et
1797 1297 1929 1344 haee-

294 1369 581 1431 peiversitas
630 1368 892 1424 hominum,
951 1368 1172 1414 salutaria
1219 1375 1470 1424 excutere,
1520 1367 1722 1414 exitiosa
1768 1364 1930 1421 susci-g

295 1454 431 1501 pere,
480 1438 750 1501 periculosa
783 1453 1039 1502 quaerere,
1088 1436 1392 1484 medicamina
1423 1438 1595 1495 vitare,
1637 1438 1755 1484 mori
1787 1436 1938 1491 deni-7

297 1525 386 1571 que
436 1509 596 1565 citius,
656 1525 790 1572 quam
838 1509 994 1554 curali
1042 1506 1330 1555 desiderare.
1393 1506 1512 1554 Nam
1562 1517 1610 1554 et
1654 1506 1923 1564 medicinae,

295 1578 578 1641 praesidium
611 1579 767 1642 plures
800 1579 875 1640 qui
907 1578 1162 1640 refugiunt,
1196 1579 1353 1640 plures
1377 1577 1529 1658 stulti,
1563 1578 1722 1641 plures
1752 1576 1929 1637 timidis

297 1657 345 1695 et
387 1649 506 1694 male
545 1648 816 1696 verecundi.
879 1647 940 1693 Et
980 1656 1052 1694 est
1089 1647 1225 1710 plane
1260 1648 1389 1710 quasi
1428 1648 1623 1694 saevitia
1655 1646 1930 1694 medicinae·

297 1718 354 1765 de
387 1719 611 1781 scalpello
646 1718 796 1782 deque
831 1718 1064 1774 cauterio,
1115 1717 1172 1763 de
1205 1718 1378 1780 sinapis
1425 1715 1670 1798 incendio3
1723 1734 1814 1764 non
1848 1725 1921 1763 ta-

296 1804 400 1835 men
449 1790 601 1835 secari
648 1798 694 1835 et
741 1789 862 1834 inuri
913 1796 960 1834 et
1000 1786 1189 1833 extendi
1233 1784 1577 1852 [morderique]
1610 1788 1788 1833 iccirco
1821 1802 1916 1832 ma·

295 1859 409 1915 lum,
459 1859 564 1921 quia
597 1858 788 1906 dolores
821 1858 959 1904 utiles
992 1856 1149 1914 affert3
1198 1872 1285 1903 nec
1319 1857 1424 1919 quia
1458 1855 1771 1903 tantummodo
1804 1872 1926 1904 conen

297 1929 467 1987 tristat,
501 1928 818 1986 recusabitur,
867 1925 947 1974 sed
983 1928 1091 1990 quia
1121 1927 1395 1974 necessario
1429 1926 1692 1984 contristat,
1725 1925 1931 1980 adhibes-f·

294 1998 435 2045 bitur.
500 1999 755 2046 Horrorem
804 1999 964 2061 operis
1004 1997 1199 2044 fructus
1221 2005 1429 2044 excusat.
1493 1995 1683 2044 Ululans
1716 1985 1923 2059 deniqud

296 2069 375 2116 ille
410 2077 457 2116 et
488 2085 681 2131 gemens
714 2078 763 2115 et
793 2069 1004 2130 mugiens
1037 2069 1161 2114 inter
1192 2083 1351 2114 manus
1382 2065 1577 2125 medici,
1624 2066 1919 2134 postmodum·

300 2138 489 2184 easdem
523 2138 744 2185 mercede
779 2137 1029 2184 cumulabit
1070 2146 1116 2183 et
1147 2127 1353 2184 artifices
1393 2136 1592 2200 optimas
1622 2130 1916 2200 praedicabit

300 2217 348 2254 et
381 2224 545 2254 saevas
578 2210 665 2254 iam
700 2208 905 2270 negabit.
970 2206 1051 2252 Sic
1086 2214 1133 2252 et
1163 2208 1386 2270 martyria
1419 2205 1714 2266 desaeviunt,
1755 2205 1837 2254 sed
1869 2206 1913 2254 in

296 2278 508 2324 salutem.
570 2277 758 2324 Licebit
804 2286 851 2324 et
898 2275 988 2322 deo
1036 2277 1082 2321 in
1130 2278 1265 2322 vitam
1306 2286 1544 2324 aeternam
1583 2292 1671 2340 per
1699 2278 1834 2339 ignes
1867 2282 1915 2324 et

297 2347 478 2411 gladios
527 2357 574 2394 et
618 2347 793 2394 acerba
834 2362 1045 2410 quaeque
1086 2361 1267 2393 curare.
1332 2344 1428 2392 Sed
1468 2345 1696 2393 medicum
1730 2339 1924 2410 quidem„

296 2418 541 2465 minaberis
574 2419 711 2465 etiam
744 2419 788 2463 in
820 2418 923 2474 illo,
973 2414 1098 2479 quod
1136 2415 1283 2463 ferme
1323 2431 1462 2478 pares
1493 2415 1687 2464 adhibet
1717 2416 1922 2480 quatita-2·

296 2497 367 2534 tes
399 2488 685 2535 medelarum
725 2486 949 2534 adversus
983 2485 1236 2550 qualitates
1277 2486 1595 2549 querelarum,
1645 2502 1747 2534 cum
1786 2484 1918 2550 quasi

298 2557 354 2605 de
389 2574 614 2621 perverso
646 2559 918 2615 auxiliatur,
968 2573 1054 2620 per
1086 2571 1139 2603 ea
1173 2555 1471 2614 subveniens,
1512 2573 1601 2620 per
1631 2573 1750 2620 quae
1783 2555 1916 2605 labo-5

298 2638 451 2687 ratur3
517 2646 620 2675 nam
654 2638 700 2676 et
733 2629 917 2676 calores
950 2626 1184 2674 caloribus
1224 2626 1418 2689 amplius
1451 2626 1691 2674 onerando
1725 2636 1913 2689 compe*

296 2700 408 2756 scit,
460 2708 509 2746 et
538 2698 733 2746 ardores
767 2700 842 2745 siti
874 2698 1027 2762 potius
1058 2695 1341 2744 macerando
1382 2697 1656 2760 restinguit,
1706 2705 1755 2744 et
1792 2696 1913 2764 felligz

298 2783 523 2816 excessus
557 2771 726 2818 amaris
759 2769 1019 2833 quibusque
1051 2766 1318 2831 potionibus
1351 2767 1550 2831 colligit,
1594 2776 1643 2815 et
1673 2766 1912 2831 sanguinis

295 2837 445 2884 fluxus
486 2838 648 2886 defusa
686 2842 880 2904 insuper
915 2838 1084 2887 venula
1122 2846 1331 2884 revocat.
1393 2837 1543 2885 Deum
1587 2852 1703 2885 vero
1735 2845 1784 2884 et
1814 2836 1914 2900 quiig

297 2906 402 2954 dem
434 2909 619 2955 zeloten
655 2909 927 2973 culpandum
962 2907 1271 2964 existimabiS‚
1319 2907 1359 2954 si
1389 2908 1538 2955 voluit
1568 2915 1778 2955 certasse
1811 2909 1913 2958 cum

297 2993 476 3034 caussa,
512 2987 560 3025 et
590 2980 786 3028 iniuriae
819 2977 1096 3028 aemulando
1128 2976 1370 3041 prodesse,
1411 2986 1606 3025 mortem
1637 2986 1787 3024 morte
1819 2975 1912 3033 disq

297 3047 509 3105 solvere,
558 3051 845 3098 occisionem
893 3050 1136 3098 occisione
1182 3046 1484 3110 dispargere,
1531 3049 1774 3096 tormentis
1815 3054 1911 3094 ton}

410 3202 454 3252 1)
484 3203 638 3251 Latin„
670 3205 813 3242 lunius
844 3207 887 3243 et
917 3205 1007 3254 Rig.
1037 3217 1059 3243 e
1085 3204 1174 3243 cod.
1199 3203 1433 3252 Agobardi:
1473 3202 1687 3241 malitia.
