<?xml version="1.0" encoding="UTF-8"?>
<!DOCTYPE html PUBLIC "-//W3C//DTD XHTML 1.0 Transitional//EN"
    "http://www.w3.org/TR/xhtml1/DTD/xhtml1-transitional.dtd">
<html xmlns="http://www.w3.org/1999/xhtml" xml:lang="en" lang="en">
 <head>
  <title>
</title>
<meta http-equiv="Content-Type" content="text/html;charset=utf-8" />
  <meta name='ocr-system' content='tesseract 3.04.00' />
  <meta name='ocr-capabilities' content='ocr_page ocr_carea ocr_par ocr_line ocrx_word'/>
</head>
<body>
  <div class='ocr_page' id='page_1' title='image "./operatert12tertuoft_0227.png"; bbox 0 0 1942 3554; ppageno 0'>
   <div class='ocr_carea' id='block_1_1' title="bbox 331 59 1685 155">
    <p class='ocr_par' dir='ltr' id='par_1_1' title="bbox 331 59 1685 155">
     <span class='ocr_line' id='line_1_1' title="bbox 331 59 1685 155; baseline 0 -13"><span class='ocrx_word' id='word_1_1' title='bbox 331 59 429 148; x_wconf 55' lang='grc' dir='ltr'>’ΒΕ</span> <span class='ocrx_word' id='word_1_2' title='bbox 469 86 652 141; x_wconf 56' lang='lat' dir='ltr'>FUGA</span> <span class='ocrx_word' id='word_1_3' title='bbox 696 103 765 141; x_wconf 78' lang='grc' dir='ltr'>ιΝ</span> <span class='ocrx_word' id='word_1_4' title='bbox 811 99 1402 143; x_wconf 63' lang='lat' dir='ltr'>raasson-monn.</span> <span class='ocrx_word' id='word_1_5' title='bbox 1572 103 1685 155; x_wconf 72' lang='lat'>215</span> 
     </span>
    </p>
   </div>
   <div class='ocr_carea' id='block_1_2' title="bbox 22 240 1686 1439">
    <p class='ocr_par' dir='ltr' id='par_1_2' title="bbox 22 240 1686 1439">
     <span class='ocr_line' id='line_1_2' title="bbox 24 240 1683 309; baseline -0.001 -14"><span class='ocrx_word' id='word_1_6' title='bbox 24 240 233 307; x_wconf 48' lang='lat' dir='ltr'>&#39;alirino</span> <span class='ocrx_word' id='word_1_7' title='bbox 265 244 576 300; x_wconf 75' lang='lat' dir='ltr'>conflrmante</span> <span class='ocrx_word' id='word_1_8' title='bbox 608 244 783 307; x_wconf 85' lang='lat' dir='ltr'>figuras</span> <span class='ocrx_word' id='word_1_9' title='bbox 814 260 943 302; x_wconf 86' lang='lat' dir='ltr'>suas,</span> <span class='ocrx_word' id='word_1_10' title='bbox 976 244 1122 292; x_wconf 90' lang='lat' dir='ltr'>malus</span> <span class='ocrx_word' id='word_1_11' title='bbox 1153 252 1316 308; x_wconf 87' lang='lat' dir='ltr'>pastor</span> <span class='ocrx_word' id='word_1_12' title='bbox 1348 253 1436 302; x_wconf 73' lang='lat' dir='ltr'>est,</span> <span class='ocrx_word' id='word_1_13' title='bbox 1470 245 1549 309; x_wconf 87' lang='lat' dir='ltr'>qui</span> <span class='ocrx_word' id='word_1_14' title='bbox 1579 246 1683 294; x_wconf 86' lang='lat' dir='ltr'>viso</span> 
     </span>
     <span class='ocr_line' id='line_1_3' title="bbox 24 312 1685 381; baseline -0.001 -16"><span class='ocrx_word' id='word_1_15' title='bbox 24 312 155 381; x_wconf 67' lang='lat' dir='ltr'>:lupo</span> <span class='ocrx_word' id='word_1_16' title='bbox 188 316 332 379; x_wconf 83' lang='lat' dir='ltr'>fugit,</span> <span class='ocrx_word' id='word_1_17' title='bbox 365 324 415 364; x_wconf 87' lang='lat' dir='ltr'>et</span> <span class='ocrx_word' id='word_1_18' title='bbox 443 331 620 379; x_wconf 84' lang='lat' dir='ltr'>pecora</span> <span class='ocrx_word' id='word_1_19' title='bbox 653 313 917 378; x_wconf 85' lang='lat' dir='ltr'>diripienda</span> <span class='ocrx_word' id='word_1_20' title='bbox 949 313 1253 379; x_wconf 83' lang='lat' dir='ltr'><strong>derelinquit.</strong></span> <span class='ocrx_word' id='word_1_21' title='bbox 1281 317 1323 375; x_wconf 91' lang='lat'>¹)</span> <span class='ocrx_word' id='word_1_22' title='bbox 1380 314 1685 365; x_wconf 74' lang='lat' dir='ltr'>vProiieietur</span> 
     </span>
     <span class='ocr_line' id='line_1_4' title="bbox 22 383 1683 451; baseline 0.002 -19"><span class='ocrx_word' id='word_1_23' title='bbox 22 386 103 439; x_wconf 66' lang='lat' dir='ltr'>-zde</span> <span class='ocrx_word' id='word_1_24' title='bbox 134 386 246 434; x_wconf 88' lang='lat' dir='ltr'>villa</span> <span class='ocrx_word' id='word_1_25' title='bbox 276 394 443 451; x_wconf 82' lang='lat' dir='ltr'>pastor</span> <span class='ocrx_word' id='word_1_26' title='bbox 480 383 770 443; x_wconf 85' lang='lat' dir='ltr'>huiusmodi,</span> <span class='ocrx_word' id='word_1_27' title='bbox 820 385 1155 434; x_wconf 86' lang='lat' dir='ltr'>detinebuntur</span> <span class='ocrx_word' id='word_1_28' title='bbox 1191 386 1259 433; x_wconf 87' lang='lat' dir='ltr'>illi</span> <span class='ocrx_word' id='word_1_29' title='bbox 1301 386 1537 434; x_wconf 81' lang='lat' dir='ltr'>missionis</span> <span class='ocrx_word' id='word_1_30' title='bbox 1569 403 1683 435; x_wconf 83' lang='lat' dir='ltr'>suae</span> 
     </span>
     <span class='ocr_line' id='line_1_5' title="bbox 36 455 1685 521; baseline -0.001 -14"><span class='ocrx_word' id='word_1_31' title='bbox 36 455 295 507; x_wconf 54' lang='lat' dir='ltr'>§mercedes</span> <span class='ocrx_word' id='word_1_32' title='bbox 339 457 386 505; x_wconf 84' lang='lat' dir='ltr'>ia</span> <span class='ocrx_word' id='word_1_33' title='bbox 435 457 891 519; x_wconf 77' lang='lat' dir='ltr'>compensationem,</span> <span class='ocrx_word' id='word_1_34' title='bbox 944 457 1037 504; x_wconf 90' lang='lat' dir='ltr'>imo</span> <span class='ocrx_word' id='word_1_35' title='bbox 1086 465 1134 504; x_wconf 90' lang='lat' dir='ltr'>et</span> <span class='ocrx_word' id='word_1_36' title='bbox 1180 456 1238 504; x_wconf 91' lang='lat' dir='ltr'>de</span> <span class='ocrx_word' id='word_1_37' title='bbox 1283 458 1446 521; x_wconf 89' lang='lat' dir='ltr'>priore</span> <span class='ocrx_word' id='word_1_38' title='bbox 1491 458 1685 521; x_wconf 84' lang='lat' dir='ltr'>peculio</span> 
     </span>
     <span class='ocr_line' id='line_1_6' title="bbox 24 525 1683 593; baseline -0.001 -17"><span class='ocrx_word' id='word_1_39' title='bbox 24 529 149 577; x_wconf 42' lang='lat' dir='ltr'>auius</span> <span class='ocrx_word' id='word_1_40' title='bbox 193 528 417 591; x_wconf 76' lang='lat' dir='ltr'>exigetur</span> <span class='ocrx_word' id='word_1_41' title='bbox 463 525 739 578; x_wconf 68' lang='lat' dir='ltr'>detrimenti,</span> <span class='ocrx_word' id='word_1_42' title='bbox 773 525 997 573; x_wconf 88' lang='lat' dir='ltr'>dominici</span> <span class='ocrx_word' id='word_1_43' title='bbox 1037 529 1293 574; x_wconf 74' lang='lat' dir='ltr'>restitutio.</span> <span class='ocrx_word' id='word_1_44' title='bbox 1369 527 1556 575; x_wconf 80' lang='lat' dir='ltr'>Etenim</span> <span class='ocrx_word' id='word_1_45' title='bbox 1604 530 1683 593; x_wconf 86' lang='lat' dir='ltr'>qui</span> 
     </span>
     <span class='ocr_line' id='line_1_7' title="bbox 37 595 1683 663; baseline 0.002 -21"><span class='ocrx_word' id='word_1_46' title='bbox 37 597 202 656; x_wconf 62' lang='lat' dir='ltr'>babet,</span> <span class='ocrx_word' id='word_1_47' title='bbox 235 596 422 646; x_wconf 84' lang='lat' dir='ltr'>dabitur</span> <span class='ocrx_word' id='word_1_48' title='bbox 453 597 525 655; x_wconf 83' lang='lat' dir='ltr'>ei3</span> <span class='ocrx_word' id='word_1_49' title='bbox 567 595 624 642; x_wconf 89' lang='lat' dir='ltr'>ab</span> <span class='ocrx_word' id='word_1_50' title='bbox 659 613 717 644; x_wconf 91' lang='lat' dir='ltr'>eo</span> <span class='ocrx_word' id='word_1_51' title='bbox 749 605 920 653; x_wconf 90' lang='lat' dir='ltr'>autem,</span> <span class='ocrx_word' id='word_1_52' title='bbox 955 598 1032 660; x_wconf 88' lang='lat' dir='ltr'>qui</span> <span class='ocrx_word' id='word_1_53' title='bbox 1065 614 1157 644; x_wconf 91' lang='lat' dir='ltr'>non</span> <span class='ocrx_word' id='word_1_54' title='bbox 1189 597 1348 655; x_wconf 92' lang='lat' dir='ltr'>habet,</span> <span class='ocrx_word' id='word_1_55' title='bbox 1383 600 1523 646; x_wconf 88' lang='lat' dir='ltr'>etiam</span> <span class='ocrx_word' id='word_1_56' title='bbox 1558 597 1683 663; x_wconf 90' lang='lat' dir='ltr'>quod</span> 
     </span>
     <span class='ocr_line' id='line_1_8' title="bbox 44 666 1681 731; baseline 0.001 -15"><span class='ocrx_word' id='word_1_57' title='bbox 44 667 230 720; x_wconf 71' lang='lat' dir='ltr'>videtur</span> <span class='ocrx_word' id='word_1_58' title='bbox 259 667 438 715; x_wconf 89' lang='lat' dir='ltr'>habere</span> <span class='ocrx_word' id='word_1_59' title='bbox 468 666 725 714; x_wconf 83' lang='lat' dir='ltr'>auferetur.</span> <span class='ocrx_word' id='word_1_60' title='bbox 750 668 796 726; x_wconf 80' lang='grc'>2)</span> <span class='ocrx_word' id='word_1_61' title='bbox 869 666 950 714; x_wconf 78' lang='lat' dir='ltr'>Sic</span> <span class='ocrx_word' id='word_1_62' title='bbox 982 667 1239 715; x_wconf 78' lang='lat' dir='ltr'>Zacharias</span> <span class='ocrx_word' id='word_1_63' title='bbox 1261 668 1312 731; x_wconf 82' lang='lat'>3)</span> <span class='ocrx_word' id='word_1_64' title='bbox 1345 670 1681 717; x_wconf 80' lang='lat' dir='ltr'>comminatur:</span> 
     </span>
     <span class='ocr_line' id='line_1_9' title="bbox 23 737 1685 804; baseline 0.003 -22"><span class='ocrx_word' id='word_1_65' title='bbox 23 738 260 802; x_wconf 63' lang='lat' dir='ltr'>tExsurge</span> <span class='ocrx_word' id='word_1_66' title='bbox 293 737 581 800; x_wconf 79' lang='lat' dir='ltr'>rhomphaea</span> <span class='ocrx_word' id='word_1_67' title='bbox 611 738 657 784; x_wconf 91' lang='lat' dir='ltr'>in</span> <span class='ocrx_word' id='word_1_68' title='bbox 689 746 904 800; x_wconf 82' lang='lat' dir='ltr'>pastores</span> <span class='ocrx_word' id='word_1_69' title='bbox 944 746 994 786; x_wconf 92' lang='lat' dir='ltr'>et</span> <span class='ocrx_word' id='word_1_70' title='bbox 1025 739 1215 786; x_wconf 81' lang='lat' dir='ltr'>evellite</span> <span class='ocrx_word' id='word_1_71' title='bbox 1250 755 1386 797; x_wconf 91' lang='lat' dir='ltr'>oves,</span> <span class='ocrx_word' id='word_1_72' title='bbox 1435 748 1485 787; x_wconf 90' lang='lat' dir='ltr'>et</span> <span class='ocrx_word' id='word_1_73' title='bbox 1515 756 1685 804; x_wconf 87' lang='lat' dir='ltr'>super-</span> 
     </span>
     <span class='ocr_line' id='line_1_10' title="bbox 35 808 1684 872; baseline -0.001 -13"><span class='ocrx_word' id='word_1_74' title='bbox 35 808 211 866; x_wconf 64' lang='lat' dir='ltr'>flucam</span> <span class='ocrx_word' id='word_1_75' title='bbox 249 824 432 857; x_wconf 85' lang='lat' dir='ltr'>manum</span> <span class='ocrx_word' id='word_1_76' title='bbox 473 822 621 855; x_wconf 90' lang='lat' dir='ltr'>meam</span> <span class='ocrx_word' id='word_1_77' title='bbox 661 808 708 854; x_wconf 84' lang='lat' dir='ltr'>iu</span> <span class='ocrx_word' id='word_1_78' title='bbox 746 817 980 871; x_wconf 87' lang='lat' dir='ltr'>pastores.</span> <span class='ocrx_word' id='word_1_79' title='bbox 1055 808 1106 856; x_wconf 90' lang='lat' dir='ltr'>lu</span> <span class='ocrx_word' id='word_1_80' title='bbox 1142 825 1257 872; x_wconf 88' lang='lat' dir='ltr'>quos</span> <span class='ocrx_word' id='word_1_81' title='bbox 1291 817 1340 856; x_wconf 89' lang='lat' dir='ltr'>et</span> <span class='ocrx_word' id='word_1_82' title='bbox 1369 809 1601 858; x_wconf 77' lang='lat' dir='ltr'>Ezechiel</span> <span class='ocrx_word' id='word_1_83' title='bbox 1635 819 1684 857; x_wconf 90' lang='lat' dir='ltr'>et</span> 
     </span>
     <span class='ocr_line' id='line_1_11' title="bbox 29 877 1684 943; baseline 0.002 -17"><span class='ocrx_word' id='word_1_84' title='bbox 29 879 310 934; x_wconf 69' lang='lat' dir='ltr'>fflieremias</span> <span class='ocrx_word' id='word_1_85' title='bbox 355 877 522 930; x_wconf 89' lang='lat' dir='ltr'>iisdem</span> <span class='ocrx_word' id='word_1_86' title='bbox 568 878 706 926; x_wconf 90' lang='lat' dir='ltr'>minis</span> <span class='ocrx_word' id='word_1_87' title='bbox 749 887 1007 942; x_wconf 87' lang='lat' dir='ltr'>perorant,</span> <span class='ocrx_word' id='word_1_88' title='bbox 1072 878 1198 943; x_wconf 89' lang='lat' dir='ltr'>quod</span> <span class='ocrx_word' id='word_1_89' title='bbox 1248 897 1342 927; x_wconf 90' lang='lat' dir='ltr'>nou</span> <span class='ocrx_word' id='word_1_90' title='bbox 1399 889 1575 928; x_wconf 88' lang='lat' dir='ltr'>tantum</span> <span class='ocrx_word' id='word_1_91' title='bbox 1623 880 1684 929; x_wconf 90' lang='lat' dir='ltr'>de</span> 
     </span>
     <span class='ocr_line' id='line_1_12' title="bbox 26 948 1681 1016; baseline 0.001 -19"><span class='ocrx_word' id='word_1_92' title='bbox 26 949 295 1016; x_wconf 50' lang='lat' dir='ltr'>mucoribus</span> <span class='ocrx_word' id='word_1_93' title='bbox 326 948 539 1013; x_wconf 82' lang='lat' dir='ltr'>improbe</span> <span class='ocrx_word' id='word_1_94' title='bbox 569 957 844 1007; x_wconf 79' lang='lat' dir='ltr'>vescantur,</span> <span class='ocrx_word' id='word_1_95' title='bbox 892 959 1144 1014; x_wconf 87' lang='lat' dir='ltr'>pascentes</span> <span class='ocrx_word' id='word_1_96' title='bbox 1182 951 1340 1014; x_wconf 89' lang='lat' dir='ltr'>potius</span> <span class='ocrx_word' id='word_1_97' title='bbox 1379 953 1681 1016; x_wconf 86' lang='lat' dir='ltr'>semetipsos,</span> 
     </span>
     <span class='ocr_line' id='line_1_13' title="bbox 31 1019 1685 1086; baseline 0.001 -17"><span class='ocrx_word' id='word_1_98' title='bbox 31 1036 204 1075; x_wconf 45' lang='lat' dir='ltr'>&amp;serum</span> <span class='ocrx_word' id='word_1_99' title='bbox 249 1029 300 1068; x_wconf 91' lang='lat' dir='ltr'>et</span> <span class='ocrx_word' id='word_1_100' title='bbox 343 1019 604 1084; x_wconf 81' lang='lat' dir='ltr'>dispersum</span> <span class='ocrx_word' id='word_1_101' title='bbox 650 1036 846 1084; x_wconf 88' lang='lat' dir='ltr'>gregem</span> <span class='ocrx_word' id='word_1_102' title='bbox 894 1021 1072 1069; x_wconf 76' lang='lat' dir='ltr'>t&#39;aciant</span> <span class='ocrx_word' id='word_1_103' title='bbox 1117 1030 1165 1069; x_wconf 92' lang='lat' dir='ltr'>et</span> <span class='ocrx_word' id='word_1_104' title='bbox 1208 1022 1255 1069; x_wconf 91' lang='lat' dir='ltr'>in</span> <span class='ocrx_word' id='word_1_105' title='bbox 1301 1021 1527 1086; x_wconf 84' lang='lat' dir='ltr'>praedam</span> <span class='ocrx_word' id='word_1_106' title='bbox 1575 1039 1685 1071; x_wconf 90' lang='lat' dir='ltr'>esse</span> 
     </span>
     <span class='ocr_line' id='line_1_14' title="bbox 27 1089 1685 1155; baseline 0.002 -17"><span class='ocrx_word' id='word_1_107' title='bbox 27 1090 258 1149; x_wconf 66' lang='lat' dir='ltr'>=·omnibus</span> <span class='ocrx_word' id='word_1_108' title='bbox 287 1089 454 1141; x_wconf 86' lang='lat' dir='ltr'>bestiis</span> <span class='ocrx_word' id='word_1_109' title='bbox 486 1092 612 1154; x_wconf 86' lang='lat' dir='ltr'>agri,</span> <span class='ocrx_word' id='word_1_110' title='bbox 655 1090 760 1138; x_wconf 89' lang='lat' dir='ltr'>dum</span> <span class='ocrx_word' id='word_1_111' title='bbox 791 1108 885 1138; x_wconf 88' lang='lat' dir='ltr'>non</span> <span class='ocrx_word' id='word_1_112' title='bbox 919 1101 990 1141; x_wconf 87' lang='lat' dir='ltr'>est</span> <span class='ocrx_word' id='word_1_113' title='bbox 1023 1101 1188 1155; x_wconf 84' lang='lat' dir='ltr'>pastor</span> <span class='ocrx_word' id='word_1_114' title='bbox 1217 1093 1328 1139; x_wconf 89' lang='lat' dir='ltr'>illis.</span> <span class='ocrx_word' id='word_1_115' title='bbox 1397 1093 1534 1152; x_wconf 81' lang='lat' dir='ltr'>Quod</span> <span class='ocrx_word' id='word_1_116' title='bbox 1566 1111 1685 1141; x_wconf 91' lang='lat' dir='ltr'>nun-</span> 
     </span>
     <span class='ocr_line' id='line_1_15' title="bbox 27 1161 1686 1227; baseline -0.001 -14"><span class='ocrx_word' id='word_1_117' title='bbox 27 1177 181 1227; x_wconf 68' lang='lat' dir='ltr'>=qquam</span> <span class='ocrx_word' id='word_1_118' title='bbox 212 1162 362 1225; x_wconf 87' lang='lat' dir='ltr'>magis</span> <span class='ocrx_word' id='word_1_119' title='bbox 393 1161 469 1219; x_wconf 87' lang='lat' dir='ltr'>fit,</span> <span class='ocrx_word' id='word_1_120' title='bbox 516 1178 648 1225; x_wconf 88' lang='lat' dir='ltr'>quam</span> <span class='ocrx_word' id='word_1_121' title='bbox 690 1178 793 1208; x_wconf 87' lang='lat' dir='ltr'>cum</span> <span class='ocrx_word' id='word_1_122' title='bbox 833 1163 878 1208; x_wconf 94' lang='lat' dir='ltr'>in</span> <span class='ocrx_word' id='word_1_123' title='bbox 918 1163 1256 1226; x_wconf 86' lang='lat' dir='ltr'>persecutione</span> <span class='ocrx_word' id='word_1_124' title='bbox 1298 1163 1571 1211; x_wconf 86' lang='lat' dir='ltr'>destituitur</span> <span class='ocrx_word' id='word_1_125' title='bbox 1603 1180 1686 1212; x_wconf 76' lang='lat' dir='ltr'>ec·-</span> 
     </span>
     <span class='ocr_line' id='line_1_16' title="bbox 28 1231 1685 1301; baseline 0.001 -20"><span class='ocrx_word' id='word_1_126' title='bbox 28 1232 194 1283; x_wconf 80' lang='lat' dir='ltr'>·clesia</span> <span class='ocrx_word' id='word_1_127' title='bbox 223 1249 251 1280; x_wconf 86' lang='lat' dir='ltr'>a</span> <span class='ocrx_word' id='word_1_128' title='bbox 284 1233 433 1280; x_wconf 76' lang='lat' dir='ltr'>elero-</span> <span class='ocrx_word' id='word_1_129' title='bbox 511 1231 563 1279; x_wconf 90' lang='lat' dir='ltr'>Si</span> <span class='ocrx_word' id='word_1_130' title='bbox 595 1241 644 1279; x_wconf 86' lang='lat' dir='ltr'>et</span> <span class='ocrx_word' id='word_1_131' title='bbox 674 1233 886 1296; x_wconf 86' lang='lat' dir='ltr'>spiritum</span> <span class='ocrx_word' id='word_1_132' title='bbox 921 1234 1023 1301; x_wconf 91' lang='lat' dir='ltr'>quis</span> <span class='ocrx_word' id='word_1_133' title='bbox 1054 1235 1330 1297; x_wconf 84' lang='lat' dir='ltr'>agnoverit,</span> <span class='ocrx_word' id='word_1_134' title='bbox 1364 1233 1530 1282; x_wconf 83' lang='lat' dir='ltr'>audiet</span> <span class='ocrx_word' id='word_1_135' title='bbox 1558 1236 1685 1298; x_wconf 76' lang='lat' dir='ltr'>fugi·-</span> 
     </span>
     <span class='ocr_line' id='line_1_17' title="bbox 29 1301 1682 1369; baseline -0.001 -15"><span class='ocrx_word' id='word_1_136' title='bbox 29 1304 169 1354; x_wconf 68' lang='lat' dir='ltr'>⁴lives</span> <span class='ocrx_word' id='word_1_137' title='bbox 200 1302 518 1351; x_wconf 86' lang='lat' dir='ltr'>denotantem.</span> <span class='ocrx_word' id='word_1_138' title='bbox 581 1301 730 1350; x_wconf 89' lang='lat' dir='ltr'>Porro</span> <span class='ocrx_word' id='word_1_139' title='bbox 762 1304 802 1350; x_wconf 91' lang='lat' dir='ltr'>si</span> <span class='ocrx_word' id='word_1_140' title='bbox 836 1319 919 1352; x_wconf 90' lang='lat' dir='ltr'>eos</span> <span class='ocrx_word' id='word_1_141' title='bbox 952 1304 1030 1368; x_wconf 91' lang='lat' dir='ltr'>qui</span> <span class='ocrx_word' id='word_1_142' title='bbox 1062 1306 1202 1368; x_wconf 80' lang='lat' dir='ltr'>gregi</span> <span class='ocrx_word' id='word_1_143' title='bbox 1233 1314 1462 1368; x_wconf 86' lang='lat' dir='ltr'>praesunt</span> <span class='ocrx_word' id='word_1_144' title='bbox 1493 1306 1682 1369; x_wconf 82' lang='lat' dir='ltr'>fugere,</span> 
     </span>
     <span class='ocr_line' id='line_1_18' title="bbox 28 1373 1686 1439; baseline 0.002 -18"><span class='ocrx_word' id='word_1_145' title='bbox 28 1389 152 1432; x_wconf 66' lang='lat' dir='ltr'>ccum</span> <span class='ocrx_word' id='word_1_146' title='bbox 183 1373 282 1437; x_wconf 90' lang='lat' dir='ltr'>lupi</span> <span class='ocrx_word' id='word_1_147' title='bbox 311 1374 514 1431; x_wconf 83' lang='lat' dir='ltr'>irruunt,</span> <span class='ocrx_word' id='word_1_148' title='bbox 555 1388 643 1424; x_wconf 84' lang='lat' dir='ltr'>nec</span> <span class='ocrx_word' id='word_1_149' title='bbox 677 1373 840 1431; x_wconf 86' lang='lat' dir='ltr'>decet,</span> <span class='ocrx_word' id='word_1_150' title='bbox 886 1375 980 1421; x_wconf 92' lang='lat' dir='ltr'>imo</span> <span class='ocrx_word' id='word_1_151' title='bbox 1013 1390 1100 1423; x_wconf 86' lang='lat' dir='ltr'>nec</span> <span class='ocrx_word' id='word_1_152' title='bbox 1133 1375 1274 1435; x_wconf 81' lang='lat' dir='ltr'>lieet3</span> <span class='ocrx_word' id='word_1_153' title='bbox 1318 1377 1424 1439; x_wconf 92' lang='lat' dir='ltr'>(qui</span> <span class='ocrx_word' id='word_1_154' title='bbox 1458 1378 1581 1424; x_wconf 88' lang='lat' dir='ltr'>euim</span> <span class='ocrx_word' id='word_1_155' title='bbox 1611 1386 1686 1424; x_wconf 73' lang='lat' dir='ltr'>ta-</span> 
     </span>
    </p>
   </div>
   <div class='ocr_carea' id='block_1_3' title="bbox 26 1443 1759 1509">
    <p class='ocr_par' dir='ltr' id='par_1_3' title="bbox 26 1443 1759 1509">
     <span class='ocr_line' id='line_1_19' title="bbox 26 1443 1759 1509; baseline 0.004 -21"><span class='ocrx_word' id='word_1_156' title='bbox 26 1443 139 1497; x_wconf 74' lang='lat' dir='ltr'>ilem</span> <span class='ocrx_word' id='word_1_157' title='bbox 167 1452 405 1508; x_wconf 80' lang='lat' dir='ltr'>pastorem</span> <span class='ocrx_word' id='word_1_158' title='bbox 443 1443 612 1491; x_wconf 86' lang='lat' dir='ltr'>malum</span> <span class='ocrx_word' id='word_1_159' title='bbox 652 1445 991 1507; x_wconf 85' lang='lat' dir='ltr'>pronuntiavit,</span> <span class='ocrx_word' id='word_1_160' title='bbox 1038 1446 1200 1509; x_wconf 89' lang='lat' dir='ltr'>utique</span> <span class='ocrx_word' id='word_1_161' title='bbox 1242 1445 1497 1505; x_wconf 85' lang='lat' dir='ltr'>damnavit,</span> <span class='ocrx_word' id='word_1_162' title='bbox 1546 1463 1686 1496; x_wconf 82' lang='lat' dir='ltr'>omne</span> <span class='ocrx_word' id='word_1_163' title='bbox 1752 1458 1759 1463; x_wconf 80' lang='grc'><strong><em>’</em></strong></span> 
     </span>
    </p>
   </div>
   <div class='ocr_carea' id='block_1_4' title="bbox 24 1508 1687 2922">
    <p class='ocr_par' dir='ltr' id='par_1_4' title="bbox 24 1508 1687 1863">
     <span class='ocr_line' id='line_1_20' title="bbox 26 1508 1686 1582; baseline 0.002 -22"><span class='ocrx_word' id='word_1_164' title='bbox 26 1508 201 1571; x_wconf 62' lang='lat' dir='ltr'>sautem</span> <span class='ocrx_word' id='word_1_165' title='bbox 247 1513 371 1579; x_wconf 90' lang='lat' dir='ltr'>quod</span> <span class='ocrx_word' id='word_1_166' title='bbox 418 1513 683 1572; x_wconf 84' lang='lat' dir='ltr'>damnatur,</span> <span class='ocrx_word' id='word_1_167' title='bbox 739 1515 951 1567; x_wconf 80' lang='lat' dir='ltr'>illicitum</span> <span class='ocrx_word' id='word_1_168' title='bbox 997 1516 1173 1564; x_wconf 86' lang='lat' dir='ltr'>factum</span> <span class='ocrx_word' id='word_1_169' title='bbox 1220 1525 1293 1564; x_wconf 88' lang='lat' dir='ltr'>est</span> <span class='ocrx_word' id='word_1_170' title='bbox 1336 1518 1437 1564; x_wconf 90' lang='lat' dir='ltr'>sine</span> <span class='ocrx_word' id='word_1_171' title='bbox 1487 1517 1686 1582; x_wconf 81' lang='lat' dir='ltr'>dubio3)</span> 
     </span>
     <span class='ocr_line' id='line_1_21' title="bbox 27 1584 1687 1652; baseline 0.001 -18"><span class='ocrx_word' id='word_1_172' title='bbox 27 1584 158 1640; x_wconf 74' lang='lat' dir='ltr'>³ideo</span> <span class='ocrx_word' id='word_1_173' title='bbox 187 1586 485 1650; x_wconf 83' lang='lat' dir='ltr'>praepositos</span> <span class='ocrx_word' id='word_1_174' title='bbox 518 1586 755 1635; x_wconf 88' lang='lat' dir='ltr'>ecclesiae</span> <span class='ocrx_word' id='word_1_175' title='bbox 788 1586 834 1632; x_wconf 90' lang='lat' dir='ltr'>in</span> <span class='ocrx_word' id='word_1_176' title='bbox 859 1588 1195 1650; x_wconf 85' lang='lat' dir='ltr'>persecutione</span> <span class='ocrx_word' id='word_1_177' title='bbox 1221 1588 1391 1651; x_wconf 87' lang='lat' dir='ltr'>fugere</span> <span class='ocrx_word' id='word_1_178' title='bbox 1419 1606 1512 1635; x_wconf 91' lang='lat' dir='ltr'>non</span> <span class='ocrx_word' id='word_1_179' title='bbox 1539 1605 1687 1652; x_wconf 72' lang='lat' dir='ltr'>opor-</span> 
     </span>
     <span class='ocr_line' id='line_1_22' title="bbox 26 1655 1685 1723; baseline 0 -16"><span class='ocrx_word' id='word_1_180' title='bbox 26 1655 182 1708; x_wconf 57' lang='lat' dir='ltr'>iabit.</span> <span class='ocrx_word' id='word_1_181' title='bbox 244 1655 464 1705; x_wconf 85' lang='lat' dir='ltr'>Ceterum</span> <span class='ocrx_word' id='word_1_182' title='bbox 498 1656 537 1702; x_wconf 92' lang='lat' dir='ltr'>si</span> <span class='ocrx_word' id='word_1_183' title='bbox 569 1672 690 1719; x_wconf 85' lang='lat' dir='ltr'>grex</span> <span class='ocrx_word' id='word_1_184' title='bbox 720 1657 889 1719; x_wconf 81' lang='lat' dir='ltr'>fugere</span> <span class='ocrx_word' id='word_1_185' title='bbox 923 1656 1146 1715; x_wconf 78' lang='lat' dir='ltr'>deberet,</span> <span class='ocrx_word' id='word_1_186' title='bbox 1188 1675 1281 1706; x_wconf 89' lang='lat' dir='ltr'>non</span> <span class='ocrx_word' id='word_1_187' title='bbox 1314 1658 1515 1706; x_wconf 88' lang='lat' dir='ltr'>deberet</span> <span class='ocrx_word' id='word_1_188' title='bbox 1545 1675 1685 1723; x_wconf 78' lang='lat' dir='ltr'>prae-</span> 
     </span>
     <span class='ocr_line' id='line_1_23' title="bbox 24 1722 1684 1802; baseline 0.001 -26"><span class='ocrx_word' id='word_1_189' title='bbox 24 1722 228 1802; x_wconf 51' lang='lat' dir='ltr'>§.positus</span> <span class='ocrx_word' id='word_1_190' title='bbox 257 1727 422 1791; x_wconf 85' lang='lat' dir='ltr'>gregis</span> <span class='ocrx_word' id='word_1_191' title='bbox 453 1735 595 1783; x_wconf 85' lang='lat' dir='ltr'>stare,</span> <span class='ocrx_word' id='word_1_192' title='bbox 629 1727 730 1779; x_wconf 85' lang='lat' dir='ltr'>sine</span> <span class='ocrx_word' id='word_1_193' title='bbox 764 1743 932 1774; x_wconf 87' lang='lat' dir='ltr'>caussa</span> <span class='ocrx_word' id='word_1_194' title='bbox 963 1737 1167 1775; x_wconf 87' lang='lat' dir='ltr'>staturus</span> <span class='ocrx_word' id='word_1_195' title='bbox 1200 1727 1259 1776; x_wconf 87' lang='lat' dir='ltr'>ad</span> <span class='ocrx_word' id='word_1_196' title='bbox 1283 1730 1476 1776; x_wconf 89' lang='lat' dir='ltr'>tutelam</span> <span class='ocrx_word' id='word_1_197' title='bbox 1502 1731 1684 1793; x_wconf 74' lang='lat' dir='ltr'>gregis,</span> 
     </span>
     <span class='ocr_line' id='line_1_24' title="bbox 29 1795 1539 1863; baseline 0.004 -22"><span class='ocrx_word' id='word_1_198' title='bbox 29 1813 184 1863; x_wconf 68' lang='lat' dir='ltr'>,quam</span> <span class='ocrx_word' id='word_1_199' title='bbox 215 1813 335 1861; x_wconf 82' lang='lat' dir='ltr'>grex</span> <span class='ocrx_word' id='word_1_200' title='bbox 365 1813 459 1844; x_wconf 87' lang='lat' dir='ltr'>non</span> <span class='ocrx_word' id='word_1_201' title='bbox 490 1795 810 1854; x_wconf 78' lang='lat' dir='ltr'>desideraret,</span> <span class='ocrx_word' id='word_1_202' title='bbox 844 1813 904 1844; x_wconf 82' lang='lat' dir='ltr'>ex</span> <span class='ocrx_word' id='word_1_203' title='bbox 935 1798 1129 1846; x_wconf 86' lang='lat' dir='ltr'>licentia</span> <span class='ocrx_word' id='word_1_204' title='bbox 1160 1799 1302 1861; x_wconf 84' lang='lat' dir='ltr'>fugae</span> <span class='ocrx_word' id='word_1_205' title='bbox 1335 1800 1539 1847; x_wconf 83' lang='lat' dir='ltr'>scilicet.</span> 
     </span>
    </p>

    <p class='ocr_par' dir='ltr' id='par_1_5' title="bbox 27 1865 1686 2922">
     <span class='ocr_line' id='line_1_25' title="bbox 195 1865 1684 1932; baseline 0.003 -18"><span class='ocrx_word' id='word_1_206' title='bbox 195 1871 275 1919; x_wconf 86' lang='lat'>12.</span> <span class='ocrx_word' id='word_1_207' title='bbox 351 1865 487 1926; x_wconf 84' lang='lat' dir='ltr'>Quod</span> <span class='ocrx_word' id='word_1_208' title='bbox 518 1868 755 1930; x_wconf 89' lang='lat' dir='ltr'>pertineat</span> <span class='ocrx_word' id='word_1_209' title='bbox 785 1868 935 1915; x_wconf 87' lang='lat' dir='ltr'>frater</span> <span class='ocrx_word' id='word_1_210' title='bbox 964 1868 1024 1917; x_wconf 88' lang='lat' dir='ltr'>ad</span> <span class='ocrx_word' id='word_1_211' title='bbox 1055 1877 1181 1916; x_wconf 88' lang='lat' dir='ltr'>tuum</span> <span class='ocrx_word' id='word_1_212' title='bbox 1219 1869 1487 1932; x_wconf 80' lang='lat' dir='ltr'>problema,</span> <span class='ocrx_word' id='word_1_213' title='bbox 1535 1870 1684 1919; x_wconf 87' lang='lat' dir='ltr'>habes</span> 
     </span>
     <span class='ocr_line' id='line_1_26' title="bbox 27 1938 1684 2001; baseline 0.004 -19"><span class='ocrx_word' id='word_1_214' title='bbox 27 1938 315 1988; x_wconf 49' lang='lat' dir='ltr'>sententiae</span> <span class='ocrx_word' id='word_1_215' title='bbox 348 1946 539 1985; x_wconf 88' lang='lat' dir='ltr'>nostrae</span> <span class='ocrx_word' id='word_1_216' title='bbox 571 1939 930 2001; x_wconf 86' lang='lat' dir='ltr'>responsionem</span> <span class='ocrx_word' id='word_1_217' title='bbox 964 1948 1012 1986; x_wconf 92' lang='lat' dir='ltr'>et</span> <span class='ocrx_word' id='word_1_218' title='bbox 1052 1940 1452 1988; x_wconf 83' lang='lat' dir='ltr'>exhortationem.</span> <span class='ocrx_word' id='word_1_219' title='bbox 1530 1940 1684 1989; x_wconf 88' lang='lat' dir='ltr'>Porro</span> 
     </span>
     <span class='ocr_line' id='line_1_27' title="bbox 30 2009 1685 2076; baseline 0.002 -19"><span class='ocrx_word' id='word_1_220' title='bbox 30 2010 128 2074; x_wconf 58' lang='lat' dir='ltr'>&gt;qui</span> <span class='ocrx_word' id='word_1_221' title='bbox 160 2009 366 2074; x_wconf 80' lang='lat' dir='ltr'>quaerit,</span> <span class='ocrx_word' id='word_1_222' title='bbox 404 2024 460 2055; x_wconf 91' lang='lat' dir='ltr'>an</span> <span class='ocrx_word' id='word_1_223' title='bbox 493 2010 764 2071; x_wconf 87' lang='lat' dir='ltr'>persecutio</span> <span class='ocrx_word' id='word_1_224' title='bbox 798 2009 1025 2072; x_wconf 86' lang='lat' dir='ltr'>fugienda</span> <span class='ocrx_word' id='word_1_225' title='bbox 1056 2011 1139 2068; x_wconf 90' lang='lat' dir='ltr'>sit,</span> <span class='ocrx_word' id='word_1_226' title='bbox 1186 2020 1460 2074; x_wconf 85' lang='lat' dir='ltr'>sequentem</span> <span class='ocrx_word' id='word_1_227' title='bbox 1496 2028 1685 2076; x_wconf 83' lang='lat' dir='ltr'>quoque</span> 
     </span>
     <span class='ocr_line' id='line_1_28' title="bbox 31 2079 1684 2145; baseline 0.002 -19"><span class='ocrx_word' id='word_1_228' title='bbox 31 2080 374 2144; x_wconf 79' lang='lat' dir='ltr'>¹quaestionem</span> <span class='ocrx_word' id='word_1_229' title='bbox 401 2079 491 2126; x_wconf 88' lang='lat' dir='ltr'>iam</span> <span class='ocrx_word' id='word_1_230' title='bbox 516 2080 774 2142; x_wconf 87' lang='lat' dir='ltr'>prospiciat</span> <span class='ocrx_word' id='word_1_231' title='bbox 800 2096 999 2127; x_wconf 86' lang='lat' dir='ltr'>necesse</span> <span class='ocrx_word' id='word_1_232' title='bbox 1033 2090 1120 2139; x_wconf 86' lang='lat' dir='ltr'>est,</span> <span class='ocrx_word' id='word_1_233' title='bbox 1153 2098 1228 2139; x_wconf 84' lang='lat' dir='ltr'>an,</span> <span class='ocrx_word' id='word_1_234' title='bbox 1261 2082 1299 2129; x_wconf 91' lang='lat' dir='ltr'>si</span> <span class='ocrx_word' id='word_1_235' title='bbox 1332 2082 1557 2145; x_wconf 85' lang='lat' dir='ltr'>fugienda</span> <span class='ocrx_word' id='word_1_236' title='bbox 1588 2099 1684 2129; x_wconf 86' lang='lat' dir='ltr'>non</span> 
     </span>
     <span class='ocr_line' id='line_1_29' title="bbox 31 2148 1684 2217; baseline 0.005 -25"><span class='ocrx_word' id='word_1_237' title='bbox 31 2159 146 2209; x_wconf 61' lang='lat'>2381,</span> <span class='ocrx_word' id='word_1_238' title='bbox 186 2148 461 2197; x_wconf 86' lang='lat' dir='ltr'>redimenda</span> <span class='ocrx_word' id='word_1_239' title='bbox 493 2158 626 2196; x_wconf 88' lang='lat' dir='ltr'>certe</span> <span class='ocrx_word' id='word_1_240' title='bbox 656 2151 731 2197; x_wconf 90' lang='lat' dir='ltr'>sit.</span> <span class='ocrx_word' id='word_1_241' title='bbox 809 2150 942 2198; x_wconf 90' lang='lat' dir='ltr'>Ultro</span> <span class='ocrx_word' id='word_1_242' title='bbox 976 2152 1122 2214; x_wconf 85' lang='lat' dir='ltr'>igitur</span> <span class='ocrx_word' id='word_1_243' title='bbox 1160 2161 1209 2200; x_wconf 92' lang='lat' dir='ltr'>et</span> <span class='ocrx_word' id='word_1_244' title='bbox 1240 2151 1298 2199; x_wconf 93' lang='lat' dir='ltr'>de</span> <span class='ocrx_word' id='word_1_245' title='bbox 1330 2152 1421 2199; x_wconf 87' lang='lat' dir='ltr'>hoe</span> <span class='ocrx_word' id='word_1_246' title='bbox 1454 2153 1540 2200; x_wconf 88' lang='lat' dir='ltr'>tibi</span> <span class='ocrx_word' id='word_1_247' title='bbox 1571 2170 1684 2217; x_wconf 86' lang='lat' dir='ltr'>sug-</span> 
     </span>
     <span class='ocr_line' id='line_1_30' title="bbox 27 2218 1686 2286; baseline 0.002 -18"><span class='ocrx_word' id='word_1_248' title='bbox 27 2236 233 2286; x_wconf 66' lang='lat' dir='ltr'>,geram,</span> <span class='ocrx_word' id='word_1_249' title='bbox 282 2218 513 2270; x_wconf 87' lang='lat' dir='ltr'>definiens</span> <span class='ocrx_word' id='word_1_250' title='bbox 558 2222 964 2283; x_wconf 87' lang='lat' dir='ltr'>persecutionem,</span> <span class='ocrx_word' id='word_1_251' title='bbox 1021 2239 1154 2286; x_wconf 86' lang='lat' dir='ltr'>quam</span> <span class='ocrx_word' id='word_1_252' title='bbox 1203 2232 1389 2270; x_wconf 85' lang='lat' dir='ltr'>constat</span> <span class='ocrx_word' id='word_1_253' title='bbox 1434 2241 1527 2271; x_wconf 86' lang='lat' dir='ltr'>non</span> <span class='ocrx_word' id='word_1_254' title='bbox 1575 2240 1686 2272; x_wconf 77' lang='lat' dir='ltr'>esse</span> 
     </span>
     <span class='ocr_line' id='line_1_31' title="bbox 30 2289 1679 2355; baseline 0.001 -14"><span class='ocrx_word' id='word_1_255' title='bbox 30 2289 345 2355; x_wconf 67' lang='lat' dir='ltr'>‘fugiendam‚</span> <span class='ocrx_word' id='word_1_256' title='bbox 407 2289 606 2354; x_wconf 83' lang='lat' dir='ltr'>proinde</span> <span class='ocrx_word' id='word_1_257' title='bbox 653 2307 742 2338; x_wconf 87' lang='lat' dir='ltr'>nec</span> <span class='ocrx_word' id='word_1_258' title='bbox 787 2291 1124 2341; x_wconf 85' lang='lat' dir='ltr'>redimendam.</span> <span class='ocrx_word' id='word_1_259' title='bbox 1203 2293 1410 2341; x_wconf 88' lang='lat' dir='ltr'>Pretium</span> <span class='ocrx_word' id='word_1_260' title='bbox 1457 2296 1679 2344; x_wconf 85' lang='lat' dir='ltr'>interest.</span> 
     </span>
     <span class='ocr_line' id='line_1_32' title="bbox 31 2360 1684 2428; baseline 0.002 -19"><span class='ocrx_word' id='word_1_261' title='bbox 31 2360 275 2415; x_wconf 59' lang='lat' dir='ltr'>*Ceterum</span> <span class='ocrx_word' id='word_1_262' title='bbox 312 2362 438 2412; x_wconf 80' lang='lat' dir='ltr'>sicut</span> <span class='ocrx_word' id='word_1_263' title='bbox 473 2362 586 2426; x_wconf 84' lang='lat' dir='ltr'>fuga</span> <span class='ocrx_word' id='word_1_264' title='bbox 623 2362 886 2427; x_wconf 84' lang='lat' dir='ltr'>redemptio</span> <span class='ocrx_word' id='word_1_265' title='bbox 926 2366 1130 2427; x_wconf 85' lang='lat' dir='ltr'>gratuita</span> <span class='ocrx_word' id='word_1_266' title='bbox 1171 2373 1264 2421; x_wconf 87' lang='lat' dir='ltr'>est,</span> <span class='ocrx_word' id='word_1_267' title='bbox 1313 2365 1376 2411; x_wconf 85' lang='lat' dir='ltr'>ita</span> <span class='ocrx_word' id='word_1_268' title='bbox 1417 2365 1684 2428; x_wconf 85' lang='lat' dir='ltr'>redemptio</span> 
     </span>
     <span class='ocr_line' id='line_1_33' title="bbox 29 2432 1684 2496; baseline 0.001 -15"><span class='ocrx_word' id='word_1_269' title='bbox 29 2432 304 2489; x_wconf 71' lang='lat' dir='ltr'>·nummat·ia</span> <span class='ocrx_word' id='word_1_270' title='bbox 334 2433 445 2496; x_wconf 85' lang='lat' dir='ltr'>fuga</span> <span class='ocrx_word' id='word_1_271' title='bbox 477 2442 572 2490; x_wconf 82' lang='lat' dir='ltr'>est3</span> <span class='ocrx_word' id='word_1_272' title='bbox 614 2442 747 2480; x_wconf 89' lang='lat' dir='ltr'>certe</span> <span class='ocrx_word' id='word_1_273' title='bbox 781 2443 828 2480; x_wconf 90' lang='lat' dir='ltr'>et</span> <span class='ocrx_word' id='word_1_274' title='bbox 860 2434 993 2481; x_wconf 91' lang='lat' dir='ltr'>huius</span> <span class='ocrx_word' id='word_1_275' title='bbox 1026 2434 1288 2485; x_wconf 87' lang='lat' dir='ltr'>timiditatis</span> <span class='ocrx_word' id='word_1_276' title='bbox 1314 2435 1559 2481; x_wconf 88' lang='lat' dir='ltr'>consilium</span> <span class='ocrx_word' id='word_1_277' title='bbox 1585 2444 1684 2494; x_wconf 84' lang='lat' dir='ltr'>est-3</span> 
     </span>
     <span class='ocr_line' id='line_1_34' title="bbox 31 2501 1684 2568; baseline 0.002 -19"><span class='ocrx_word' id='word_1_278' title='bbox 31 2501 176 2567; x_wconf 62' lang='lat' dir='ltr'>quod</span> <span class='ocrx_word' id='word_1_279' title='bbox 207 2504 366 2560; x_wconf 87' lang='lat' dir='ltr'>times,</span> <span class='ocrx_word' id='word_1_280' title='bbox 414 2501 628 2561; x_wconf 89' lang='lat' dir='ltr'>redimis,</span> <span class='ocrx_word' id='word_1_281' title='bbox 678 2520 795 2566; x_wconf 84' lang='lat' dir='ltr'>ergo</span> <span class='ocrx_word' id='word_1_282' title='bbox 828 2505 977 2568; x_wconf 77' lang='lat' dir='ltr'>sugi53</span> <span class='ocrx_word' id='word_1_283' title='bbox 1036 2504 1234 2567; x_wconf 86' lang='lat' dir='ltr'>pedibus</span> <span class='ocrx_word' id='word_1_284' title='bbox 1267 2505 1464 2562; x_wconf 87' lang='lat' dir='ltr'>stetisti,</span> <span class='ocrx_word' id='word_1_285' title='bbox 1514 2522 1684 2553; x_wconf 81' lang='lat' dir='ltr'>cueur-</span> 
     </span>
     <span class='ocr_line' id='line_1_35' title="bbox 29 2572 1683 2639; baseline 0 -16"><span class='ocrx_word' id='word_1_286' title='bbox 29 2572 157 2627; x_wconf 46' lang='lat' dir='ltr'>§isti</span> <span class='ocrx_word' id='word_1_287' title='bbox 201 2573 422 2632; x_wconf 85' lang='lat' dir='ltr'>nummis;</span> <span class='ocrx_word' id='word_1_288' title='bbox 479 2574 568 2621; x_wconf 87' lang='lat' dir='ltr'>hoc</span> <span class='ocrx_word' id='word_1_289' title='bbox 614 2575 787 2636; x_wconf 89' lang='lat' dir='ltr'>ipsum,</span> <span class='ocrx_word' id='word_1_290' title='bbox 836 2573 959 2637; x_wconf 91' lang='lat' dir='ltr'>quod</span> <span class='ocrx_word' id='word_1_291' title='bbox 1007 2575 1180 2621; x_wconf 88' lang='lat' dir='ltr'>stetisti</span> <span class='ocrx_word' id='word_1_292' title='bbox 1227 2590 1287 2621; x_wconf 79' lang='lat' dir='ltr'>ex</span> <span class='ocrx_word' id='word_1_293' title='bbox 1332 2575 1683 2639; x_wconf 86' lang='lat' dir='ltr'>redemptione,</span> 
     </span>
     <span class='ocr_line' id='line_1_36' title="bbox 30 2641 1683 2711; baseline 0.002 -21"><span class='ocrx_word' id='word_1_294' title='bbox 30 2642 231 2707; x_wconf 68' lang='lat' dir='ltr'>lfugisti.</span> <span class='ocrx_word' id='word_1_295' title='bbox 307 2641 369 2690; x_wconf 91' lang='lat' dir='ltr'>Ut</span> <span class='ocrx_word' id='word_1_296' title='bbox 408 2653 560 2691; x_wconf 88' lang='lat' dir='ltr'>autem</span> <span class='ocrx_word' id='word_1_297' title='bbox 602 2643 807 2691; x_wconf 89' lang='lat' dir='ltr'>redimas</span> <span class='ocrx_word' id='word_1_298' title='bbox 846 2645 1078 2692; x_wconf 88' lang='lat' dir='ltr'>hominem</span> <span class='ocrx_word' id='word_1_299' title='bbox 1121 2654 1245 2692; x_wconf 92' lang='lat' dir='ltr'>tuum</span> <span class='ocrx_word' id='word_1_300' title='bbox 1280 2647 1497 2704; x_wconf 90' lang='lat' dir='ltr'>nummis,</span> <span class='ocrx_word' id='word_1_301' title='bbox 1545 2663 1683 2711; x_wconf 88' lang='lat' dir='ltr'>quem</span> 
     </span>
     <span class='ocr_line' id='line_1_37' title="bbox 53 2713 1685 2778; baseline 0.002 -17"><span class='ocrx_word' id='word_1_302' title='bbox 53 2714 280 2776; x_wconf 65' lang='lat' dir='ltr'>sanguine</span> <span class='ocrx_word' id='word_1_303' title='bbox 326 2729 410 2759; x_wconf 91' lang='lat' dir='ltr'>suo</span> <span class='ocrx_word' id='word_1_304' title='bbox 457 2713 660 2761; x_wconf 89' lang='lat' dir='ltr'>redemit</span> <span class='ocrx_word' id='word_1_305' title='bbox 707 2714 949 2772; x_wconf 87' lang='lat' dir='ltr'>Christus,</span> <span class='ocrx_word' id='word_1_306' title='bbox 1012 2732 1146 2778; x_wconf 84' lang='lat' dir='ltr'>quam</span> <span class='ocrx_word' id='word_1_307' title='bbox 1200 2714 1439 2778; x_wconf 84' lang='lat' dir='ltr'>iudignum</span> <span class='ocrx_word' id='word_1_308' title='bbox 1497 2717 1587 2764; x_wconf 89' lang='lat' dir='ltr'>deo</span> <span class='ocrx_word' id='word_1_309' title='bbox 1635 2727 1685 2765; x_wconf 84' lang='lat' dir='ltr'>et</span> 
     </span>
     <span class='ocr_line' id='line_1_38' title="bbox 32 2781 1679 2850; baseline 0.003 -20"><span class='ocrx_word' id='word_1_310' title='bbox 32 2781 362 2845; x_wconf 74' lang='lat' dir='ltr'>dispositione</span> <span class='ocrx_word' id='word_1_311' title='bbox 409 2785 534 2840; x_wconf 90' lang='lat' dir='ltr'>eius,</span> <span class='ocrx_word' id='word_1_312' title='bbox 591 2786 666 2846; x_wconf 89' lang='lat' dir='ltr'>qui</span> <span class='ocrx_word' id='word_1_313' title='bbox 693 2786 737 2842; x_wconf 78' lang='lat'>⁴)</span> <span class='ocrx_word' id='word_1_314' title='bbox 780 2785 875 2831; x_wconf 84' lang='lat' dir='ltr'>filio</span> <span class='ocrx_word' id='word_1_315' title='bbox 916 2802 999 2831; x_wconf 92' lang='lat' dir='ltr'>suo</span> <span class='ocrx_word' id='word_1_316' title='bbox 1041 2803 1131 2831; x_wconf 89' lang='lat' dir='ltr'>non</span> <span class='ocrx_word' id='word_1_317' title='bbox 1172 2788 1382 2848; x_wconf 85' lang='lat' dir='ltr'>pepercit</span> <span class='ocrx_word' id='word_1_318' title='bbox 1419 2804 1505 2850; x_wconf 91' lang='lat' dir='ltr'>pro</span> <span class='ocrx_word' id='word_1_319' title='bbox 1539 2797 1609 2846; x_wconf 89' lang='lat' dir='ltr'>te,</span> <span class='ocrx_word' id='word_1_320' title='bbox 1634 2789 1679 2845; x_wconf 86' lang='lat'>⁵)</span> 
     </span>
     <span class='ocr_line' id='line_1_39' title="bbox 54 2851 1683 2922; baseline 0.004 -23"><span class='ocrx_word' id='word_1_321' title='bbox 54 2855 106 2899; x_wconf 74' lang='lat' dir='ltr'>nt</span> <span class='ocrx_word' id='word_1_322' title='bbox 142 2851 281 2899; x_wconf 86' lang='lat' dir='ltr'>fieret</span> <span class='ocrx_word' id='word_1_323' title='bbox 318 2852 611 2899; x_wconf 85' lang='lat' dir='ltr'>maledictum</span> <span class='ocrx_word' id='word_1_324' title='bbox 650 2870 736 2917; x_wconf 83' lang='lat' dir='ltr'>pro</span> <span class='ocrx_word' id='word_1_325' title='bbox 775 2855 933 2912; x_wconf 72' lang='lat' dir='ltr'>nobis,</span> <span class='ocrx_word' id='word_1_326' title='bbox 984 2857 1089 2918; x_wconf 86' lang='lat' dir='ltr'>quia</span> <span class='ocrx_word' id='word_1_327' title='bbox 1130 2855 1426 2915; x_wconf 88' lang='lat' dir='ltr'>maledictus,</span> <span class='ocrx_word' id='word_1_328' title='bbox 1477 2859 1554 2922; x_wconf 94' lang='lat' dir='ltr'>qui</span> <span class='ocrx_word' id='word_1_329' title='bbox 1600 2875 1683 2922; x_wconf 92' lang='lat' dir='ltr'>pe-</span> 
     </span>
    </p>
   </div>
   <div class='ocr_carea' id='block_1_5' title="bbox 43 2967 116 2991">
    <p class='ocr_par' dir='ltr' id='par_1_6' title="bbox 43 2967 116 2991">
     <span class='ocr_line' id='line_1_40' title="bbox 43 2967 116 2991; baseline 0.014 -1"><span class='ocrx_word' id='word_1_330' title='bbox 43 2967 58 2990; x_wconf 55' lang='grc' dir='ltr'>ἱ</span> <span class='ocrx_word' id='word_1_331' title='bbox 110 2987 116 2991; x_wconf 64' lang='grc'>,</span> 
     </span>
    </p>
   </div>
   <div class='ocr_carea' id='block_1_6' title="bbox 53 3021 1684 3131">
    <p class='ocr_par' dir='ltr' id='par_1_7' title="bbox 53 3021 1684 3131">
     <span class='ocr_line' id='line_1_41' title="bbox 55 3021 1684 3078; baseline 0.006 -22"><span class='ocrx_word' id='word_1_332' title='bbox 55 3044 69 3073; x_wconf 84' lang='lat'>·;</span> <span class='ocrx_word' id='word_1_333' title='bbox 170 3021 214 3069; x_wconf 89' lang='lat'>1)</span> <span class='ocrx_word' id='word_1_334' title='bbox 246 3022 304 3058; x_wconf 83' lang='grc' dir='ltr'>ιο.</span> <span class='ocrx_word' id='word_1_335' title='bbox 328 3022 394 3068; x_wconf 89' lang='lat'>10,</span> <span class='ocrx_word' id='word_1_336' title='bbox 435 3022 500 3059; x_wconf 86' lang='lat'>12.</span> <span class='ocrx_word' id='word_1_337' title='bbox 645 3023 688 3063; x_wconf 72' lang='lat'>2)</span> <span class='ocrx_word' id='word_1_338' title='bbox 723 3023 871 3061; x_wconf 75' lang='lat' dir='ltr'>Matth.</span> <span class='ocrx_word' id='word_1_339' title='bbox 900 3025 965 3072; x_wconf 86' lang='lat'>13,</span> <span class='ocrx_word' id='word_1_340' title='bbox 1001 3027 1066 3063; x_wconf 87' lang='lat'>12.</span> <span class='ocrx_word' id='word_1_341' title='bbox 1110 3027 1176 3075; x_wconf 83' lang='lat'>25,</span> <span class='ocrx_word' id='word_1_342' title='bbox 1203 3028 1270 3066; x_wconf 82' lang='lat'>29.</span> <span class='ocrx_word' id='word_1_343' title='bbox 1418 3029 1462 3078; x_wconf 76' lang='lat' dir='ltr'>a)</span> <span class='ocrx_word' id='word_1_344' title='bbox 1497 3041 1531 3066; x_wconf 85' lang='lat' dir='ltr'>c.</span> <span class='ocrx_word' id='word_1_345' title='bbox 1551 3030 1615 3078; x_wconf 84' lang='lat'>13,</span> <span class='ocrx_word' id='word_1_346' title='bbox 1644 3031 1684 3068; x_wconf 83' lang='grc' dir='ltr'>τ.</span> 
     </span>
     <span class='ocr_line' id='line_1_42' title="bbox 53 3075 831 3131; baseline 0.003 -17"><span class='ocrx_word' id='word_1_347' title='bbox 53 3075 104 3131; x_wconf 53' lang='grc' dir='ltr'>ἢ)</span> <span class='ocrx_word' id='word_1_348' title='bbox 131 3077 249 3115; x_wconf 87' lang='lat' dir='ltr'>Rom.</span> <span class='ocrx_word' id='word_1_349' title='bbox 267 3078 305 3124; x_wconf 88' lang='lat'>8,</span> <span class='ocrx_word' id='word_1_350' title='bbox 324 3078 389 3114; x_wconf 84' lang='lat'>32.</span> <span class='ocrx_word' id='word_1_351' title='bbox 507 3078 550 3127; x_wconf 85' lang='lat'>5)</span> <span class='ocrx_word' id='word_1_352' title='bbox 582 3078 674 3114; x_wconf 71' lang='lat' dir='ltr'>Gal.</span> <span class='ocrx_word' id='word_1_353' title='bbox 695 3079 735 3126; x_wconf 81' lang='lat'>3,</span> <span class='ocrx_word' id='word_1_354' title='bbox 768 3081 831 3117; x_wconf 75' lang='lat'>13.</span> 
     </span>
    </p>
   </div>
  </div>
 </body>
</html>
